5017 5592
690 639 760 719 ot
780 638 909 738 Jutttc
929 593 1194 716 crassato
1214 583 1818 721 tatutntnmnuon.
1912 672 1999 750 -149

512 821 680 898 adhibere
694 820 852 905 debcant,
873 821 906 894 dt
930 823 1005 918 quis
1029 816 1329 893 controversiarum
1352 819 1428 891 inde
1446 843 1597 896 orcarum
1615 821 1716 919 judex
1733 823 1858 899 exiliat.
1908 830 1994 903 Hac

509 929 625 1019 capita
645 922 799 1015 genuinis
821 921 1025 1010 argumentis
1041 920 1084 988 ira
1104 915 1272 989 elucidare
1289 917 1506 1001 adlaborabo,
1530 943 1568 992 ut
1593 924 1693 992 variis
1715 925 1824 1017 iisque
1846 926 1880 994 in
1900 928 1994 1020 prati

509 1046 581 1091 non
598 1021 756 1110 exiguum
774 1016 935 1115 punllum
958 1014 1154 1087 habentibus
1171 1011 1405 1110 quaellionibus
1421 1013 1540 1090 faciam
1554 1014 1649 1101 satis,
1665 1044 1702 1093 ac
1720 1023 1755 1093 itt
1768 1020 1924 1095 omnibus
1938 1047 1995 1098 me

510 1118 597 1189 nulli
613 1120 704 1216 parti
720 1111 925 1214 praepollere
942 1109 1005 1187 effe
1021 1108 1192 1184 addillum
1212 1112 1482 1189 commonstrent.

983 1327 1360 1486 catut
1429 1359 1505 1468 tt.

580 1565 734 1671 Utrum
761 1578 1028 1671 Concordata
1059 1581 1297 1769 Gefmfflae
1328 1582 1409 1690 Jttti
1435 1583 1723 1674 Primatiarum
1750 1584 1930 1673 Prccum

600 1731 605 1744 ¹
1180 1716 1204 1769 0
1264 1710 1338 1772 ent.

1220 1910 1251 2000 §.
1288 1904 1319 1983 l.

514 1994 573 2168 In
594 2093 708 2192 primo
723 2097 843 2192 Capite
857 2094 924 2191 jam
940 2096 1092 2192 quedam
1116 2097 1191 2173 l'unt
1211 2096 1389 2194 congesta,
1418 2103 1513 2196 queis
1535 2098 1624 2173 haud
1646 2094 1784 2175 obscure
1807 2100 1994 2187 intimatur,

517 2193 727 2267 Concordata
754 2189 953 2267 Germanice
971 2196 1017 2265 i'li
1038 2196 1104 2285 juri
1128 2197 1282 2279 obllare,
1307 2221 1363 2268 aut
1386 2195 1498 2270 saltem
1521 2223 1594 2269 tum
1616 2196 1790 2271 obstitisse:
1814 2226 1889 2271 cum
1913 2225 1995 2273 cero

516 2293 588 2364 hac
603 2291 799 2364 momentost
824 2297 1010 2384 argumenti
1027 2290 1118 2365 ledes
1137 2321 1202 2366 noo
1226 2295 1403 2368 temnenda
1421 2300 1475 2366 uni
1493 2298 1630 2366 alterive
1646 2300 1753 2389 parti,
1774 2297 1923 2368 Pontifici
1941 2297 1995 2368 vel
2086 2301 2094 2312 “

518 2386 657 2469 Cassii,
677 2386 805 2461 inferre
828 2391 977 2460 rideatur
995 2393 1215 2485 praejudicia,¹
1232 2415 1335 2489 prout
1357 2398 1388 2463 in
1413 2397 1511 2464 unius
1535 2394 1711 2463 alteriusve
1737 2387 1886 2464 favorem
1909 2399 1997 2467 veri·

518 2513 571 2559 tas
589 2483 621 2558 se
643 2490 848 2582 apertiorem
871 2487 1075 2571 reddiderim
1101 2490 1178 2560 hinc
1199 2491 1347 2564 uberiori
1371 2492 1441 2585 ejus
1468 2494 1518 2563 rei
1542 2487 1760 2583 disquisttioni
1782 2490 1892 2561 locum
1917 2515 1997 2562 con·

517 2585 635 2655 cedere
654 2586 742 2657 haud
764 2582 1042 2680 supcrvacaneum
1061 2590 1125 2658 erit
1144 2610 1152 2656 ε
1179 2589 1414 2668 Concoctlaris',
1435 2585 1458 2657 h
1486 2615 1534 2660 uae
1550 2591 1644 2683 prius
1660 2612 1795 2684 recepta
1817 2583 1899 2670 fuit,
1918 2614 1996 2660 con·

517 2679 724 2753 suetudinem
742 2706 857 2778 pteces
875 2684 1051 2777 primarias
1072 2683 1237 2775 dirigendi
1257 2686 1416 2758 sublatam
1432 2613 1513 2765 elle,
1537 2707 1710 2765 autumat,
1734 2706 1837 2780 utque
1863 2681 1995 2775 probet,

519 2803 635 2852 omues
653 2804 772 2851 nectos
789 2779 932 2851 intendit
949 2782 1122 2871 Conradus
1139 2786 1317 2875 Oligenius
1332 2784 1475 2853 larvatus
1498 2780 1539 2949 a?
1564 2805 1664 2878 quern
1684 2778 1815 2878 Jullum
1838 2786 1997 2853 Fontani·

518 2902 600 2948 num
619 2877 740 2949 eruditi
762 2879 918 2956 credunt,
944 2877 1098 2948 Clemens
1123 2882 1179 2950 xt.
1208 2877 1360 2953 Pontifex
1383 2882 1488 2951 literis
1527 2882 1577 2949 uis
1599 2880 1637 2948 acl
1659 2879 1997 2974 Capitulumllilde·

519 2969 618 3046 fienl'c
640 2974 723 3046 datis
747 2973 891 3070 idipsum
916 2969 1049 3044 asseruit
1072 2979 1108 3065 l)
1134 2980 1181 3047 uti
1207 2979 1239 3049 dt
1270 2981 1461 3049 Pauluccius
1492 2977 1678 3048 Cardiualic
1702 2978 1734 3065 t)
1763 3003 1821 3047 nec
1848 3003 1913 3047 non
1937 2977 1994 3049 alii

521 3070 698 3167 scriptores
722 3071 875 3143 catholici
899 3071 932 3142 id
965 3068 1151 3153 ittliuuaut,
1176 3074 1256 3145 dttm
1278 3102 1340 3173 per
1372 3076 1498 3147 indulta
1524 3074 1741 3145 Concordatis
1768 3074 1922 3167 derogari
1948 3076 1998 3146 di·

520 3193 608 3241 cunt.
635 3174 668 3258 d)
696 3174 734 3240 ln
759 3174 960 3241 contrariam
978 3195 1058 3239 vero
1086 3168 1280 3245 sententiam
1303 3175 1357 3243 alii
1386 3198 1458 3243 tum
1480 3199 1517 3243 cx
1539 3172 1738 3252 Catholicis,
1762 3198 1837 3243 cum
1860 3199 1899 3243 ex
1918 3178 1996 3243 Pro·
2041 3179 2045 3184 '

521 3264 711 3339 cellentibus
734 3279 768 3352 r)
796 3265 986 3339 rudioribus
1011 3267 1207 3341 concedunt.
1259 3281 1346 3343 Ante
1370 3274 1545 3366 utriusque
1568 3273 1737 3365 opinionis
1765 3294 1933 3342 momenta
1963 3270 1996 3344 dt

520 3368 633 3458 primo
647 3367 818 3459 negantis,
841 3366 961 3438 deinde
977 3361 1170 3435 affirmantis
1187 3368 1365 3451 adducam,
1395 3393 1494 3465 quam
1516 3366 1799 3438 observationibus
1816 3369 1847 3439 tit
1864 3368 1997 3465 refpott·

519 3461 683 3629 fiouisbus,
703 3487 742 3535 ert
764 3487 875 3537 mente
898 3462 1099 3560 scriptorum
1121 3460 1359 3550 offerentium,¹
1374 3490 1568 3560 argumenta
1593 3468 1784 3558 negantium
1811 3462 1998 3539 confutatu·

518 3584 575 3632 rus
603 3585 662 3632 tm.

560 3699 595 3767 a)
615 3643 742 3759 ditem
761 3692 872 3774 saepius
888 3694 941 3766 cit,
956 3700 980 3774 ξ.
997 3695 1103 3761 XXX.
1114 3694 1147 3759 &
1165 3696 1225 3778 seq.
1245 3716 1275 3777 p.
1289 3711 1339 3777 25.
1357 3696 1412 3760 ubi
1427 3695 1548 3776 inquit:
1573 3689 1713 3774 “ltaque
1728 3690 1822 3775 liquat
1837 3690 1998 3774 irrepserat

634 3775 833 3837 consuetudo
848 3776 1059 3855 primariatum
1079 3798 1206 3861 precum
1221 3791 1282 3841 tem
1309 3797 1383 3850 ote,
1417 3797 1482 3859 quo
1509 3776 1665 3859 Principes
1687 3777 1863 3839 Germaniae
1886 3786 1998 3840 contre

616 3855 683 3921 ,las
699 3856 875 3920 elestiones
894 3862 1061 3923 canonicas
1075 3862 1253 3924 invaserant
1326 3859 1475 3940 sotejam
1491 3857 1605 3922 didlam
1627 3859 1849 3931 concordiam
1885 3857 1998 3920 diluci-

635 3939 711 4002 dum
728 3938 767 4002 fit
781 3958 837 4022 per
850 3939 939 4018 pasta
954 3940 1015 4021 jam
1035 3943 1129 4006 relata
1150 3943 1315 4025 subscripta
1333 3946 1370 4006 ab
1392 3942 1606 4026 imperatore,
1640 3944 1850 4019 omnibusque
1870 3937 1998 4019 imperil
2126 3944 2134 3954 ”

635 4021 820 4090 ordinibus,
849 4022 934 4084 illam
954 4021 1043 4086 luisse
1070 4026 1197 4102 penitus
1221 4027 1428 4099 eradicatam
1462 4025 1659 4088 concordata
1686 4025 1769 4085 enim
1791 4022 1859 4085 sunt
1879 4019 1998 4086 diredle

635 4101 783 4188 oppolita
797 4104 941 4181 precibus
959 4104 1199 4189 imperialibus3
1224 4109 1255 4169 in
1274 4108 1336 4169 illis
1356 4112 1437 4171 enim
1456 4121 1604 4176 cavetur,
1641 4104 1794 4168 electores
1814 4103 1997 4169 eccleltasti-

634 4186 1997 4337 ‘⁰⁸8¹²⁰lz¹¹3lsslllll‘llssussllt‘ttlssllllillillailllllll·

632 4285 711 4433 ditio
730 4287 813 4411 oilli
827 4312 985 4412 eleccione
1000 4288 1102 4426 idcir,
1119 4290 1286 4433 hogonem
1305 4315 1446 4435 precillah
1460 4291 1636 4415 bonferrec
1666 4354 1698 4413 in
1718 4353 1780 4415 illis
1799 4313 1999 4416 reservante}

638 4432 807 4494 ordinariis
819 4431 1029 4495 collatoribus
1044 4436 1168 4515 quidam
1185 4432 1321 4508 menses,
1354 4438 1386 4498 io
1403 4437 1516 4517 quibus
1532 4449 1635 4531 neque
1657 4432 1827 4498 Pontifices
1841 4431 1999 4528 Romani,

636 4512 688 4576 led
701 4515 925 4576 tantummodo
949 4516 1097 4580 ordinarii
1125 4514 1269 4580 conserte
1291 4526 1429 4596 quesnt,
1457 4517 1490 4579 dt
1517 4515 1658 4599 Capttula
1673 4517 1809 4599 eligere3
1843 4516 1928 4597 quod
1943 4533 1997 4595 Jus

637 4593 830 4660 subvertitur
849 4614 903 4678 per
916 4615 1025 4677 preces
1041 4639 1062 4673 „
1079 4597 1141 4662 dte.
1201 4596 1339 4671 Verum,
1371 4599 1455 4679 quod
1473 4598 1567 4660 habet
1582 4599 1621 4661 de
1636 4599 1843 4663 eleilionibus
1864 4599 1916 4659 hic
1928 4596 1998 4658 Au·

638 4681 709 4759 tor,
734 4676 798 4749 huc
816 4680 1045 4769 conquadrat,
1078 4680 1128 4748 scd
1150 4684 1361 4849 ignopngiam
1380 4699 1518 4768 praxeos
1532 4681 1566 4752 itt
1585 4679 1723 4767 Imperio
1744 4680 1865 4748 ulitatae
1879 4677 2001 4828 pum
