5017 5592
509 639 610 738 gna
649 673 658 694 -.
785 621 1127 708 utssuurntto
1153 625 1462 708 utstotuco-
1475 575 1716 730 Juatotca
1790 605 1828 652 ·“
1845 691 1870 730 ,.

1153 842 1188 942 t.
1236 841 1358 920 cox.

353 1018 446 1068 smne,
626 981 721 1051 Circa
741 976 887 1069 Personas
901 973 941 1048 ab
957 972 1060 1073 Asylo
1075 977 1294 1052 excludendas
1312 979 1625 1068 vel-admittendas,
1648 1004 1799 1055 tenemus
1819 982 2038 1082 inprimis,

352 1082 485 1151 atholici
510 1086 594 1182 Jure
610 1082 702 1176 Asyli
720 1079 864 1169 gaudere
882 1102 997 1148 omnes
1015 1076 1047 1147 dt
1068 1074 1210 1168 singulos
1229 1087 1397 1149 catlroltras
1415 1090 1538 1162 haras,
1557 1079 1612 1152 etii
1630 1080 1689 1152 stne
1710 1081 1931 1181 personaliter
1945 1091 2038 1154 im·

352 1173 423 1239 niel.
510 1177 664 1259 serdilli,
691 1200 746 1247 aut
767 1179 1062 1258 excommunicati,
1088 1177 1119 1245 dt
1142 1176 1266 1272 publici
1284 1177 1494 1250 Clertcorum
1518 1177 1742 1274 percussores:
1765 1181 1884 1251 nullibi
1900 1189 2028 1254 enin!

427 1339 429 1346 .
509 1282 544 1354 in
565 1279 647 1372 jure
667 1278 836 1372 reperitur
855 1274 908 1344 bic
930 1271 1152 1344 censurarum
1171 1271 1333 1359 effellus,
1356 1303 1490 1372 privans
1512 1277 1744 1351 malesaslores
1766 1281 1883 1375 Alylo.
1923 1281 2036 1351 nli-

510 1380 570 1476 qui
589 1374 628 1472 a)
655 1375 812 1468 ejicerent
833 1370 970 1465 quidem
994 1370 1157 1466 ejusmodi
1183 1372 1382 1456 homtue'm,
1403 1379 1481 1470 quia
1503 1373 1549 1446 ell
1571 1376 1759 1448 membrum
1783 1378 1933 1458 diaboli,
1960 1378 2024 1452 d:

364 1473 373 1550 ζ
509 1469 601 1560 extra
620 1472 795 1546 Ecclesiam
814 1473 939 1562 ejeclus
963 1481 1019 1556 x),
1044 1471 1085 1538 de
1104 1467 1156 1539 his
1180 1497 1289 1542 autem
1306 1497 1362 1566 qut
1379 1468 1463 1544 soris
1484 1472 1579 1562 sunt,
1605 1476 1687 1552 nibil
1710 1475 1750 1545 ad
1774 1502 1834 1546 nos
1845 1480 1898 1566 y)..
1928 1481 2019 1552 vo-

462 1617 468 1626 ·
509 1601 588 1650 rum
605 1575 681 1644 lieet
700 1569 780 1640 tales
804 1565 862 1638 snt
883 1570 1002 1662 privati
1022 1573 1271 1639 communione
1289 1573 1321 1644 F
1323 1573 1460 1642 tdelium
1481 1573 1511 1644 dt
1529 1575 1698 1642 interdtisi
1719 1572 1760 1643 ab
1779 1571 2010 1667 ingressqu·

510 1670 636 1749 clestae:
661 1672 714 1742 btc
733 1693 840 1740 tamen
856 1665 995 1738 elferius
1013 1665 1311 1740 Ceolirratumnon
1329 1672 1454 1763 obligat
1469 1697 1610 1765 urgente
1628 1675 1780 1770 periculo
1797 1676 1910 1745 damni
1922 1699 2009 1746 cor·

509 1797 607 1872 ports
626 1792 682 1841 aut
703 1792 804 1858 vttae3
830 1792 906 1837 cum
930 1765 1083 1838 Censura
1108 1764 1167 1838 lint
1194 1794 1300 1865 prenae
1323 1771 1563 1854 medicinales,
1587 1798 1654 1842 non
1674 1772 1860 1844 mo'ttales:
1885 1795 2003 1868 neque

510 1870 576 1944 tale
597 1863 792 1957 confugium
810 1866 898 1936 cedit
923 1869 956 1935 in
978 1890 1184 1938 contemtum
1206 1863 1458 1965 Jurisdislionis
1481 1868 1731 1953 Ecclefiasticae,
1750 1868 1805 1941 sed
1829 1873 1949 1968 potius
1963 1881 2005 1942 in

452 2023 463 2048 .
511 1959 732 2042 bonorem&
758 1969 978 2035 reverentiam
1001 1959 1160 2034 Ecclesiae.
1213 1968 1301 2035 Dein
1318 1965 1368 2037 vel
1385 1992 1451 2066 non
1476 1967 1677 2063 prohibetur
1702 1965 1863 2060 ingressus
1887 1968 1998 2042 Eccle-

513 2065 565 2158 fite
582 2062 783 2142 materialis,
810 2087 926 2153 negata
949 2065 1197 2144 communione
1213 2065 1406 2134 Fidelium:
1434 2065 1484 2136 vel
1506 2062 1619 2136 saltem
1640 2091 1705 2136 non
1723 2068 1940 2154 interdicitur
1951 2069 1997 2158 in·¹

511 2160 636 2259 gressus
655 2163 694 2231 ad
713 2164 848 2233 Atrium
865 2159 916 2250 vel
936 2161 1109 2232 Ambitum
1131 2163 1291 2259 Templi,
1314 2165 1353 2232 ad
1372 2165 1636 2249 Monallerium,
1655 2161 1707 2238 vel
1728 2161 1832 2240 alium
1855 2163 1995 2256 similem

510 2264 645 2354 locum,
668 2263 726 2358 qui
749 2254 997 2359 ptotcslionem
1022 2255 1293 2354 confugientibus
1311 2261 1449 2361 praebet.
1594 2257 1597 2262 ’

1099 2474 1143 2564 a.
1164 2563 1169 2570 ,
1191 2463 1376 2549 ειη

352 2633 491 2705 imam
594 2635 603 2644 ·
631 2610 719 2682 Cum
742 2603 839 2680 Bulla
864 2604 1109 2680 Gnooutt
1133 2609 1224 2678 xlv.
1246 2630 1312 2704 qua
1328 2610 1413 2706 Jura
1439 2607 1576 2704 antiqua
1599 2609 1662 2704 Jns
1681 2599 1775 2703 Asyli
1797 2625 1998 2680 mmeram-

352 2719 474 2788 :reneis
518 2707 562 2781 tit
579 2705 619 2777 ad
635 2731 735 2779 unam
751 2705 957 2778 reducuntur
976 2701 1140 2788 formant,
1166 2704 1377 2778 solummodo
1396 2712 1556 2779 Latronem
1575 2703 1674 2777 faciat
1690 2727 1922 2786 mentionem,
1941 2703 1998 2778 du·

519 2807 667 2877 bitatunt
689 2804 787 2875 multi
805 2853 815 2886 ,
834 2831 876 2876 an
899 2808 1000 2874 etiam
1028 2803 1223 2876 clericis&
1249 2803 1422 2895 Religiolis
1446 2805 1562 2877 eadem
1591 2809 1790 2875 lmntuuitts
1810 2802 1997 2899 psalletur.

516 2910 648 2976 Verum
670 2905 734 2974 Gn
748 2927 764 2968 t:
775 2922 965 2981 contus,
983 2923 1020 2971 ut
1037 2925 1075 2969 et
1089 2904 1256 2972 Prooemio
1272 2904 1375 2974 Bullae
1390 2901 1605 2983 observatur,
1630 2901 1766 2972 obviare
1786 2898 1998 2973 solummodo

352 3070 355 3077 ,
462 3005 473 3018 “
515 3003 622 3075 voluit
643 3000 810 3069 violentiis
828 3000 985 3094 Judicum
1005 2994 1229 3094 saecularium,
1246 3025 1379 3073 tenses
1397 3001 1592 3073 locislacris
1615 2998 1893 3070 abllrabentium:
1915 3002 1997 3094 quia

514 3102 621 3192 igitur
644 3097 727 3167 illud
745 3121 810 3166 non
828 3094 886 3166 nili
909 3091 1138 3186 confugientes
1154 3099 1272 3167 Laicos
1290 3091 1413 3191 tan'git3
1436 3124 1570 3170 econtra
1586 3099 1706 3169 Clerici
1723 3123 1741 3167 a
1764 3098 1923 3168 violentia
1938 3101 2000 3194 Ju-

453 3253 457 3264 .
516 3200 629 3269 dicum
645 3192 849 3267 secularium
867 3193 1000 3263 aliunde
1015 3197 1076 3263 tuti
1094 3190 1184 3278 sunt3
1202 3198 1310 3267 voluit
1327 3193 1482 3268 Pontifex
1494 3194 1675 3292 expressam
1692 3200 1870 3266 Laicorum
1886 3190 2001 3267 facete

514 3299 748 3371 mentionem:
778 3315 839 3388 per
861 3291 924 3362 boc
949 3314 1059 3362 tamen
1082 3317 1327 3389 nequaquama
1355 3293 1517 3365 beneficio
1539 3297 1631 3391 Asyli
1656 3293 1801 3364 excludit
1827 3293 2000 3379 Clericus3

514 3420 592 3469 cum
614 3397 669 3467 alii
691 3397 843 3464 canones
867 3389 1077 3482 generalibus
1093 3389 1202 3462 verbis
1224 3415 1378 3475 utantur,
1404 3394 1574 3464 &Clerici
1599 3418 1665 3462 non
1689 3391 1830 3463 debeant
1855 3387 1921 3462 else
1944 3414 2003 3486 pe·

516 3495 601 3592 juris
616 3491 835 3571 conditionis,
857 3514 957 3585 quam
972 3491 1062 3560 Laici
1079 3515 1087 3557 ε
1114 3489 1299 3584 prasertim
1317 3517 1392 3561 cum
1410 3494 1478 3561 haec
1494 3496 1691 3562 immunitas
1707 3483 1855 3560 concessa
1872 3485 1911 3559 stt
1923 3486 2001 3585 ipsit

369 3671 371 3676 ,
516 3588 689 3671 Ecclefiis,
710 3590 849 3684 aliisque
869 3590 950 3659 locis
973 3587 1071 3658 sacris
1094 3613 1238 3684 propter
1261 3597 1481 3660 reverentiam
1502 3591 1533 3660 dt
1557 3591 1720 3659 bonorem
1739 3584 1815 3680 ipss
1839 3585 2003 3669 debitum,

517 3694 576 3787 qui
603 3692 702 3786 proin
719 3712 827 3781 neque
848 3712 910 3781 per
930 3686 1167 3759 extrallionem
1185 3689 1307 3758 Clerici
1323 3689 1439 3759 violari
1456 3689 1566 3759 debet.
1619 3686 1764 3756 Aliunde
1780 3682 1921 3780 quidem
1936 3708 2002 3758 non

518 3790 643 3863 babent
657 3788 800 3863 Clerici,
824 3785 914 3879 quod
931 3812 948 3853 a
964 3786 1203 3881 Superioribus
1225 3785 1290 3855 lins
1313 3785 1541 3861 Ecclesiasticis
1565 3789 1703 3856 timeant
1720 3807 1854 3879 prauam
1878 3786 2002 3854 mortis

520 3911 577 3959 aut
593 3884 830 3957 mutilationis:
859 3885 1077 3953 nibilominus
1103 3881 1300 3954 beneficium
1323 3884 1416 3982 Asyli
1441 3889 1541 3956 etiam
1557 3884 1597 3953 ab
1620 3886 1692 3951 aliis
1720 3878 1877 3973 gravibus
1893 3883 2004 3978 paenis

521 3984 659 4065 liberat,
679 3985 718 4052 ad
738 4005 819 4076 quas
836 3981 959 4053 Clerici
980 3984 1195 4054 condemnari
1219 3979 1369 4080 possunt3
1395 3986 1545 4082 altosque
1567 3977 1707 4056 effessus
1730 3975 1881 4078 prestat,
1902 3985 2006 4054 etiam

521 4080 855 4178 Clericisoptandos.

1721 4249 1747 4286 „
1815 4125 2010 4286 §.cnxttss

563 4369 602 4452 tt)
624 4319 733 4432 Ainor
754 4363 861 4449 Gloffoe
876 4363 919 4428 ed
946 4359 1100 4429 Sardinia.
1122 4364 1280 4451 stagnat.
1307 4365 1428 4430 Gallia.
1455 4366 1504 4429 rit.
1530 4364 1568 4428 de
1593 4362 1770 4442 Interdiffr's
1792 4357 2012 4446 indtffarettter

638 4471 699 4514 non
719 4453 875 4531 portendis.
901 4444 936 4510 V.
959 4453 1037 4511 inde.
1051 4444 1110 4530 sol.
1125 4461 1195 4532 798.
1215 4450 1293 4534 seqq.

566 4572 607 4653 x)
635 4570 666 4633 C.
680 4587 729 4649 32.
748 4567 807 4630 Xl.
827 4587 854 4646 q.
868 4585 898 4646 3.
935 4565 1087 4633 Videntur
1103 4570 1164 4636 stac
1188 4568 1360 4653 conformia
1380 4562 1531 4651 discursui
1552 4563 1585 4631 S.
1605 4563 2012 4651 Cunraossouxstt·

635 4671 697 4738 pra
724 4650 794 4731 (lep.
818 4646 848 4708 V
851 4649 873 4711 s.
899 4646 1020 4733 §.144
1313 4679 1317 4684 ·

564 4774 603 4858 y)
626 4771 659 4839 C.
672 4781 703 4849 8.
718 4770 756 4836 dr
768 4766 933 4837 Divertit't.
