5017 5592
471 511 476 518 ⁸
568 573 645 656 on
663 574 928 678 nouorum
940 507 1330 678 recensitarum
1358 575 1644 670 nortuum
1657 516 1904 699 connucr.
1930 565 2002 689 ⁶33
2075 507 2079 514 ’
2132 505 2141 524 ’

635 758 847 906 praecipitque
862 757 1059 841 aliquantenus
1077 778 1143 823 non
1161 767 1280 826 tenere.
1324 757 1446 838 Quodli
1462 779 1647 843 perannum
1664 763 1761 848 hujus
1774 763 2001 831 nostreecou·
2076 715 2081 736 Ι
2130 821 2139 832 ,

665 844 811 906 itutionie
827 844 953 907 inventi
975 842 1094 907 fuerint
1112 852 1372 927 contemptores,
1409 845 1502 907 bona.
1523 866 1636 910 eorum
1656 867 1711 930 per
1729 859 1839 913 totum
1857 846 2000 934 politum

636 923 807 1006 Imperium
826 926 1010 989 mandamur
1029 929 1157 1009 impune
1175 928 1214 990 ab
1227 927 1376 990 omuibus
1395 930 1562 1011 occupari,
1593 928 1689 995 selvie
1703 930 1912 996 nihilominus
1926 932 1998 998 elue

636 1009 750 1091 poenit
767 1018 879 1072 contra
895 991 976 1071 teies
996 1010 1029 1073 iu
1048 1010 1188 1092 generali
1202 1010 1350 1073 Concilio
1365 1012 1587 1093 promulgatis.
1906 1011 1917 1024 ‘

684 1124 767 1189 Item
779 1126 866 1190 nulla
882 1126 1021 1191 Potestne
1041 1126 1095 1191 vel
1108 1125 1241 1192 Persona
1253 1127 1379 1210 puirliee
1392 1128 1446 1191 vel
1458 1131 1582 1212 private
1600 1127 1753 1195 collestea
1770 1129 1838 1195 five
1850 1130 1998 1200 exertio-

634 1227 691 1276 ω
714 1212 857 1310 angariae
874 1211 929 1273 vel
948 1212 1148 1309 perangnriaa
1170 1208 1318 1275 Eccleiiir
1337 1211 1394 1274 vel
1416 1211 1567 1312 aliiapiie
1588 1213 1670 1277 locis
1692 1227 1748 1277 eut
1771 1211 1996 1278 Ecclefiestirie

633 1291 1997 1468 ftllssluttzlltr,titilt‘tl‘tt‘rttltltt‘tttildidtpll‘liliu

632 1460 720 1540 plum
734 1457 917 1533 refundant,
937 1456 972 1521 dr
987 1456 1194 1523 nihilominus
1209 1460 1316 1523 benno
1329 1456 1488 1541 Imperiali
1503 1458 1700 1542 subjaceant,
1719 1462 1808 1545 qnod
1819 1462 1938 1545 absque
1947 1457 1995 1524 l'a·

632 1541 817 1609 tisl'eitione
830 1541 935 1606 debite
950 1541 1132 1605 nullatenne
1145 1545 1325 1607 remittatur
1344 1539 1407 1606 dre.
1428 1538 1493 1614 dte.

1105 1740 1141 1825 ς.
1187 1734 1395 1813 xxvlll.

631 1865 698 1943 Sed
713 1890 795 1941 vero
809 1866 983 1943 recruduit
1000 1867 1178 1967 pristinum
1195 1863 1338 1953 'nulnum
1358 1867 1553 1942 revixerunt
1566 1866 1725 1968 pristinae
1749 1865 1996 1970 usurpetionet.

509 1960 716 2063 rursumque
734 1970 867 2060 exigere
884 1965 925 2040 ab
947 1965 1098 2042 Ecclefiie
1123 1967 1250 2042 tribute
1266 1988 1452 2063 coeperunt
1467 1970 1628 2043 Precerer
1648 1973 1791 2070 imperii
1810 1967 1996 2046 sereniores

472 2113 482 2120 --
511 2063 641 2161 aliique
659 2068 798 2137 Domini
812 2065 1032 2165 potentioree.
1080 2071 1375 2162 Regenerereruut
1389 2061 1570 2139 invasiones
1582 2064 1659 2140 iliae
1680 2071 1833 2165 partitae.
1848 2065 1993 2142 ertindie
2041 2151 2051 2174 x

510 2159 619 2260 stirpe
640 2161 1147 2260 Caesareo·Hoheuilauffenfi‚
1172 2160 1352 2237 Caesarum
1373 2158 1588 2248 aleatores,
1608 2169 1822 2240 nutriverunt
1839 2190 1921 2240 reru
1937 2190 1995 2242 eae

510 2258 679 2358 effraenes
696 2286 816 2335 eorum
832 2286 1025 2358 temporum
1047 2258 1288 2344 diffidationea,
1309 2259 1430 2358 quibus
1445 2266 1553 2356 Leges
1569 2265 1672 2338 eriam
1691 2260 1904 2339 seniiiisrurae
1921 2261 1992 2337 sus·

511 2381 584 2532 ane
599 2359 708 2459 deque
723 2359 946 2443 habebantur,
964 2385 1133 2459 omneque
1149 2361 1203 2458 jus
1219 2363 1254 2431 iu
1278 2357 1479 2434 manibus&
1501 2362 1605 2434 armis
1624 2361 1859 2461 quaerebatur.
1907 2363 1995 2435 Tri-⁸

544 2453 657 2532 iffimis
672 2458 763 2533 hisce
776 2456 984 2555 temporibue
1006 2459 1209 2553 ejuscemodi
1230 2453 1437 2531 tributorum
1458 2456 1645 2532 exaltionee
1666 2464 1701 2534 in
1721 2462 1869 2536 minimis
1882 2460 2019 2554 editur¹

486 2531 612 2631 'melle
627 2581 740 2643 erant,
760 2582 846 2657 quae
861 2554 1013 2633 Ecclefiia
1034 2582 1055 2630 a
1077 2556 1221 2633 statibus
1237 2559 1379 2654 lmperii
1395 2557 1504 2631 Laieir
1525 2553 1770 2635 inferebaniur.

469 2788 479 2796 .
633 2729 793 2802 Graviter
812 2752 909 2800 more
930 2724 990 2801 suo
1008 2723 1162 2802 edversue
1186 2725 1247 2801 har
1276 2723 1398 2800 limilee
1423 2750 1466 2801 ue
1487 2724 1668 2801 invalionea
1692 2724 1882 2824 iustirerunt
1907 2723 1993 2803 sarri

510 2821 704 2912 Pr‘aesulem
720 2824 776 2900 sed
799 2826 884 2900 nihil
903 2824 1106 2911 effecerunn
1127 2829 1240 2899 omnia
1258 2830 1385 2924 quippe
1400 2751 1518 2916 drqene
1531 2822 1680 2921 fregerat
1696 2830 1750 2924 jue
1765 2828 1990 2911 munerarium.
2012 2827 2016 2836 '

512 2947 626 3020 neque
647 2925 807 2998 diuturno
827 2948 981 3020 ternpore
996 2923 1099 3023 sopiri
1115 2945 1267 3022 poterat,
1287 2925 1391 3022 usque
1412 2924 1491 2998 dum
1513 2923 1650 2998 demum
1674 2924 1815 2998 Carolus
1831 2927 1893 2998 tv.
1924 2928 1993 2997 ltu·
2017 2969 2022 3022 3

510 3044 651 3122 perator
666 3020 834 3096 orcafione
848 3018 1110 3116 grerisfimarum
1132 3024 1347 3120 querelarum
1363 3022 1404 3095 ab
1419 3020 1559 3096 Ecclesia
1577 3020 1745 3099 Mindenli
1760 3020 1849 3097 adse
1869 3022 1995 3096 delate·

512 3143 593 3194 rum
613 3146 738 3195 norum
754 3119 905 3195 Eeclefiia
928 3123 1140 3194 Germanicis
1163 3122 1348 3194 Palladium
1369 3121 1461 3196 dedit
1478 3170 1488 3204 ,
1514 3144 1615 3220 atque
1635 3121 1676 3195 ad
1699 3123 1923 3196 imirationem
1941 3118 1994 3194 sei

510 3216 773 3294 Prardeceiloris
794 3218 959 3293 liriderici
973 3222 1021 3289 ll.
1064 3215 1310 3291 Conssimriune
1332 3222 1474 3315 Imperii
1495 3219 1630 3315 publica
1643 3221 1681 3311 a)
1705 3243 1822 3293 omnes
1843 3218 1915 3317 ejus
1937 3242 1993 3333 ge·
2120 3220 2127 3276 ’-

510 3319 604 3391 neria
634 3315 822 3393 mattiones
842 3316 1027 3389 anteriore·
1052 3315 1216 3399 irritavit,
1237 3337 1423 3412 omnerque
1443 3312 1574 3388 futurae
1598 3314 1757 3409 gravibus
1782 3313 1842 3390 sub
1868 3339 1990 3414 poenit

509 3412 716 3517 mulfflaque
736 3417 919 3498 interdixit.

552 3588 588 3662 Ι)
605 3585 709 3665 Quem
722 3582 854 3649 exhibet
865 3583 971 3667 Luntg
982 3582 1012 3650 itt
1027 3583 1128 3661 terrm
1144 3578 1283 3662 imiildtil
1297 3574 1557 3661 ffltiiddreirehiv
1577 3579 1611 3644 iu
1624 3579 1811 3649 Contiuuet.
1833 3584 1913 3665 pert.
1931 3596 1992 3664 ge·
2125 3561 2131 3572 ’

628 3686 695 3735 ner.
710 3681 781 3753 pert
798 3687 826 3733 1.
841 3688 871 3751 p.
886 3678 916 3744 8.
934 3668 967 3732 in
985 3666 1109 3730 verbie:

708 3804 748 3873 In
778 3804 919 3876 Nomine
947 3805 1081 3876 senune
1105 3802 1141 3869 dr
1160 3801 1350 3951 Ingivguee
1377 3795 1796 3870 TRINITATIS-ieliciter
1871 3741 1877 3762 ἢ

1222 3908 1252 3951 m
1296 3931 1305 3952 .

684 4007 711 4073 C
720 4028 892 4075 arturus
905 4007 964 4078 lV.
987 4009 1104 4074 Divina
1119 4005 1251 4071 favente
1265 4001 1441 4068 Clementia
1453 3999 1671 4066 Romanorum
1681 3996 1860 4083 imperator
1871 3991 1993 4082 temper
2105 4085 2115 4098 ,Ι

625 4088 790 4174 Angustus
801 4093 835 4156 dt
850 4092 1023 4158 Bohemiee
1038 4091 1110 4155 Rex
1122 4091 1159 4153 ed
1180 4099 1362 4174 perpetuam
1384 4086 1430 4150 tei
1448 4085 1644 4148 memoriam.

677 4211 745 4274 Etl'r
763 4211 936 4294 Imperielia
952 4210 1162 4293 Benignitetie
1182 4205 1358 4271 clementie
1378 4201 1594 4285 quorumlibet
1613 4199 1810 4263 devotorum
1833 4195 1988 4271 fidelium.

649 4309 711 4357 uua
724 4294 854 4359 Sacrum
868 4294 1045 4359 Romanum
1061 4292 1158 4355 ambit
1175 4290 1426 4372 imperiumne
1445 4281 1558 4347 officio
1569 4281 1679 4346 debito
1691 4289 1853 4354 tenentur,
1884 4276 1991 4343 uecei·

626 4309 768 4441 dratinus
782 4375 816 4440 dr
835 4376 957 4458 injustia
972 4373 1223 4460 opprellionibue
1235 4368 1415 4439 consulere,
1434 4363 1469 4428 dr
1482 4366 1522 4427 de
1534 4363 1724 4447 opportunie
1741 4362 1886 4463 remeqliie
1910 4379 1991 4443 pro·

626 4458 765 4535 videre;
789 4462 827 4524 ed
843 4462 918 4524 illoe
934 4471 1040 4522 temen
1067 4456 1263 4543 permaxime
1286 4452 1432 4532 dirigitur
1452 4448 1576 4510 nostrae
1594 4447 1710 4510 mentia
1730 4444 1874 4539 effetiro3
1905 4458 1990 4540 quoe

625 4539 766 4607 indebite
787 4545 853 4630 peti
875 4542 1117 4625 cognoscimur,
1149 4553 1349 4620 quorumque
1369 4529 1619 4613 oppreffionibue
1640 4525 1751 4594 Statua
1765 4522 1991 4593 eccleltastreae

626 4620 803 4708 liberum,
833 4645 927 4713 quem
947 4625 1066 4711 semper
1091 4620 1206 4689 nostrie
1224 4614 1558 4769 temffirilbqa.eugeri
1587 4611 1775 4766 reddimur,
1814 4606 1989 4755 enorrennigqq
