5017 5592
509 595 1455 758 osvauo'arosuutuo·t1nsnnacca.
1478 631 1989 717 aerumnosum

508 817 656 916 „politic
671 818 707 889 in
720 815 822 890 coelia
838 812 907 900 ell;
935 839 967 889 2.
985 817 1066 889 Cor.
1087 842 1141 887 ιο.
1163 839 1253 888 arma
1268 815 1408 888 militiae
1424 814 1554 888 nolitne
1570 841 1636 887 non
1670 813 1744 889 lunt
1765 816 1925 899 carnalia,
1946 814 2003 892 scd

510 923 616 1005 „Deo
631 916 671 988 ad
684 911 906 996 ¹,destruendas
925 916 1163 1007 cogitationes,
1185 938 1320 998 cetera,
1333 914 1374 985 ad
1389 915 1478 987 hunc
1503 915 1641 986 modum
1663 940 1767 1012 quum
1790 913 1930 988 Ecclefia
1945 941 2005 991 no·
2111 904 2117 920 ¹

509 1014 604 1102 „lita
619 1016 795 1111 utriusque
812 1009 981 1108 potcllatis
1001 1007 1110 1083 officia
1133 1010 1303 1093 discernit,
1331 1035 1509 1108 utramque
1524 1013 1654 1086 honore
1670 1012 1802 1094 adlicit,
1822 1036 2003 1111 utramque
2080 1015 2082 1020 ’

510 1114 605 1199 „Dei
619 1111 787 1184 donumet
802 1107 1004 1182 beneficium
1019 1104 1082 1181 elle
1095 1109 1265 1201 agnoscit,
1284 1108 1459 1208 possuntne
1476 1123 1554 1184 cum
1569 1108 1789 1182 Protellantcs
1804 1133 1841 1181 te
1869 1111 1997 1196 udiare,

513 1207 601 1296 „nili
619 1208 791 1305 Majotum
806 1233 870 1278 una
887 1205 1022 1278 suorum
1047 1211 1120 1279 Con
1130 1202 1304 1280 fcffionem
1320 1208 1362 1282 de
1375 1204 1536 1305 potestate
1554 1205 1715 1280 Ecclcliae
1733 1215 1811 1301 Aug
1864 1232 1900 1279 ae
1919 1213 1997 1280 Vin·

513 1307 730 1393 „delicatum
753 1306 876 1378 editam
898 1304 1079 1401 repudiate
1103 1305 1233 1387 volent,
1254 1327 1312 1377 aut
1323 1310 1540 1401 opinationes
1562 1306 1758 1387 hominum,
1776 1308 1923 1400 vitiaque
1940 1309 2002 1378 Ec·
2139 1303 2144 1312 '

514 1401 658 1492 „clellae
680 1402 742 1501 ipsi
770 1401 963 1478 Catholicae
979 1426 1043 1500 per
1066 1401 1231 1475 summam
1253 1405 1412 1499 injuriam
1433 1406 1628 1500 imputate?
1655 1406 1701 1474 ita
1722 1403 1799 1486 ille,
1820 1406 1874 1475 cui
1888 1404 1949 1476 bac
1963 1405 2000 1474 in

542 1526 614 1577 arte
638 1502 778 1574 omnino
799 1496 1067 1597 adssipulandum
1090 1504 1180 1573 erit:
1206 1500 1241 1572 id
1265 1524 1374 1575 tamen
1391 1504 1502 1574 vitum
1518 1500 1615 1572 illum
1636 1500 1745 1573 adhuc
1764 1504 1931 1574 monitum
1945 1524 2000 1574 ve·

511 1527 598 1684 lim,
619 1623 701 1673 utne
727 1596 835 1672 sittim
858 1596 1080 1694 praejudiciis*
1104 1596 1244 1681 tribuat,
1267 1597 1384 1694 quodfi
1407 1598 1486 1669 alias
1506 1600 1616 1672 cidcm
1638 1624 1704 1671 non
1726 1595 1801 1671 satis
1819 1597 1998 1681 silentiam,
2025 1691 2028 1696 Ι
2084 1603 2087 1608 ’

510 1700 565 1771 uti
581 1721 611 1796 p.
630 1724 712 1788 ²34·
731 1721 787 1770 mc
802 1697 944 1767 necdum
960 1695 1176 1792 praejudiciis
1198 1693 1477 1769 scholasticorum
1498 1700 1636 1770 omnino
1654 1721 1795 1770 vacuum
1818 1695 1920 1769 dicit:
1946 1694 2015 1772 so·.

512 1796 586 1870 line
601 1797 690 1867 enim
712 1790 901 1867 Scholallici
918 1793 1134 1889 praejudiciis
1156 1794 1349 1887 indulgent,
1369 1793 1427 1866 soli
1446 1781 1563 1866 'autent
1578 1795 1676 1866 liberi
1697 1793 1770 1866 suut
1792 1819 1910 1867 eorum
1926 1801 1998 1868 An·

513 1890 730 1987 tegonillae?
754 1889 808 1963 lcd
826 1895 870 1962 ita
889 1893 1047 1963 nimirum
1067 1889 1132 1983 iam
1149 1916 1221 1963 mos
1237 1888 1322 1974 fert,
1342 1915 1397 1973 ut,
1416 1889 1439 1961 li
1458 1893 1608 1964 cruditus
1627 1892 1733 1965 videri
1751 1893 1850 1977 velis,
1868 1889 1996 1965 nonnill

513 1989 725 2090 praejudicia
750 1985 1026 2061 Scholasticotum
1044 1992 1077 2060 in
1100 2014 1160 2060 ore
1181 1988 1319 2071 habeas,
1343 1992 1450 2086 iisque
1470 2012 1503 2060 te
1520 1986 1727 2086 superiorem
1750 1988 1812 2064 effe
1835 1988 1997 2069 ostendas.

515 2089 679 2181 Collegae
712 2090 789 2158 Viri
820 2087 920 2180 hujus
952 2089 1203 2160 Rrrocsco
1240 2083 1418 2158 Viennenfi
1439 2084 1474 2158 id
1497 2111 1633 2181 qttoque
1660 2089 1714 2158 hic
1741 2093 1773 2159 in
1810 2113 1925 2160 autem
1947 2088 1997 2162 di·

512 2184 610 2259 &um
624 2185 743 2267 velim,
764 2188 827 2256 viri
844 2189 964 2276 integri
979 2208 1014 2256 et
1037 2183 1249 2280 praejudiciis
1272 2190 1364 2257 vacui
1381 2211 1446 2256 non
1470 2181 1532 2256 elle
1549 2186 1683 2256 alterius
1709 2187 1889 2283 Scriptoris
1909 2211 1991 2260 non·

511 2281 576 2357 nili
591 2308 696 2381 opcta
715 2286 908 2363 nominare,
932 2280 990 2353 nili
1009 2283 1066 2353 ubi
1087 2282 1249 2352 maculam
1267 2282 1430 2354 tesidere
1450 2307 1565 2378 putcs,
1590 2284 1667 2353 alias
1683 2308 1765 2356 vcro
1786 2286 1827 2357 dc
1847 2310 1889 2357 co
1910 2309 1996 2358 tace·

510 2405 581 2467 re;
610 2380 893 2478 quemadmodum
921 2381 949 2449 is
979 2387 1076 2451 Parte
1098 2385 1160 2454 lV.
1183 2382 1413 2470 Institutionum
1438 2382 1559 2468 staram
1583 2382 1759 2478 aliquoties
1782 2385 1888 2466 lacit,
1911 2383 1993 2457 dum

511 2503 607 2552 meaa
624 2480 786 2551 nominat.
836 2477 1000 2573 Equidem
1015 2477 1177 2574 judicium
1195 2481 1257 2548 viri
1277 2477 1375 2573 hujus
1391 2503 1455 2549 nun
1472 2478 1765 2563 admodumcuto;
1787 2479 1993 2575 quodlit'ero

515 2601 559 2650 ex
579 2574 843 2648 institutionibus
861 2576 945 2646 meis
962 2574 1039 2672 plus
1058 2575 1164 2646 multo
1187 2599 1225 2646 et
1245 2576 1417 2647 literatura
1440 2578 1641 2648 Germanica
1657 2578 1690 2646 in
1716 2573 1786 2647 suaa
1809 2575 1993 2653 transferte
2049 2607 2059 2638 ι

511 2672 577 2844 ill
592 2667 1410 2843 billi‘nllslll‘l‘llll‘llllll‘lll'
1429 2669 1776 2865 llll'llllll:
1788 2676 1992 2846 'llllllls

511 2857 642 2966 ubique
661 2868 729 2963 jam
750 2868 883 2948 obvias,
904 2866 1028 2965 ubique
1053 2871 1146 2940 tritas
1165 2867 1218 2940 vel
1241 2871 1382 2942 maxime
1398 2870 1486 2964 apud
1509 2870 1651 2942 eundem
1674 2867 1871 2955 desiderati,
1897 2872 1992 2970 quod

511 2967 609 3040 orbis
629 2963 668 3038 ab
685 2990 725 3036 en
742 2964 892 3042 eruditus
909 2964 1096 3063 cxlpellate
1109 2965 1185 3061 jure
1207 2969 1331 3038 metito
1347 2989 1496 3064 poterat,
1516 2970 1674 3039 nimirum
1689 2993 1705 3036 a
1720 2972 1824 3052 Viro,
1847 2974 1905 3066 qui
1917 2967 1991 3042 fon·

509 3061 605 3136 tibus
619 3066 653 3135 in
675 3063 882 3135 Bibliotheca
909 3062 1085 3144 Caesarea,
1110 3068 1144 3133 in
1169 3067 1305 3136 Scriniis
1327 3070 1465 3136 Senatus
1486 3067 1673 3159 lmpetialia
1693 3067 1821 3149 Aulin,
1842 3068 1991 3166 alibique

511 3165 667 3234 Viennae
688 3160 794 3232 obviis
817 3157 946 3241 allidet,
967 3185 1020 3231 res
1049 3163 1267 3232 Germanicas
1288 3160 1488 3254 potiffimum
1511 3162 1718 3235 illustrandas
1743 3163 1863 3251 fuisse,
1887 3191 1987 3267 atque

511 3262 563 3334 ita
579 3255 716 3332 sublidit
736 3256 904 3332 afferenda
922 3260 979 3342 iis,
995 3258 1115 3355 quibus
1134 3258 1175 3327 ad
1190 3259 1253 3330 bos
1267 3254 1378 3332 fontes
1394 3262 1501 3330 aditus
1517 3286 1582 3332 non
1598 3285 1701 3358 patet.

629 3457 689 3528 Ad
702 3463 738 3537 Ι.
753 3457 855 3527 XIII.
906 3450 1047 3549 quuod
1060 3450 1129 3548 jam
1146 3443 1376 3549 antiquillimia
1394 3450 1603 3551 temporibus
1618 3454 1776 3553 Episcopi
1792 3479 1826 3531 ct
1840 3454 1987 3530 Abbatea

510 3554 548 3626 in
565 3553 781 3626 conventibus
798 3550 940 3647 publicis
960 3550 1147 3647 praesentes
1165 3550 1238 3640 jure
1260 3548 1409 3644 suffragii
1434 3550 1532 3644 gavili
1548 3548 1690 3636 fuerint,
1716 3580 1753 3627 ca
1776 3579 1828 3628 tes
1850 3554 1988 3627 occallu-

509 3676 591 3724 nem
607 3649 698 3723 dedit
713 3652 911 3724 Academiae
929 3653 1052 3740 Regiae
1067 3647 1276 3741 Giittingenst
1293 3674 1358 3746 pro
1373 3649 1522 3720 uberiori
1540 3652 1761 3725 elucidatione
1773 3656 1986 3751 proponendi
2081 3725 2083 3730 ,

514 3746 754 3846 quaestionem,
769 3756 806 3818 de
820 3754 932 3838 oviginc
942 3747 1080 3842 suffragii
1098 3753 1301 3841 Episcopatunt
1321 3770 1352 3817 ct
1370 3751 1524 3819 Adlatum
1540 3756 1573 3818 in
1594 3757 1730 3821 Comitiit
1747 3759 1878 3845 Imperii
1916 3756 1988 3822 Sin·
2138 3807 2157 3818 .

511 3846 629 3939 gulare
648 3847 744 3942 plana
763 3844 807 3917 ell
828 3843 986 3941 syllema,
1013 3845 1104 3943 quod
1125 3842 1313 3917 recensetur
1330 3844 1369 3921 ίη
1383 3851 1452 3920 ben
1469 3842 1681 3946 &dttlnget'
1698 3850 1883 3956 llnget'gcfl
1902 3875 1985 3945 142.
2120 3937 2126 3944 ,

513 3940 641 4027 &titel
660 3969 763 4040 1774⁴
815 3947 865 4013 Ita
886 3946 1045 4015 nimitum
1068 3943 1138 4037 ejus
1160 3940 1289 4013 Autlot
1310 3939 1439 4013 statuit:
1478 3945 1652 4017 Celebrata
1676 3949 1759 4017 olim
1784 3946 1876 4018 fuille
1897 3949 1987 4040 apud

513 4045 683 4113 Nationes
699 4041 875 4135 plerasque
888 4044 1096 4113 Teutonicae
1117 4046 1216 4111 etiam
1232 4044 1373 4133 originis
1397 4039 1460 4112 suis
1476 4046 1685 4139 temporibus
1703 4046 1849 4116 Concilio
1867 4049 1903 4113 N
1908 4047 1987 4117 atio·

513 4139 621 4211 nalia:
647 4142 680 4208 in
696 4142 735 4209 iis
751 4163 885 4233 quoque
927 4138 1060 4209 aulatim
1075 4137 1163 4236 iplos
1182 4142 1290 4231 Reges
1308 4136 1544 4234 comparuill'c,
1570 4147 1701 4230 negotia
1724 4167 1859 4237 quoque
1878 4140 1997 4215 saecu·-

514 4238 599 4307 laria
624 4238 747 4307 ibidem
772 4164 987 4328 pertradlata:
1019 4262 1059 4306 ne
1083 4262 1118 4305 ca
1143 4263 1195 4306 res
1219 4236 1413 4333 proceribus
1437 4240 1543 4307 Laicis
1568 4240 1773 4334 displiceret,
1801 4243 1861 4312 lios
1885 4244 1987 4313 etiam

513 4336 594 4407 tlein
620 4333 661 4403 ed
683 4331 937 4405 consultationes
960 4329 1054 4404 fuille
1077 4332 1255 4415 admilios,
1295 4359 1394 4429 atquc
1414 4338 1457 4402 ita
1479 4336 1639 4431 paulatim
1664 4363 1776 4409 enatos
1803 4363 1985 4413 conuentus

512 4436 653 4513 mixtos,
678 4433 775 4502 itaut
791 4430 831 4500 ab
853 4429 1025 4525 Episcopis
1042 4430 1183 4525 aliisque
1206 4429 1435 4504 Ecclcliallicis
1454 4431 1675 4505 trallarcntur
1691 4434 1917 4516 ecclesiastica,
1944 4436 1986 4505 ab

512 4536 696 4625 utriusque
711 4553 792 4600 vero
806 4528 933 4599 ordinis
948 4528 1146 4600 Proceribus
1161 4526 1364 4626 conjunllim
1380 4527 1553 4612 saculatia;
1580 4535 1684 4623 igitur
1696 4538 1808 4630 potius
1825 4530 1987 4631 quacllio·

509 4653 590 4703 uem
615 4653 654 4702 ca
669 4628 799 4700 tatione
822 4626 1021 4699 movendam
1042 4622 1124 4714 effe,
1149 4652 1216 4725 qua
1234 4632 1363 4699 tatione
1383 4623 1542 4703 stcularcs
1564 4629 1628 4705 hoc
1643 4631 1698 4731 jus
1722 4631 1872 4727 suffragii
1896 4626 1984 4799 nplli

1277 4727 1320 4797 li
1345 4725 1387 4796 ii
1405 4749 1424 4821 3
1932 4750 1987 4803 ue·
