5017 5592
542 533 551 558 ’
639 591 645 604 ’
693 603 1189 706 usJuttucuustutuo
1216 555 1825 718 tntuuututtuusttucutt.
1925 555 2028 721 ιμ’

509 814 585 864 rum
602 786 737 872 turbas,
758 790 872 860 tamin
890 785 1047 871 Ecclelim
1070 810 1172 882 quam
1189 789 1224 860 in
1243 792 1394 886 Imperio
1408 757 1566 875 olsortas,
1592 817 1728 867 conatus
1752 794 1807 866 ille
1828 793 1928 891 'plane
1944 797 1986 868 it-

509 892 592 960 ritus
616 886 717 959 ecastr
781 891 967 980 Hucusque
991 887 1033 956 de
1055 886 1233 981 privilegio
1256 911 1320 959 aur
1335 889 1464 960 indulto
1487 888 1711 986 Apollolicoa
1735 892 1906 964 celeribus
1927 899 1987 966 im·

510 1007 643 1083 perraro
664 985 789 1055 nullam
806 980 946 1054 fecimus
970 989 1191 1056 mentionem.
1216 1009 1325 1079 neque
1340 989 1420 1082 quid
1446 992 1527 1058 certi
1545 990 1586 1058 de
1608 1015 1648 1058 eo
1669 987 1802 1061 constat.
1857 993 1986 1065 Volunt

511 1083 646 1181 quidem
664 1083 816 1154 nonnulli
833 1085 1039 1177 Scriptores,
1058 1083 1229 1176 Rudolphi
1250 1087 1264 1151 l
1295 1108 1412 1178 preces
1429 1082 1595 1156 Pontificis
1612 1085 1771 1177 Gregorii
1788 1091 1830 1158 Χ.
1877 1090 1989 1162 titile-

512 1183 563 1275 gio
582 1182 711 1251 innixas
727 1175 833 1256 fuilse.
861 1181 899 1270 d)
925 1188 972 1249 At
988 1204 1064 1250 cum
1081 1177 1190 1275 ipsum
1211 1181 1360 1275 diploma
1377 1180 1588 1256 Pontificium
1604 1186 1637 1254 itt
1664 1179 1774 1253 forma
1795 1112 1875 1255 stul

513 1279 653 1374 produci
676 1301 837 1375 nequeat,
861 1275 894 1346 id
910 1273 1063 1349 allertuut
1080 1277 1120 1346 ab
1142 1277 1213 1347 aliis
1232 1283 1413 1351 commenti
1431 1284 1543 1375 potius
1567 1276 1723 1362 fabulofi,
1745 1307 1845 1376 quam
1867 1287 1988 1355 verita·

513 1381 549 1446 tis
566 1374 730 1448 hilluticae
748 1376 821 1446 loco
838 1374 988 1446 habetur.
1015 1379 1047 1466 e)
1073 1376 1185 1467 Hujus
1201 1378 1250 1445 rei
1266 1379 1379 1446 critica
1401 1378 1617 1473 peufitatione
1634 1404 1650 1448 a
1666 1404 1719 1447 me
1737 1377 1869 1459 nmilia,
1886 1381 1919 1450 id
1929 1379 1988 1451 ol)-

514 1471 708 1545 serrandum
722 1469 856 1554 censeo,
880 1497 945 1542 non
962 1468 1025 1543 elle
1045 1497 1135 1544 extra
1151 1496 1250 1542 omne
1269 1471 1430 1556 dubium,
1452 1474 1553 1571 usque
1572 1477 1637 1546 huc
1650 1475 1782 1546 cesares
1797 1480 1829 1545 io
1851 1474 1988 1572 pacifica

515 1571 543 1643 dr
570 1569 815 1668 imperturbata
840 1570 929 1640 illius
958 1569 1043 1662 jutis
1068 1565 1259 1664 possessione
1280 1569 1437 1651 ertirtlle,
1459 1576 1609 1667 quamtis
1632 1599 1698 1644 noo
1723 1596 1892 1670 nunquam
1912 1574 2001 1670 plus·

517 1665 720 1740 auilotitatis
738 1665 884 1738 exserere
902 1669 1046 1746 vellem,
1069 1671 1207 1763 jamque
1230 1690 1300 1737 tum
1316 1693 1354 1739 er
1381 1673 1515 1764 antiqua
1541 1668 1778 1742 consuetudine
1796 1671 1850 1764 jus
1872 1695 1989 1743 nutum

516 1766 635 1863 absque
651 1767 716 1836 ulla
736 1763 910 1835 ltslitontia
927 1770 959 1832 in
982 1762 1045 1835 luis
1069 1764 1309 1859 diplomatibus
1333 1765 1568 1850 adlitntarent3
1587 1772 1751 1862 quinimo
1768 1793 1806 1838 er
1820 1792 1915 1862 parte
1929 1771 1991 1838 Ec·

1878 1191 1985 1259 eutice
2096 1249 2100 1260 .

518 1863 681 1934 deltarum
706 1867 982 1936 Germanicarum
999 1887 1064 1931 non
1081 1857 1312 1956 infrequenter
1326 1862 1569 1934 contradictum
1585 1863 1664 1948 elle,
1680 1863 1890 1961 sequentium
1907 1887 1990 1962 tem·
2077 1957 2080 1962 Ι
2138 1865 2142 1872 ’

520 1986 636 2058 porum
655 1959 791 2032 historia
806 1961 907 2031 modo
925 1955 1094 2031 afferenda
1116 1960 1304 2032 luculenter
1320 1959 1569 2034 demonstrabit.

470 2131 471 2136 ’
553 2129 591 2210 e)
615 2124 710 2200 Apud
722 2122 903 2219 Gold'astum
917 2125 1013 2214 Toto.
1026 2125 1051 2190 1.
1065 2125 1196 2191 Constit.
1209 2126 1364 2208 imperial.
1378 2149 1408 2211 p.
1419 2147 1491 2272 ἦρ.
1507 2137 1599 2191 extat
1609 2127 1804 2212 Rescriptum
1815 2127 1989 2196 CatulilV.

626 2208 664 2268 ad
680 2205 883 2288 Ptaepolrtum
897 2211 929 2271 dt
945 2208 1166 2273 monasterium
1181 2214 1408 2273 canonicorum
1450 2212 1626 2290 egulatiunt
1644 2211 1771 2274 Ordinis
1790 2211 1822 2275 S.
1840 2211 1992 2290 Augusti-

626 2292 659 2352 ui
682 2289 879 2369 moguntina
894 2292 1069 2355 dioeceseos
1088 2292 1137 2354 his
1154 2293 1260 2353 verbis
1281 2303 1489 2373 conceptum:
1523 2292 1633 2354 “Cum
1649 2296 1741 2356 nobis
1757 2307 1823 2354 tam
1841 2290 1989 2372 dejure,

626 2372 913 2519 ttzutsslttul‘
925 2372 1408 2520 :ttzttttu‘tllttltut‘
1423 2373 1519 2517 {ill
1530 2374 1787 2518 tumulti
1804 2372 1992 2518 lollii&

470 2509 471 2558 l
504 2581 508 2602 .
627 2537 677 2633 uis
695 2534 810 2633 nostrae
822 2533 982 2601 solemniis
999 2540 1036 2601 ad
1056 2537 1270 2600 Romanorum
1285 2498 1421 2636 Regem,
1436 2538 1469 2600 iu
1481 2476 1625 2636 pdolibe’t
1638 2474 1828 2601 lirousstetio
1841 2540 1873 2600 in
1888 2536 1993 2619 lmpe·

627 2636 677 2680 rto
694 2616 870 2680 coustttuto
889 2640 981 2681 utram
996 2634 1116 2682 tautum
1133 2620 1295 2701 personam
1309 2631 1430 2681 vrttute
1445 2638 1659 2701 prtmsrtarum
1673 2639 1800 2701 precum
1816 2619 1992 2683 nostrarum

627 2700 665 2761 ad
684 2698 870 2763 beneficium
887 2701 1126 2766 ecclelialiicum
1139 2702 1243 2763 facete
1259 2700 1408 2782 possimus
1422 2701 1626 2780 promoveti3
1651 2702 1724 2764 hinc
1742 2702 1804 2771 est,
1829 2702 1914 2780 quod
1931 2719 1991 2783 pto
2092 2701 2096 2710 “

627 2779 746 2846 dilecto
760 2784 853 2846 nobis
869 2782 962 2846 Petro
981 2783 1118 2846 Contadi
1145 2786 1185 2847 de
1205 2782 1301 2865 Dylla
1316 2785 1506 2863 presbytero
1525 2783 1620 2845 vobis
1643 2784 1805 2864 primarias
1824 2783 1991 2863 dirigimur

628 2883 737 2948 preces
755 2865 894 2929 nostras.
910 2910 943 2930 ..
967 2868 1061 2928 vobis
1082 2863 1288 2928 nihilominus
1302 2884 1357 2945 per
1371 2866 1487 2946 regalia
1503 2863 1631 2946 Sceptra
1646 2864 1835 2928 mandantes
1843 2905 1855 2936 ‚⁸
1880 2879 1991 2945 quate·

628 2965 688 3044 uus
704 2946 839 3029 praefato
856 2945 965 3045 Petro,
985 2958 1040 3010 aut
1055 2947 1148 3028 ipsius
1164 2948 1385 3091 procuratori,
1407 2967 1444 3009 ac
1457 2950 1586 3009 uomiue
1602 2944 1635 3010 dr
1653 2948 1724 3010 vice
1738 2947 1831 3028 ipstus
1844 2946 1883 3008 de
1892 2947 1992 3009 bette-

627 3027 705 3126 ficto
720 3028 928 3128 eccleliasttco
948 3049 1021 3092 cum
1040 3048 1114 3092 curs
1127 3049 1168 3098 va
1198 3028 1262 3092 stne
1278 3048 1371 3128 cuta3
1391 3029 1478 3110 quod
1494 3039 1589 3092 vacat
1608 3028 1817 3128 adpraesens,
1834 3029 1888 3091 vel
1904 3028 1992 3126 quod

627 3121 969 3273 stultulus
985 3109 1994 3274 ultils‘tttttltttt?trust¹l¹sttttuusttlttffltt

631 3273 779 3338 &oritate
792 3274 825 3336 dr
841 3277 959 3338 virtute
975 3278 1188 3357 primariorum
1205 3294 1333 3358 precum
1350 3274 1523 3338 nostratum
1537 3277 1705 3359 providere
1718 3276 1868 3339 debeatis.
1892 3318 1913 3349 ‚,

563 3404 598 3490 l)
619 3403 768 3487 Diploma
785 3406 890 3468 Caroli
904 3405 960 3470 IV.
978 3407 1195 3469 executoriale
1209 3406 1298 3486 super
1310 3407 1433 3487 primar.
1453 3426 1536 3488 pree.
1549 3409 1629 3489 apud
1643 3406 1831 3469 Leibnitium
1845 3406 1924 3470 cod.
1943 3407 1994 3469 di·

629 3487 730 3569 plom.
747 3485 780 3549 P.
795 3487 821 3562 J.
838 3508 867 3549 n.
880 3500 931 3570 98.
954 3509 984 3570 p.
997 3507 1066 3551 222.
1082 3501 1174 3550 extat
1189 3489 1236 3550 his
1252 3490 1376 3550 verbis:
1396 3489 1508 3551 “Cum
1526 3505 1598 3551 ante
1614 3509 1671 3572 pto
1690 3490 1807 3552 diletto
1824 3490 1916 3554 nobis
1930 3488 1993 3551 ho·

629 3570 781 3639 notabili,
811 3569 979 3632 Canonicis
999 3570 1032 3631 dr
1053 3569 1200 3650 Capitulo
1222 3569 1370 3633 Eccleliae
1389 3573 1547 3652 primarias
1572 3572 1780 3633 direxerimus
1801 3589 1907 3651 preces
1928 3589 1993 3630 oo·

629 3649 724 3722 strar,
747 3655 939 3730 requirentes
952 3655 985 3714 dt
998 3653 1163 3714 hortantes
1183 3656 1332 3722 eosdem,
1356 3667 1391 3711 ut
1407 3674 1448 3713 ex
1465 3655 1602 3730 antiquae
1618 3653 1650 3711 dt
1662 3653 1844 3730 adprobata·
1860 3652 1993 3713 contue-

630 3734 749 3798 tutlittis
768 3733 988 3804 observantia,
1012 3734 1088 3796 stcut
1102 3734 1135 3795 dr
1151 3733 1270 3814 dejure
1288 3735 1395 3815 potius
1410 3734 1547 3794 debitum
1567 3736 1596 3793 in
1612 3752 1721 3795 eorum
1737 3735 1921 3794 canonicum
1940 3752 1991 3793 te-

630 3819 748 3898 cipiaut
762 3815 794 3877 dr
811 3813 1057 3880 confratrem..
1075 3817 1219 3879 fidelitati
1235 3831 1299 3876 tuae
1311 3830 1422 3877 tenore
1439 3818 1633 3896 praesentium
1645 3814 1753 3880 seriose
1763 3817 1993 3876 committimus

630 3896 665 3961 dr
679 3899 879 3967 mandamus,
903 3912 1074 3980 quatenus,
1099 3899 1120 3960 li
1135 3901 1260 3980 quidem
1276 3897 1426 3959 Canonici
1440 3897 1661 3977 &Capitulum
1676 3896 1840 3964 Eccletiae.
1864 3897 1993 3958 audacia

628 3978 760 4044 forlitan
774 3982 956 4043 rebellionis
973 3979 1100 4043 assumta
1112 4026 1120 4053 ‚
1131 3980 1315 4060 hujusmodi
1331 3979 1442 4041 nostris
1458 3982 1602 4062 precibus
1612 3980 1645 4041 dt
1658 3981 1811 4040 mandatis
1825 3993 1990 4039 contuma-

630 4064 710 4126 citet
725 4063 853 4126 obedite
865 4062 1043 4134 differrent,
1066 4063 1246 4126 canonicos
1264 4061 1315 4124 seu
1329 4062 1409 4123 alios
1426 4081 1482 4144 pet
1494 4061 1689 4125 invalionem
1704 4061 1923 4141 temporalium
1940 4078 1992 4121 re·

630 4162 701 4206 rum
721 4144 842 4205 suatum
862 4143 983 4206 studeas
999 4144 1131 4207 firmiter
1151 4144 1330 4214 coarctate,
1351 4144 1453 4206 donec
1469 4144 1524 4227 ipst
1539 4145 1683 4227 precibus
1699 4141 1733 4203 dt
1751 4144 1905 4206 mandatis
1930 4160 1993 4204 no·

628 4225 700 4290 stris
716 4224 872 4307 praedietis
887 4228 1067 4289 curaverint
1079 4228 1265 4290 omnimode
1281 4226 1420 4290 obedite.
1435 4267 1456 4299 ,,

555 4367 587 4450 ι)
610 4357 687 4426 Vid.
701 4358 783 4441 apud
805 4356 985 4422 Goldastum
998 4356 1095 4423 Tom.
1114 4357 1140 4422 1.
1166 4360 1219 4421 cit.
1243 4378 1273 4439 p.
1295 4377 1366 4440 375.
1386 4359 1438 4420 ubi
1459 4354 1695 4419 constitutionis
1711 4352 1892 4419 Weuceslsi
1907 4373 1991 4417 anno
2072 4407 2077 4414 .

633 4441 725 4523 1376.
743 4442 838 4504 editae
852 4452 945 4502 tenor
959 4441 1011 4503 hic
1027 4441 1087 4503 est:
1113 4439 1370 4506 “concedimus
1397 4441 1481 4517 quod
1498 4438 1550 4502 Tu
1565 4457 1677 4498 omncs
1699 4440 1858 4516 primarias
1882 4457 1990 4518 preces
2030 4507 2032 4512 ,
2084 4449 2088 4456 '

634 4525 760 4586 ratione
777 4522 891 4584 oosttae
905 4524 1125 4585 coronationis
1141 4524 1172 4584 in
1185 4522 1399 4584 Romanorum
1416 4522 1552 4601 Regem,
1583 4519 1991 4600 percivitatemdrdioete·
2028 4519 2031 4526 '

631 4604 688 4671 im
703 4603 878 4689 Spireoseut
891 4601 924 4668 dt
936 4602 1219 4681 Wormatiensem,
1243 4615 1306 4667 tam
1321 4604 1359 4663 de
1376 4595 1462 4682 jute',
1484 4623 1577 4688 quam
1598 4604 1634 4666 ab
1651 4603 1777 4684 antiqua
1792 4600 1992 4665 consuetudi·

1297 4689 1390 4761 ·R2
1892 4715 1990 4775 χιε,
