5017 5592
702 663 773 744 us
793 663 922 764 Junu
940 663 1204 745 causiaco
1225 629 1833 750 ratunntanuu'raacuu.
1864 624 1869 632 ’
1938 699 2007 778 127

642 846 751 913 Veter.
766 813 936 945 scripu&
950 867 1093 947 inopum.
1111 867 1144 992 pi
1159 864 1231 943 753.
1286 823 1512 946 Idem-condat
1529 847 1569 947 de
1583 847 1734 950 Conrrdo
1757 850 1815 917 ΙΙΙ.
1836 854 1902 919 vid.
1920 851 2006 921 Wil-
2107 833 2109 837 Α

642 930 738 996 helm.
754 928 844 993 Heds
857 929 974 995 Histoe.
990 931 1089 1012 spise.
1143 932 1225 1012 ltrsj.
1242 950 1273 1013 p.
1293 931 1364 1011 164.
1386 929 1435 994 De
1449 929 1606 995 lrrdenco
1622 932 1648 997 l.
1669 934 1736 1001 vsd.
1750 933 1919 1020 Pseffinger
1932 936 2005 1005 le.

641 1017 696 1080 eit.
710 1010 778 1077 Tit.
792 1009 864 1079 XV.
885 1032 913 1094 p.
939 1032 1029 1096 1393.
1047 1011 1127 1094 seqq.

559 1129 603 1217 d)
620 1128 956 1214 AbbasUrspergenfis
969 1131 1000 1192 in
1014 1127 1175 1192 Chronico
1192 1126 1223 1189 in
1243 1127 1311 1192 virs
1326 1128 1459 1194 Ottonis
1483 1128 1540 1198 lv.
1563 1129 1767 1216 Imperatoris
1789 1159 1820 1222 p.
1840 1156 1913 1219 239.
1933 1136 2006 1202 haee

639 1213 824 1297 suppeditet.
867 1220 888 1249 ‘⁶
902 1212 1046 1276 Habebat
1062 1215 1168 1274 sutem
1183 1208 1320 1274 famulos
1340 1210 1412 1276 suos
1428 1215 1469 1276 de
1481 1212 1622 1279 Saxonis
1635 1214 1669 1280 δι
1685 1218 1821 1301 Anglia,
1839 1206 1893 1284 sen
1906 1220 2004 1285 eleri-

639 1316 719 1368 cos,
742 1293 792 1358 seu
811 1295 936 1365 laicos,
957 1296 1070 1375 quibus
1084 1295 1191 1356 omnia
1209 1292 1377 1362 beneficia.
1399 1314 1470 1376 quae
1486 1300 1624 1379 contigit
1637 1319 1770 1374 vacare,
1794 1303 1911 1367 studuit
1923 1324 2006 1364 con·

639 1377 731 1442 serre.
774 1376 886 1439 suerat
899 1389 1004 1439 autem
1024 1375 1221 1438 consuetudo
1235 1373 1431 1458 Principum,
1466 1367 1656 1443 uthilaritel
1677 1381 2004 1465 &promptebenefi·

639 1458 971 1607 cis‚'seulEcclelias,
1004 1458 1186 1536 conferrent
1201 1459 1310 1543 primis
1329 1462 1530 1544 petentibus,
1562 1469 1650 1548 quod
1664 1466 1721 1533 iste
1740 1486 1935 1552 nequaquam
1953 1465 2003 1532 fa·

567 1602 572 1610 ,
642 1562 716 1610 cere
736 1562 781 1607 vo
797 1545 853 1609 uit.
867 1587 888 1620 „

1047 1665 1061 1698 '
1168 1698 1205 1785 §-
1254 1694 1373 1780 xtrt.

593 1926 601 1944 ·
641 1830 864 1927 Quantumvis
886 1855 952 1916 ea,
985 1830 1026 1903 de
1053 1827 1174 1927 quibus
1196 1854 1273 1904 mor
1300 1825 1409 1903 sermo
1429 1850 1525 1913 erat,
1551 1828 1737 1927 proximius
1764 1829 1805 1902 ad
1828 1851 2002 1929 tempora,
2129 1909 2132 1914 ,

524 1925 688 2096 quers‘jus
710 1930 947 2024 primariorum
969 1953 1108 2028 precum
1126 1929 1195 2025 jam
1217 1926 1416 2000 invalescere
1427 1932 1554 2024 caepit,
1577 1928 1750 2009 accedant,
1780 1927 2001 2005 nihilominus

523 2046 595 2097 rum
632 2026 800 2098 ormulam
822 2027 864 2097 ali
891 2053 967 2100 uam
993 2051 1132 2125 precum
1155 2026 1321 2121 ejusmodi
1338 2029 1371 2097 in
1400 2026 1609 2099 documentis
1630 2025 1719 2097 illius
1746 2034 1805 2097 evi
1833 2028 1920 2099 haud
1949 2055 2001 2102 re·

523 2125 638 2220 perire
658 2119 715 2196 cll.
739 2151 742 2156 ·
762 2053 942 2196 Perludret
964 2128 1039 2221 quis
1061 2127 1271 2219 excutiatque
1298 2122 1477 2221 scriptores
1504 2147 1621 2197 omnes
1641 2148 1755 2196 rerum
1784 2126 2000 2198 Germanica·

523 2244 617 2302 rum,
638 2245 713 2317 que
730 2241 796 2292 tam
813 2224 847 2292 in
864 2226 1032 2320 Imperio,
1057 2247 1156 2317 quam
1172 2224 1204 2291 in
1227 2220 1377 2292 Ecclesris
1396 2222 1466 2315 ejus
1488 2227 1699 2314 contingere,
1724 2220 1755 2292 dc
1777 2248 1842 2293 non
1864 2245 1999 2318 compe·

523 2320 588 2389 sict
619 2313 800 2390 formulam
824 2343 965 2418 precum
992 2322 1216 2414 antiquiorem
1246 2317 1487 2412 Rudolphina,
1512 2317 1602 2388 nulla
1631 2318 1732 2389 modo
1755 2317 1896 2413 prostat,
1925 2345 1999 2417 quae

523 2438 645 2486 nomen
669 2415 847 2501 Lotharii‚
871 2418 1021 2490 Conradi
1042 2420 1103 2490 [ΙΙ.
1129 2416 1293 2487 Friderici
1318 2419 1345 2486 1.
1373 2437 1430 2487 aut
1450 2416 1593 2486 aliorum
1617 2419 1864 2510 Imperatorum
1892 2443 2000 2513 usque

524 2511 563 2582 sd
588 2512 809 2611 Rudolphum
831 2519 857 2586 1.
882 2512 1077 2611 praeseserre
1099 2501 1326 2606 dignoscitur,
1348 2538 1384 2583 ut
1407 2535 1529 2585 utnon
1555 2538 1802 2610 perurgemus,
1833 2514 1900 2610 jam
1923 2540 1999 2590 anre

522 2634 597 2683 cum
613 2615 840 2708 Imperatores
853 2613 929 2709 jure
946 2613 1004 2683 illo
1022 2611 1098 2683 usos
1113 2609 1193 2691 esse,
1218 2634 1274 2682 sut
1298 2613 1346 2680 uti
1372 2611 1535 2696 voluisse3
1561 2608 1716 2708 profesio
1737 2636 1791 2682 eas
1814 2636 1869 2685 aur
1892 2614 1997 2686 edaci·
2024 2691 2027 2698 ,

525 2730 590 2781 rste
610 2714 774 2806 temporis
797 2707 860 2782 else
881 2708 1089 2789 consumtus,
1121 2733 1177 2780 aut
1199 2734 1237 2780 ea
1267 2709 1468 2801 negligentia
1490 2706 1690 2804 scriptorum
1717 2709 1901 2805 posteritati
1930 2737 1997 2783 nou

525 2801 586 2878 ell'e
609 2803 828 2891 transmissas,
853 2809 989 2880 credere
1005 2833 1066 2904 par
1083 2804 1148 2887 cll,
1171 2807 1204 2877 id
1223 2807 1313 2903 quod
1336 2807 1537 2902 plerumque
1558 2809 1589 2876 in
1607 2807 1755 2896 iuribus,
1778 2832 1851 2902 quar
1873 2806 1997 2881 succes·
2087 2847 2092 2871 ι

522 2899 585 2978 sve
610 2904 895 2985 introducuntur,
922 2903 1096 2976 usuvenire
1119 2903 1222 2975 solet:
1247 2907 1311 2978 tale
1325 2905 1379 2999 jus
1402 2929 1473 2976 erat
1493 2900 1631 2975 facultas
1654 2908 1890 3002 primariorum
1917 2931 1995 2998 preq
2066 2943 2072 2950 ·

520 3026 614 3085 cum,
639 3027 712 3098 que
736 3004 942 3098 pedetentim
966 3006 999 3074 in
1023 3006 1204 3077 Germania
1228 2995 1439 3075 invaluerunt
1464 2998 1569 3074 ferme
1594 3028 1670 3074 eum
1690 3008 1723 3073 in
1748 3004 1903 3084 modum,
1926 3031 1995 3101 quo

545 3123 637 3172 reces
657 3097 837 3172 Pontifieiae
852 3104 886 3172 in
905 3101 1055 3172 mandata
1079 3099 1119 3171 de
1140 3102 1349 3197 providendo
1365 3102 1464 3194 &jus
1483 3098 1675 3172 conserendi
1692 3099 1849 3172 beneficia
1872 3102 1910 3171 ad
1928 3106 1995 3173 col·
2066 3143 2069 3150 ·

520 3122 643 3269 satores
666 3198 854 3271 ordinarios
870 3201 951 3271 olim
974 3196 1156 3295 spestantia·
1176 3198 1390 3275 transierunt:
1416 3204 1460 3271 ita
1477 3197 1618 3271 sentiunt
1640 3203 1703 3270 viri
1718 3203 1752 3269 in
1771 3198 1904 3272 hilloria
1922 3226 1994 3273 ver·

520 3291 661 3367 satiffimi
687 3297 724 3389 a)
748 3320 894 3391 quorum
915 3294 1108 3379 sententiae,
1137 3295 1261 3395 absque
1278 3295 1461 3389 gravissima
1484 3301 1640 3380 ratione,
1669 3294 1831 3390 refragari
1852 3296 1929 3370 esset
1951 3299 1994 3372 de

518 3388 550 3465 se
575 3390 845 3492 praesumptionis
869 3398 981 3466 nimie
1006 3396 1179 3468 indicium.
1228 3393 1330 3468 Tesle
1351 3399 1463 3492 itaque
1486 3392 1622 3467 historia
1643 3394 1853 3470 ecclesiastica
1874 3397 1993 3469 Seculo

519 3492 592 3564 llll.
621 3486 798 3563 Pontifices
822 3496 935 3587 primo
957 3492 1040 3565 bene
1065 3502 1203 3570 meritus
1226 3494 1366 3564 clericos
1394 3495 1572 3564 ordinariis
1600 3491 1815 3565 collatoribus
1838 3494 1994 3568 duntaxat

519 3587 796 3661 commendabant
815 3615 851 3661 ac
871 3591 1108 3688 precabantur,
1127 3593 1231 3661 uthis
1260 3593 1407 3686 primum
1428 3614 1581 3661 vacatura
1605 3588 1763 3661 beneficia
1787 3588 1992 3675 conferrent,

519 3681 609 3759 sasso
631 3686 799 3757 Hadriani
813 3692 874 3758 lV.
899 3690 933 3759 id
954 3687 1130 3785 perspicue
1150 3688 1289 3759 docente
1313 3692 1344 3780 b)
1371 3689 1499 3758 Eodem
1520 3688 1561 3756 ad
1588 3687 1737 3758 medium
1758 3687 1925 3783 produllo
1946 3686 1992 3762 se·

517 3783 592 3855 culo
607 3808 725 3882 preces
748 3808 890 3858 armatas
906 3790 975 3877 jam
997 3783 1200 3857 admiscuere
1225 3787 1257 3871 c)
1282 3809 1323 3858 eo
1346 3785 1436 3883 quod
1458 3808 1577 3858 eorum
1605 3808 1720 3881 preces
1745 3783 1902 3859 effeuum
1924 3811 1992 3859 non

517 3877 737 3965 sortirentur,
756 3883 812 3954 led
829 3909 904 3955 cum
921 3909 982 3956 nec
1006 3884 1159 3955 mandata
1178 3879 1350 3972 Pontificia
1372 3909 1391 3955 a
1414 3883 1631 3956 collatoribus
1656 3883 1815 3957 beneficia
1835 3885 1993 3957 extunde·

518 4003 613 4063 rent,
637 4004 832 4054 executores
849 3981 969 4054 Seculo
985 3986 1077 4056 Xlll.
1105 3979 1363 4064 constituerunt,
1387 3986 1575 4078 quicontra
1590 3978 1788 4052 reluslantes
1804 3982 1992 4057 ordinarios

519 4078 696 4153 collatores
720 4103 837 4175 preces
857 4081 1020 4150 mandaris
1041 4083 1157 4151 mixtas
1180 4089 1365 4152 executioni
1390 4082 1530 4152 darent:
1567 4082 1604 4170 d)
1632 4080 1663 4147 dr
1690 4084 1840 4173 quamvis
1859 4082 1993 4172 longius

517 4175 586 4249 hec
600 4202 672 4260 res,
693 4200 795 4273 quam
811 4178 934 4251 vellent
949 4178 1144 4258 collatores,
1167 4179 1381 4273 procederet,
1401 4203 1439 4251 ea
1455 4203 1564 4249 tamen
1589 4178 1776 4248 moderatio
1789 4200 1859 4250 rum
1876 4204 1893 4249 a
1910 4185 1991 4251 Pon·

516 4272 661 4348 tificibus
682 4274 832 4348 adhibita
846 4271 928 4358 suit,
952 4299 990 4348 ut
1005 4300 1047 4348 ne
1064 4300 1180 4372 preces
1197 4274 1269 4348 suas
1285 4280 1317 4346 in
1335 4278 1449 4348 eadem
1469 4271 1607 4345 Ecclesia
1624 4278 1795 4350 iterarent.
1822 4280 1851 4365 e)
1877 4279 1992 4347 Ponti·

502 4370 615 4445 ‘licum
630 4374 783 4470 exempla
797 4372 899 4447 secuti
924 4374 1078 4446 videntur
1101 4378 1345 4469 Imperatores,
1368 4375 1426 4469 qui
1451 4374 1568 4444 Seculo
1594 4357 1669 4446 ΧΠ.
1694 4397 1810 4470 preces
1830 4375 1934 4446 nudas
1957 4374 1993 4450 dt

516 4472 824 4544 commendationes
843 4473 884 4544 ad
900 4469 1101 4570 Episcopus,
1123 4471 1278 4566 Capitula
1294 4496 1350 4541 aut
1371 4472 1453 4543 alios
1477 4471 1653 4543 collatores
1675 4473 1892 4554 direxerunt,
1917 4497 1992 4568 quae

512 4592 587 4643 sum
603 4567 646 4642 ab
668 4568 845 4642 arbitrario
863 4596 980 4643 eorum
997 4567 1188 4641 admiffione
1208 4570 1410 4666 penderent,
1435 4595 1501 4640 non
1522 4567 1753 4665 infrequenter
1770 4570 1900 4666 rejellae
1914 4595 1992 4640 con·

508 4689 691 4770 anteque
706 4666 799 4760 sunt,
822 4668 883 4747 nifi
899 4670 1023 4769 regule
1038 4670 1213 4771 politices,
1237 4667 1497 4769 &prudenuae,
1522 4667 1580 4746 aut
1602 4670 1826 4746 commendati
1851 4676 1992 4746 uirtutes·

1956 4764 1992 4844 dc
