5017 5592
554 657 558 664 ’
611 659 683 740 DE
697 661 765 741 EO
784 663 1155 765 QUODJUSTUM
1169 665 1262 744 EST
1274 665 1424 794 cutes
1443 665 1769 751 Attonttznt.
1790 673 1858 751 &ci
1916 680 1988 775 697

512 845 674 940 geniturae
690 845 752 918 drc.
778 843 901 919 salvum
918 869 1028 918 manet
1044 846 1256 944 Ecclesisjus
1273 849 1314 920 ad
1326 872 1443 932 catera
1457 847 1543 922 bona
1560 853 1778 949 acquirenda,
1795 856 1829 926 in
1841 877 1987 951 quorum

512 948 761 1039 comparatione
777 947 900 1041 praedia
918 942 1211 1019 fideicommillatia
1228 951 1345 1038 exigua
1360 972 1396 1018 ac
1412 973 1508 1044 prcne
1524 951 1613 1021 nulla
1627 949 1720 1034 sunt;
1754 950 1809 1023 sed
1825 956 1858 1028 in
1874 951 1988 1025 nolito

512 1041 587 1114 casu
604 1044 759 1137 Princeps
778 1043 926 1115 absolute
945 1042 978 1115 dt
993 1043 1034 1114 ad
1050 1048 1161 1116 omnia
1187 1043 1274 1116 bona
1291 1046 1429 1118 emenda
1452 1043 1626 1118 Ecclestam
1644 1050 1755 1121 reddit
1772 1054 1814 1120 itt
1828 1050 1988 1124 habilem.

511 1143 631 1235 Itaque
646 1139 819 1212 discrimen
836 1145 922 1211 inter
935 1164 1115 1237 utrumque
1130 1140 1176 1214 esi
1190 1166 1337 1226 tantum,
1354 1167 1515 1238 quantum
1532 1146 1565 1216 in
1581 1169 1639 1222 co,
1658 1143 1682 1215 fi
1697 1149 1772 1243 quis
1789 1169 1821 1220 te
1835 1149 1993 1242 privatus

512 1237 702 1310 excluderet
718 1265 734 1308 a
750 1243 959 1332 navigatione
972 1240 1004 1308 in
1018 1237 1070 1309 sua
1088 1237 1228 1336 piscina,
1256 1242 1411 1336 Princeps
1426 1265 1507 1312 vero
1523 1265 1541 1311 a
1559 1264 1630 1313 toto
1648 1247 1796 1317 Oceano.
1846 1249 1946 1317 Certe
1963 1241 1989 1322 li
2088 1325 2099 1338 ,

513 1335 678 1408 omnes&
698 1334 829 1426 lingula
851 1333 986 1407 familire
1011 1339 1148 1433 privatae
1168 1335 1397 1434 conspirarent
1415 1340 1449 1410 in
1470 1336 1718 1411 fideicommissa
1727 1337 1902 1423 facienda,
1925 1365 1989 1416 nec

503 1435 673 1529 ‘Princeps
691 1431 905 1505 diffimularet
927 1430 1034 1515 sorte,
1060 1459 1120 1506 nec
1143 1439 1230 1506 cives
1249 1435 1388 1530 reliqui,
1414 1458 1524 1531 neque
1544 1461 1619 1508 cum
1641 1437 1692 1508 his
1710 1436 1871 1511 Ecclesae.
1897 1459 1938 1524 tt.
1957 1465 1992 1512 a.

513 1530 779 1602 Fidcicommilsa
796 1536 878 1627 Jura
895 1554 965 1604 tunt
985 1532 1075 1603 civili
1096 1556 1166 1603 tum
1187 1535 1346 1604 canonico
1367 1557 1385 1602 a
1413 1532 1550 1627 probata
1567 1531 1705 1617 scimus,
1730 1536 1882 1632 adeoque
1901 1532 1991 1622 adest

513 1627 686 1700 consensus
704 1630 735 1700 dr
752 1634 944 1725 Principum
962 1630 995 1700 tr
1012 1628 1221 1702 Pontificum.
1261 1633 1365 1701 Hunc
1382 1557 1410 1701 si
1419 1629 1597 1704 adversarii
1612 1632 1799 1706 authentice
1813 1633 1990 1706 exhibeant

513 1749 579 1824 pro
594 1728 667 1818 lege
682 1731 958 1809 amortizationia,
984 1726 1069 1798 salva
1089 1753 1141 1800 res
1155 1725 1220 1799 esl:
1247 1730 1396 1800 canimus
1412 1732 1577 1825 receptui.
1632 1750 1670 1812 ts.
1683 1756 1713 1823 3.
1739 1736 1773 1803 Si
1786 1731 1825 1803 ad
1842 1729 2013 1834 subtilis·x

512 1847 587 1897 tem
602 1847 776 1895 anatomen
792 1849 985 1896 revocemus
1008 1847 1259 1918 argumentum,
1285 1821 1403 1896 salsum
1425 1823 1472 1896 est
1494 1823 1602 1922 ipsum
1625 1831 1890 1924 enthymematis,
1901 1849 1989 1901 ante·

510 1918 645 1994 cedens.
696 1929 805 1993 Autor
819 1921 1057 1993 fideicommissi
1070 1948 1136 1994 non
1148 1925 1263 2004 Titio,
1286 1920 1340 1991 sed
1355 1925 1414 1992 toti
1430 1919 1565 1994 semiliae
1578 1922 1714 1996 donavit
1728 1952 1801 1998 rem
1818 1923 1989 1997 fideicom-

515 2014 611 2089 milso
628 2020 791 2093 innexam.
841 2024 967 2116 Quaero
982 2045 1020 2092 er
1034 2019 1109 2115 ipsts
1125 2016 1355 2098 Adversariis,
1380 2016 1402 2089 fi
1421 2041 1491 2090 tota
1516 2016 1642 2092 familia
1664 2046 1847 2121 omnesque
1868 2047 1904 2094 tc
1927 2019 1991 2093 fisa

515 2112 585 2208 guli
600 2120 721 2206 Agnati
732 2113 971 2198 consentirent,
991 2141 1105 2190 utrum
1121 2111 1407 2189 fideicommisum
1421 2113 1505 2187 illud
1520 2112 1617 2213 posht
1631 2141 1721 2189 extra
1733 2117 1894 2191 familiam
1910 2119 1991 2192 aliea

512 2215 603 2295 nari,
636 2214 752 2285 donari
771 2214 833 2286 dcc.
882 2215 1284 2288 Annuenttotovertice:
1310 2209 1728 2286 obtectumclarislimum
1752 2221 1790 2288 L.
1809 2243 1850 2288 rt
1889 2215 1989 2290 Cssde
2046 2247 2099 2322 κ]

512 2306 960 2384 fideicomdtautotitatcm
975 2310 1346 2393 Dnslorumomnium,
1381 2336 1526 2408 quorum
1551 2314 1605 2388 vir
1630 2314 1808 2409 quitquam
1830 2310 1895 2397 tsi,
1927 2315 1988 2412 qui
2138 2321 2142 2328 '

512 2405 688 2480 dissentiat.
739 2406 871 2482 lnsero:
896 2434 978 2502 ergo
1004 2412 1102 2484 etiam
1129 2409 1193 2481 hoc
1213 2404 1287 2480 casu
1308 2412 1434 2504 poterit
1453 2411 1588 2494 alienari
1612 2412 1646 2479 in
1667 2409 1841 2484 Ecclesiam
1864 2411 1904 2483 ab
1927 2437 1988 2496 co,
2057 2447 2061 2460 ·
2093 2463 2103 2476 ·

511 2506 568 2578 cui
586 2503 701 2577 relide
726 2505 771 2579 est
793 2532 847 2578 res
872 2502 1110 2579 fideicommissi
1132 2531 1217 2580 nexu
1237 2505 1380 2598 illigata3
1413 2503 1662 2610 sciliceq‘btota
1681 2502 1819 2581 familia.
1869 2513 1989 2606 ltaque

511 2611 624 2674 Autor
639 2601 876 2675 fideicommissi
893 2632 951 2677 nec
967 2628 1073 2685 vetat,
1101 2629 1161 2674 nec
1182 2599 1270 2674 forte
1290 2626 1402 2696 vetare
1424 2603 1549 2702 potest.
1565 2601 1622 2674 ''ne
1643 2608 1688 2685 is,
1731 2609 1784 2678 cui
1808 2604 1910 2677 donat
1934 2605 1989 2677 vel
2103 2656 2109 2664 -

514 2700 705 2770 transcribit
720 2697 1024 2784 fideicommissum,
1048 2701 1130 2773 illud
1145 2705 1219 2771 Deo
1241 2698 1293 2769 vel
1312 2701 1413 2774 causta
1428 2706 1494 2800 piis
1514 2697 1739 2774 consecratum
1762 2705 1860 2775 velit:
1903 2706 1990 2775 Hac

478 2859 480 2864 ,
508 2800 603 2870 enim
619 2796 769 2869 conditio
783 2796 988 2870 manifestam
1002 2798 1185 2871 involveret
1200 2803 1424 2894 impletatem,
1466 2802 1499 2876 vi
1524 2796 1618 2896 cujtts
1639 2798 1797 2874 Teslttot
1817 2795 1990 2878 christum

511 2895 551 2982 in
566 2894 597 2966 dr
612 2918 688 2969 cum
706 2893 846 2971 Ecclesia
862 2893 916 2970 sua
932 2895 1089 2971 scriberet
1105 2897 1326 2973 exhaeredem.

628 3092 698 3163 tx.·
713 3092 763 3161 Ut
777 3086 899 3163 fundus
916 3089 1137 3165 transferatur
1155 3092 1195 3164 ad
1211 3089 1405 3175 Ecclesiam,
1439 3091 1626 3184 requiritur
1643 3084 1817 3164 consensus
1836 3086 1920 3184 ejus,
1945 3083 1989 3160 ad
2044 3135 2051 3148 ·

514 3208 616 3282 quem
634 3191 778 3283 pertinet
791 3190 866 3282 jure
882 3194 1119 3284 proprietatis,
1147 3214 1228 3279 ergo
1243 3195 1343 3259 etiarn
1359 3187 1532 3260 consensus
1550 3189 1640 3286 ejus,
1666 3190 1706 3260 od
1724 3213 1823 3283 quem
1843 3190 1990 3281 pertinet

510 3282 590 3379 jure
608 3290 742 3356 Domitii
756 3290 826 3356 alti.
859 3284 981 3356 Addit:
1005 3287 1128 3356 virtute
1142 3286 1241 3355 huius
1257 3289 1391 3354 Dominis
1407 3289 1464 3354 alti
1480 3281 1573 3355 fiscus
1588 3309 1728 3379 occupat
1744 3286 1829 3353 bona
1845 3287 1990 3366 civium3
2033 3315 2037 3324 ·

511 3405 555 3452 ex
576 3382 693 3453 todem
716 3377 809 3453 fonte
830 3380 935 3452 fluere
953 3378 1362 3550 jurasspraescripfionum,
1395 3383 1515 3476 pignus
1544 3379 1666 3470 legale,
1698 3377 1859 3472 gabellas,
1890 3377 1992 3452 colle·

512 3475 583 3549 sias
601 3480 665 3550 dtr.
717 3499 757 3562 tt.
783 3484 866 3549 Non
886 3476 932 3550 esi
948 3504 1026 3551 nece
1054 3504 1091 3563 e,
1119 3503 1225 3570 paneg
1251 3481 1303 3550 rin
1325 3499 1435 3548 terere
1453 3477 1531 3547 huic
1551 3477 1701 3546 dominio
1724 3476 1901 3554 eminenti,
1932 3475 1990 3546 cui

513 3575 606 3648 ultro
621 3575 815 3667 assurgimus
832 3600 987 3672 tanquam
1002 3576 1069 3673 juri
1089 3601 1107 3648 e
1122 3503 1296 3669 Majeliate
1311 3575 1508 3652 dimanans,
1535 3598 1643 3669 neque
1667 3571 1750 3644 hanc
1773 3577 1990 3664 margaritam

514 3692 584 3744 tam
607 3673 752 3745 nobilem
772 3679 954 3745 excutimus
978 3679 1141 3746 ecoronis
1156 3678 1361 3770 Principum.
1419 3673 1506 3769 Quia
1529 3693 1638 3741 tamen
1660 3668 1852 3767 hypothesis
1878 3668 1990 3741 nostra

512 3766 601 3841 bona
618 3773 657 3841 ad
677 3769 832 3842 Ecclesas
852 3771 1008 3843 dovoluts
1026 3799 1091 3844 non
1107 3775 1220 3844 eximit
1235 3798 1253 3842 a
1268 3770 1400 3842 tributis
1419 3771 1601 3840 anticuitus
1617 3771 1716 3864 pendi
1739 3766 1860 3858 solitis,
1891 3767 1991 3838 adeo·

541 3894 581 3940 ue
596 3893 634 3940 er
649 3871 688 3939 iis
709 3867 880 3966 praeslatur
895 3873 1060 3968 Principi,
1086 3871 1176 3965 quod
1194 3874 1223 3940 vi
1247 3874 1380 3940 Dominis
1394 3875 1450 3938 altt
1467 3863 1571 3938 solent
1585 3875 1717 3958 exigere
1735 3867 1917 3959 Principes,
1938 3886 1991 3936 re·

512 3891 716 4062 spondemus
733 3963 820 4037 sorte
840 3992 905 4037 non
918 3971 1128 4039 inconcinne:
1156 3971 1203 4037 Ut
1226 3961 1349 4036 fundus
1372 3959 1592 4037 transferatur
1615 3967 1647 4034 in
1671 3968 1777 4035 civem
1798 3985 1898 4034 enam
1917 3955 1991 4032 insi·

514 4087 580 4137 mae
599 4063 705 4160 plebis
724 4089 789 4134 non
808 4067 992 4159 requiritur
1007 4062 1178 4136 consensus
1197 4065 1409 4161 Principum,
1435 4085 1517 4154 ergo
1543 4067 1649 4133 multo
1671 4085 1794 4136 minus,
1829 4082 1865 4129 ut
1885 4082 1992 4130 trans·

514 4155 645 4234 fetatur
664 4164 695 4230 in
713 4157 886 4231 Ecclefiam
903 4186 975 4257 quae
995 4161 1200 4257 gaudctjure
1218 4164 1371 4232 civitatis.
1421 4161 1518 4234 Adde
1533 4160 1623 4254 quod
1647 4156 1818 4228 consensus
1842 4153 1900 4226 isle
1922 4156 1991 4324 pri·

492 4303 496 4308 -
515 4258 593 4329 dem
612 4255 649 4327 sit
669 4254 833 4329 concessus
854 4282 927 4328 cum
945 4257 1016 4354 ipso
1031 4261 1106 4354 jure
1122 4262 1285 4341 civitatis3
1312 4259 1345 4329 id
1370 4258 1460 4353 qund
1479 4283 1520 4327 eo
1541 4260 1646 4348 magis
1662 4253 1737 4325 sinit
1759 4281 1797 4325 es
1811 4254 1919 4349 hypot
1946 4249 1990 4327 esi

515 4353 794 4429 Adversariorum
818 4357 974 4436 illorum,
1007 4361 1062 4450 qui
1087 4358 1234 4427 Clericus
1258 4355 1299 4425 ab
1327 4354 1485 4425 oneribus
1508 4353 1648 4448 publicis
1667 4375 1837 4449 exemptos
1852 4352 1988 4433 nolunt,

515 4453 550 4526 dt
569 4456 608 4523 ad
630 4453 807 4549 praellanda
825 4451 948 4524 tributa
963 4452 1132 4546 obligant,
1158 4463 1227 4544 quia
1241 4454 1314 4541 sum
1328 4456 1457 4522 membra
1474 4461 1550 4542 terp.
1600 4453 1674 4546 Jatn
1693 4448 1746 4520 ubi
1767 4455 1877 4540 agitur
1891 4441 1990 4517 defa-

511 4551 652 4625 vortbus
667 4557 798 4622 annexis
813 4552 878 4647 juri
894 4553 1058 4631 civitatis,
1082 4549 1123 4622 de
1139 4546 1294 4621 facultate
1311 4548 1442 4621 emendi
1466 4547 1550 4620 bona
1567 4545 1709 4626 stabilia,
1736 4573 1795 4618 cut
1817 4569 1883 4615 non
1903 4543 1992 4613 valet

512 4671 772 4746 argumentum:
812 4659 891 4725 Sunt
911 4651 1063 4725 Membra
1084 4654 1158 4746 reip.
1180 4672 1261 4744 ergo
1284 4642 1416 4743 possunt
1435 4651 1607 4745 acquirere
1631 4645 1795 4744 &emere
1819 4667 1856 4716 ut
1881 4640 1993 4753 rUaeteri

592 4744 718 4844 Tentat
733 4743 781 4828 V.
1305 4749 1369 4817 Tr
1393 4763 1434 4818 tt
1718 4815 1724 4820 ,
1874 4739 1990 4818 ctrtsl
