5017 5592
496 659 570 742 tes
685 579 1031 726 otssnnrnrro
1047 635 1393 760 Juntsruntto
1411 629 1784 712 nccttstasrtct

615 823 796 902 Factorum
811 827 845 898 in
869 824 1051 898 Germania
1074 823 1151 894 ltine
1172 821 1249 893 inde
1276 821 1525 893 occurrentium
1546 809 1653 890 facilit
1674 815 1742 891 erit
1761 821 1974 918 comparatio.

500 929 605 1003 Unde
619 929 879 1027 applicationem
895 924 1053 1024 prudenti
1071 924 1194 1020 cuique
1209 915 1330 994 letiori
1353 917 1473 993 lubens
1491 917 1659 1016 relinqua.

1129 1139 1160 1222 §.
1210 1125 1364 1207 XXXI.

621 1273 699 1342 Nec
719 1287 830 1342 tamen
845 1266 874 1339 is
891 1284 1030 1361 quoque
1044 1261 1156 1335 videri
1176 1263 1271 1346 eolo,
1296 1263 1355 1359 qui
1369 1283 1500 1354 mutato
1513 1259 1619 1333 hodie
1629 1260 1773 1356 Imperii
1790 1255 1879 1332 statu
1893 1281 1979 1358 atque

424 1403 427 1410 ·
507 1367 756 1462 Superiotitate
770 1363 990 1438 Terriroriali
1003 1385 1090 1432 uune
1108 1385 1169 1456 per
1183 1361 1275 1454 leges
1288 1361 1422 1434 easdem
1440 1357 1589 1455 publicas
1604 1356 1763 1441 stabilita,
1789 1363 1976 1532 qmmff

506 1472 652 1564 proprio
668 1468 859 1562 quicunque
872 1461 1019 1534 Ordines
1034 1455 1218 1553 Majellaris
1235 1454 1335 1555 iplius
1346 1459 1499 1529 omulam
1514 1463 1549 1528 in
1563 1453 1620 1530 suo
1634 1456 1812 1540 obtinent,
1829 1459 1911 1532 Stati
1968 1505 1977 1542 ,

507 1565 565 1660 qui
582 1563 682 1635 iidem
702 1586 837 1660 quoque
852 1561 953 1630 nativi
971 1553 1044 1629 l'unt
1061 1556 1314 1653 particularium
1336 1553 1555 1628 Ecclesterum
1574 1550 1661 1628 adse
1677 1556 1898 1628 attinentium
1914 1561 1978 1628 Tu·

359 1689 389 1706 ‘·
508 1682 600 1732 torea
622 1687 660 1734 sc
684 1657 915 1735 Proteilores,
948 1653 1034 1724 nihil
1058 1649 1195 1747 prorsus
1225 1655 1313 1728 circa
1339 1653 1521 1726 earundem
1548 1653 1721 1725 libertates
1744 1649 1905 1726 relitlum
1925 1647 1977 1728 elle

509 1753 666 1841 ell'erani,
692 1781 749 1829 aar
766 1779 882 1828 notum
899 1751 982 1823 illud
1002 1749 1157 1844 adagium
1173 1775 1212 1823 er
1230 1761 1303 1846 cap.
1319 1755 1361 1826 Χ.
1378 1758 1415 1824 dt
1437 1752 1564 1842 candit.
1587 1774 1800 1833 mutuatum,
1825 1755 1911 1844 poafi
1928 1753 1978 1838 {alt

509 1880 559 1928 est
574 1881 696 1928 maneat
715 1854 889 1947 obsequendi
903 1851 1069 1944 nereffltas,
1097 1874 1155 1920 sart
1172 1853 1345 1922 authoritas
1364 1855 1546 1943 irapetattdi,
1580 1851 1753 1946 applicare
1774 1849 1891 1924 cutim.
1936 1849 1979 1922 tt

449 2073 451 2078 =
511 1947 1498 2126 {Sellilrslllittlt‘l'lli'tltlllllll‘r.
1523 1943 1873 2119 ίἶ’.ἷξῗῗῖιῖἷιι’ἓέῗίῗὲἒὶ
1887 1946 1980 2122 [ll

511 2153 599 2222 mari
622 2145 762 2247 poliunt
813 2143 867 2217 nb
882 2169 920 2218 ea
941 2142 1084 2240 proinde
1104 2071 1360 2242 circumspetiib
1381 2071 1418 2213 abl
1439 2069 1651 2240 providentia
1672 2145 1832 2240 quedam
1850 2141 1981 2244 separari

513 2249 648 2345 nequit,
673 2265 925 2343 quaterentur,
948 2265 989 2313 ne
1006 2262 1063 2312 aut
1086 2237 1239 2311 concesse
1257 2239 1423 2338 superiori
1451 2243 1524 2332 lege
1546 2239 1717 2312 libertates
1739 2241 1872 2316 malitia
1890 2245 1981 2316 homi·

514 2369 597 2417 num
613 2347 647 2416 iu
666 2340 803 2416 abusum
818 2363 919 2441 atque
935 2339 968 2408 in
993 2361 1117 2410 nouum
1143 2337 1375 2435 prejudicium
1402 2339 1611 2436 reliquorum
1632 2335 1850 2412 subditorum
1870 2367 1981 2414 tereto

475 2517 479 2526 ,
515 2463 590 2524 tur,
610 2463 667 2514 aut
686 2466 727 2513 ne
742 2443 843 2510 nimia
867 2435 1048 2511 earundem
1069 2434 1210 2507 ettenfio
1232 2459 1309 2506 curn
1330 2437 1516 2507 rationibus
1538 2441 1649 2508 Statue
1668 2434 1717 2508 l'ui
1733 2437 1828 2510 baud
1845 2437 1983 2538 compos·

516 2538 620 2616 libilis
634 2535 748 2612 senstm
765 2531 981 2628 ingravescat.
1030 2537 1071 2604 Et
1087 2535 1224 2629 quidem
1245 2540 1341 2630 prior
1362 2539 1460 2604 utrius
1482 2534 1658 2620 alteriusve
1678 2539 1842 2610 duntaxat
1856 2539 1983 2610 membri

517 2637 663 2719 malitia,
679 2660 735 2709 aut
749 2631 885 2713 abusus,
909 2656 1006 2704 unius
1021 2632 1075 2702 lric
1092 2635 1125 2702 dt
1140 2655 1225 2703 nunc
1241 2627 1406 2702 exilientis
1424 2631 1552 2703 Prolati
1567 2630 1737 2704 oscitantia
1752 2633 1809 2704 trel
1835 2636 1984 2734 precipiti

519 2737 593 2808 aelo
615 2757 811 2814 attentatus,
834 2757 900 2804 non
921 2733 996 2801 ideo
1012 2727 1117 2801 llatim
1132 2729 1267 2801 totalem
1286 2734 1534 2802 revocationem
1545 2725 1669 2800 favoris
1685 2753 1725 2801 ex
1738 2729 1986 2823 jullilstmitcau·

519 2832 561 2907 fis
586 2833 726 2932 publicis
750 2857 767 2901 a
791 2825 1079 2928 Superioribus&
1106 2823 1373 2901 Antecellotibus
1398 2825 1463 2900 suis
1486 2830 1547 2899 toti
1570 2829 1681 2900 ordini
1705 2852 1811 2925 atque
1834 2856 1984 2928 perpetuo

520 2927 660 3005 conuelli
677 2926 886 3025 justificabir;
907 2929 1031 2996 mutuis
1047 2949 1157 2995 tamen
1183 2926 1556 3008 communicationibus,
1581 2928 1675 3022 queis
1697 2952 1874 3024 nunquam
1891 2932 1985 3004 Eccle·
2023 2935 2025 2940 ’

521 3030 566 3102 lia
588 3025 891 3125 promptitudinem
908 3021 998 3092 suem
1016 3023 1182 3114 denegate
1196 3018 1296 3099 soler,
1313 3021 1422 3094 ansam
1438 3023 1540 3094 dabit.
1593 3029 1773 3095 luveterati
1794 3053 1878 3100 vero
1895 3023 1988 3102 fifite·

523 3129 609 3206 rittt,
633 3121 833 3202 constantes,
851 3123 1008 3217 perpetui
1032 3143 1067 3190 ac
1089 3120 1185 3190 latius
1206 3115 1334 3200 diffuli,
1357 3120 1436 3193 licut
1459 3123 1607 3219 alioquin
1624 3117 1791 3194 efficacius
1816 3127 1988 3198 remedium

523 3225 627 3295 unitis
649 3218 776 3292 viribus
799 3221 982 3310 parandum
1009 3224 1170 3309 etigunt,
1201 3243 1275 3290 cum
1298 3221 1408 3289 rotalis
1423 3225 1590 3292 revocatio
1612 3221 1652 3290 ad
1675 3221 1824 3293 eundem
1847 3228 1988 3322 pertinet,

525 3320 567 3394 ad
582 3344 682 3419 quem
703 3313 883 3401 concelli03
905 3315 946 3387 ad
972 3317 1265 3409 imperatorem&
1284 3321 1470 3413 lmperium
1491 3316 1597 3390 facilis
1617 3319 1681 3389 erit
1706 3320 1885 3406 recursus,
1906 3347 1992 3398 utre·

526 3420 688 3494 iormntio
706 3417 914 3497 obtineatur,
938 3438 1012 3510 que
1028 3411 1068 3485 ab
1084 3413 1224 3487 Ecclesia
1241 3415 1402 3508 denegata
1424 3410 1525 3488 foret.
1580 3419 1678 3487 Hanc
1694 3420 1784 3488 viam
1802 3417 1994 3495 antecelioti·

525 3515 590 3590 bus
607 3517 643 3588 8.
659 3518 700 3590 R.
726 3516 866 3611 lmperii
878 3509 1063 3584 Ordinibus
1081 3508 1305 3609 praeplacurlle
1320 3511 1495 3585 ollendunt
1509 3536 1642 3585 centum
1656 3513 1711 3583 illa
1726 3523 1928 3607 gravamina
1941 3519 1995 3592 uni·

526 3619 570 3689 tis
594 3613 708 3685 lludiis
724 3609 923 3690 deliberata,
947 3632 1047 3726 atque
1062 3633 1179 3702 magna
1195 3634 1233 3682 etr
1250 3635 1363 3708 parre,
1389 3635 1549 3708 quantum
1567 3615 1615 3683 rei
1637 3615 1759 3684 veritas
1777 3613 1814 3689 tr
1831 3621 1923 3694 ratio
1936 3613 1995 3692 fun·

527 3713 604 3785 dats
623 3709 791 3806 exigebat,
809 3733 872 3807 pet
886 3704 1065 3806 ipsummet
1081 3709 1270 3781 Concilium
1284 3708 1525 3784 Tridentinum
1539 3707 1722 3783 emendata.
1741 3713 1787 3807 a)

1967 3813 1998 3886 tt

644 3975 878 4073 protadionem
900 3971 1050 4072 liegiqm,
1077 3991 1252 4074 eoru-mque
1272 3975 1388 4077 domos
1402 3975 1436 4041 dr
1452 3977 1567 4077 praedia
1586 3978 1715 4060 recipit,
1737 3983 1953 4061 permittent,
1974 3991 2001 4046 at

644 4071 806 4144 apponant
820 4075 853 4120 tn
870 4058 930 4118 suta
944 4058 1064 4119 aedrbua
1087 4068 1179 4120 terrra
1203 4061 1236 4120 dt
1254 4059 1342 4124 vtllre
1354 4061 1483 4142 infigura
1501 4062 1586 4144 regia
1600 4061 1638 4124 ad
1656 4062 1775 4125 salvam
1789 4067 1965 4148 guardien.

705 4177 803 4254 Quod
816 4177 898 4239 idem
913 4172 948 4236 dt
961 4171 1017 4238 Ca
1028 4195 1049 4237 tt
1060 4193 1082 4236 o
1092 4195 1124 4240 ι..
1144 4174 1202 4240 ΙΧ.
1220 4178 1335 4256 paritet
1347 4178 1491 4241 edixerat
1509 4179 1579 4241 Art.
1592 4196 1641 4260 1⁵·
1655 4178 1913 4250 Constitutlouia
1933 4181 2001 4250 tart

646 4255 698 4323 fiis
712 4263 807 4324 editae
825 4259 876 4322 die
891 4257 939 4323 16.
957 4257 1075 4340 Aprilis
1094 4258 1190 4320 Anno
1206 4259 1347 4341 ejusdem
1362 4258 1467 4324 l'aeculi
1481 4260 1707 4344 septuagefimo
1722 4265 1841 4344 ptimo.

574 4379 611 4460 a)
631 4374 898 4457 Propternirniam
908 4377 990 4441 Cleri
1007 4377 1242 4441 multitudinem
1257 4377 1425 4441 Clericisin
1440 4379 1616 4442 minoribus
1627 4377 1813 4442 coniiitutla
1826 4381 2003 4465 privilegio·

613 4477 682 4523 ram
694 4462 866 4522 eorundem
879 4460 949 4523 usus
959 4461 1105 4524 adcertaa
1116 4462 1318 4525 conditiones
1329 4459 1690 4544 restrictusfuitbeffi23.
1701 4458 1814 4544 capu.
1827 4464 1871 4527 de
1881 4465 2005 4531 Reform.

731 4588 848 4654 Nimiae
870 4592 1090 4656 solennitatum
1112 4596 1350 4679 degradationis
1376 4597 1525 4676 ambages
1545 4596 1740 4659 clericorum
1761 4597 2007 4684 delinquentium

629 4705 631 4718 =
650 4674 870 4826 impunitatem
885 4674 999 4736 lovere
1019 4677 1095 4740 visae
1114 4697 1187 4746 cum
1201 4680 1396 4748 detrimento
1413 4678 1589 4747 securitatis
1602 4678 1740 4766 publicat
1752 4675 2009 4756 immutatus

653 4775 691 4827 aa
738 4773 789 4842 13.
804 4753 921 4842 Cap.4.
935 4757 974 4824 de
986 4756 1128 4834 Reform,
