5017 5592
533 697 536 703 ,
590 608 663 707 n'n
681 601 809 729 Jum'c
830 626 1097 711 consenso
1112 626 1484 707 ιιιιιιιιιιιιιιιιιι
1502 567 1726 709 trucum.¹
1820 573 1915 747 ,δι’

363 831 366 894 l
414 834 511 890 retur
532 809 732 887 sollicitandi
748 812 945 895 collatores,
965 834 1004 885 nt
1028 791 1240 884 colletionem
1258 810 1300 883 sd
1316 808 1350 885 se
1371 812 1438 885 hoc
1456 812 1630 893 cuniculo,
1649 810 1774 908 previ«
1788 803 1897 911 impe·

363 905 365 990 i
412 912 717 1085 ιιῐιξΙιὶιποειιιὶἱῐίοιιιὶοιιο,
743 910 913 985 &deinde
930 934 1007 984 cum
1027 905 1192 1008 precisis,
1217 908 1241 983 fi
1264 910 1349 984 nolit
1366 911 1512 997 cedere,
1537 910 1599 985 lire
1624 906 1795 997 institute,
1816 934 1923 1030 pere.
1999 1006 2002 1010 Ι

447 1158 490 1241 a)
511 1151 697 1218 Chokierin
714 1149 823 1215 Schol.
843 1152 882 1213 td
902 1152 1059 1215 indultum
1087 1151 1318 1236 Apostolieuns.
1360 1154 1495 1221 Hermes
1514 1160 1569 1223 cit.
1598 1162 1662 1227 loc.
1689 1158 1893 1229 Stoeckenlus

495 1273 497 1278 ·
520 1235 605 1317 thes.
619 1253 670 1320 7²·
696 1234 834 1315 mejerus
849 1232 929 1301 thes.
942 1256 1012 1318 115.
1034 1236 1178 1317 Ayterus
1194 1240 1249 1316 cit.
1271 1251 1443 1307 comment.
1461 1262 1529 1327 rep.
1543 1239 1600 1312 VI.
1620 1244 1659 1331 S.
1679 1242 1771 1311 xsu

1043 1423 1103 1547 'o
1153 1453 1228 1530 lv.

527 1607 613 1701 Qtae
627 1603 730 1676 modo
751 1601 825 1677 sunt
847 1600 978 1686 esserto,
1002 1602 1112 1674 locum
1134 1607 1262 1700 pariter
1285 1602 1426 1689 hebent,
1448 1605 1582 1705 qnando
1601 1603 1740 1702 precisis
1763 1606 1815 1679 rel
1837 1629 1892 1678 er·

410 1696 535 1797 presse,
556 1703 590 1772 id
611 1700 676 1783 ess,
702 1703 811 1775 verbis
836 1704 887 1772 vel
907 1701 1038 1798 scriptis
1062 1704 1210 1790 legitime
1233 1707 1407 1798 probetis,
1433 1705 1587 1801 precibus
1602 1709 1788 1785 renuntiet,
1813 1706 1891 1776 hoc·
1961 1731 1965 1736 ·
2101 1735 2106 1750 ·

413 1824 477 1894 que
501 1797 585 1870 soler
609 1796 681 1870 fieri
704 1801 923 1895 plerumque,
947 1798 968 1868 st
996 1797 1191 1869 beneficium
1215 1827 1331 1873 vocans
1360 1800 1540 1894 litigiosum
1568 1802 1720 1872 redditur
1745 1803 1777 1873 dt
1801 1805 1889 1874 virm

413 1898 591 1967 ordinarie
604 1897 790 1968 collationis
814 1895 951 1994 precisis
974 1894 1030 1966 fibi
1054 1920 1158 1986 magis
1177 1894 1341 1967 faventem
1355 1905 1548 1995 Χιοιιιριιὶιτ
1572 1900 1623 1970 vel
1637 1902 1734 1970 tacite
1750 1899 1822 1969 illos
1839 1922 1891 1971 ro·

411 1994 545 2089 pudtst,
564 1994 598 2065 id
613 1994 702 2088 quod
719 2000 817 2065 variis
833 2020 870 2066 ex
886 1993 985 2066 csufis
1002 1994 1042 2064 sb
1057 2019 1097 2064 eo
1112 1992 1235 2064 factum
1254 1994 1485 2091 presumitur3
1505 2003 1530 2068 Ι.
1549 1994 1570 2065 si
1586 2020 1703 2094 preces
1716 2018 1889 2091 nunquam

411 2090 570 2169 insonat,
596 2096 642 2164 ΙΙ.
662 2091 683 2162 fi
701 2091 772 2188 posi
790 2089 910 2164 faelem
934 2089 1185 2163 insnustioncm
1204 2092 1410 2183 legitimam,
1439 2092 1637 2167 beneficium
1663 2118 1778 2166 votens
1801 2098 1890 2166 intre

411 2185 557 2260 mensem
583 2213 648 2260 non
674 2215 837 2285 acceptet,
863 2214 930 2286 quo
953 2187 1026 2259 ceso
1048 2189 1161 2259 saltem
1187 2192 1297 2285 quood
1323 2189 1425 2262 isthoc
1449 2187 1646 2270 beneficium
1669 2188 1820 2262 censetur
1843 2213 1890 2263 ts·

413 2290 471 2357 rite
492 2290 687 2359 renuntiare
701 2287 769 2382 jort
793 2288 869 2368 luo,
899 2292 960 2359 ill.
982 2282 1192 2382 siscrepttrc
1207 2288 1343 2379 quidem
1359 2289 1457 2372 reltt,
1478 2287 1532 2360 sed
1560 2282 1754 2358 difficultate
1769 2286 1889 2359 oborrt

413 2381 449 2455 sb
475 2390 707 2480 acceptatione
728 2386 936 2465 retrahitur,
962 2408 1025 2478 pro
1045 2407 1082 2454 es
1106 2385 1178 2455 viee
1196 2382 1252 2454 fibi
1275 2385 1432 2457 duntaxat
1450 2408 1557 2457 nocet.
1590 2389 1653 2458 lv.
1678 2386 1712 2454 Si
1727 2383 1829 2455 olium
1847 2382 1889 2456 nb
1961 2411 1965 2420 ·

413 2481 586 2552 ordinatio
613 2484 772 2554 collatore
792 2484 842 2553 vel
867 2480 1041 2577 precislem
1064 2504 1217 2575 tempore
1238 2480 1458 2578 posteriorem
1472 2485 1506 2554 vi
1529 2506 1667 2578 precum
1689 2478 1889 2556 beneficium

411 2602 531 2651 vocans
551 2579 584 2650 n
607 2581 679 2673 ejur
704 2577 930 2673 polscffionem
947 2577 1099 2650 obtinere
1117 2580 1294 2673 permittit.
1344 2585 1387 2652 V.
1408 2583 1443 2651 si
1459 2577 1550 2651 osius
1571 2575 1777 2674 possessorios
1790 2580 1889 2649 omit·

412 2677 467 2759 tit,
492 2675 528 2746 dt
552 2702 626 2773 qne
649 2680 680 2747 vi
701 2675 896 2750 statutorum
920 2676 952 2748 dt
977 2671 1252 2748 consuetudinum
1273 2673 1490 2749 Ecclesierum
1509 2673 1689 2774 praestnnds
1710 2673 1800 2756 sunt,
1820 2699 1889 2746 non

435 2773 561 2856 restet,
587 2773 707 2869 quibus
727 2774 884 2846 omnibus
904 2770 1027 2846 cofibus
1050 2773 1155 2845 solum
1183 2770 1328 2869 proisit
1353 2778 1425 2847 vice
1444 2778 1541 2847 recito
1563 2774 1624 2845 hoc
1642 2773 1889 2846 renuntiatione

411 2796 466 2942 sbi
493 2872 699 2968 prejudicat.
750 2876 812 2943 Vl.
835 2876 869 2943 in
890 2895 1092 2968 perpetuum
1114 2873 1307 2943 renuntiare
1327 2870 1473 2954 dicitur,
1493 2869 1516 2943 st
1538 2870 1646 2942 solide
1665 2872 1754 2940 inest
1773 2870 1887 2941 metri·

413 2972 563 3040 monium
580 2970 630 3039 vel
644 2965 879 3066 professionem
896 2967 1084 3064 religiosam
1098 2972 1245 3049 emittet,
1267 2969 1320 3039 vel
1335 2970 1424 3040 eliud
1442 2965 1640 3043 beneficium
1653 2967 1695 3041 de
1707 2965 1783 3064 jure
1797 2989 1888 3042 comt

413 3067 555 3140 muni&
577 3066 816 3142 consuetudine
828 3072 881 3142 vel
904 3066 1024 3139 sletuto
1045 3066 1297 3163 incontpstibilc
1316 3065 1511 3141 obtinuerit.

450 3238 489 3319 a)
513 3234 590 3301 Vitl.
609 3234 911 3300 ChokierinSchol.
932 3233 970 3296 nd
986 3230 1148 3295 lndultum
1166 3231 1238 3297 sect.
1256 3250 1286 3298 2.
1309 3251 1340 3299 ιι.
1361 3253 1409 3299 ιο.
1428 3232 1463 3297 dt
1483 3255 1527 3297 ex
1546 3252 1588 3297 eo
1606 3232 1723 3298 habent
1741 3230 1888 3297 Stoerlte·

525 3319 599 3380 nius
627 3317 719 3381 Thes.
734 3339 785 3402 74.
812 3319 956 3401 Ayretus
979 3319 1011 3379 in
1031 3314 1114 3379 distr
1136 3314 1319 3383 comment.
1342 3337 1410 3401 csp.
1425 3316 1483 3386 VI.
1507 3318 1541 3401 ὃ.
1560 3315 1650 3387 xlv.
1666 3313 1701 3381 dc
1718 3315 1793 3382 elii:
1814 3313 1885 3382 edd.
1993 3389 1996 3396 ,

526 3399 661 3465 Hermes
681 3403 735 3467 cit.
755 3399 867 3485 saepius
886 3400 963 3465 loco
985 3418 1015 3465 n.
1029 3416 1080 3482 54.

1087 3605 1118 3688 §.
1169 3594 1221 3669 V.

438 3801 440 3812 .
525 3752 575 3820 Er
590 3747 644 3820 hit
661 3744 836 3844 postremis
851 3752 1056 3822 matrimonii
1070 3750 1278 3823 conrrsslum
1286 3745 1338 3820 vel
1352 3742 1588 3835 professionem
1605 3740 1792 3836 religiosam
1809 3754 1890 3813 con-¹

417 3846 625 3921 “mentibus
640 3847 766 3930 modis,
787 3853 882 3943 queis
903 3846 1022 3921 tessere
1045 3847 1171 3919 dissum
1186 3846 1232 3920 est
1249 3847 1304 3942 jus
1324 3843 1489 3942 precistae,
1513 3842 1670 3926 nonnulle
1684 3841 1886 3910 oboriuntur

363 3941 364 3946 ’
417 3945 511 4016 dubie
526 3947 642 4039 prucis
661 3945 874 4021 enucleando.
890 3950 929 4020 l.
945 3971 985 4017 en
1006 3946 1164 4040 precisis,
1185 3946 1265 4016 dum
1284 3946 1535 4015 mercimonium
1561 3941 1766 4038 praecedcnte
1782 3939 1887 4032 impe·

416 4042 563 4116 dimento
585 4041 764 4114 dirimente
793 4046 893 4126 iniit,
911 4042 987 4138 jure
1010 4042 1068 4116 suo
1088 4042 1240 4116 excidisse
1260 4041 1419 4114 dicendus
1433 4038 1502 4113 stt?
1535 4038 1732 4131 quibusdam
1754 4033 1887 4105 videtur

417 4164 477 4212 non
498 4138 656 4210 excidere
674 4140 748 4227 jure
769 4140 826 4213 fibi
848 4166 910 4237 per
925 4165 1042 4236 preces
1063 4140 1215 4237 questro,
1240 4138 1324 4212 eden
1338 4162 1376 4210 ut
1401 4140 1476 4209 dein
1498 4133 1695 4209 beneficium
1720 4151 1836 4204 vscsns
1850 4135 1887 4206 in

363 4233 364 4270 ³
417 4234 554 4311 Ecclefis
584 4238 752 4307 nominem
777 4261 949 4331 receptare
970 4234 1082 4333 possit,
1102 4263 1139 4308 nc
1164 4263 1305 4308 utuntur
1319 4239 1343 4306 ii
1364 4259 1433 4327 erg.
1461 4259 1534 4329 cop.
1554 4258 1608 4319 52.
1636 4232 1678 4302 de
1694 4234 1778 4322 lleg.
1800 4233 1827 4301 1.
1852 4234 1887 4299 in

419 4342 488 4417 lto,
505 4338 580 4405 imo
595 4329 684 4412 sunt,
701 4336 757 4430 qui
772 4336 806 4407 id
820 4334 929 4431 ipsum
945 4339 1045 4408 etiem
1066 4336 1241 4406 extendent
1262 4333 1301 4401 ed
1322 4328 1449 4410 cesum,
1472 4355 1541 4424 quo
1565 4332 1816 4401 matrimonium
1833 4351 1887 4397 vs·

416 4430 477 4503 lide
498 4426 727 4512 contraxisset,
754 4433 887 4505 dtuxor
900 4456 975 4505 onte
999 4431 1149 4504 beneficii
1168 4432 1374 4502 secoriunem
1397 4422 1554 4499 demntia
1577 4422 1666 4497 esset,
1680 4430 1713 4517 a)
1753 4420 1810 4495 Ast
1831 4423 1886 4493 his

415 4528 700 4601 indiscriminatim
723 4527 915 4602 consensum
944 4530 1094 4629 prebere
1115 4554 1181 4602 non
1196 4531 1375 4607 convenit3
1397 4527 1505 4622 quoad
1530 4528 1677 4621 primum
1699 4525 1788 4593 enim
1809 4545 1886 4590 con·

416 4624 943 4807 utriumTpotiurVststuendum,
964 4627 1030 4709 five
1047 4626 1180 4733 sciverit
1197 4623 1478 4799 impegirpentum
1497 4623 1705 4707 mercimonii
1724 4618 1789 4697 sive
1806 4639 1886 4790 Ἥ

565 4744 662 4803 omiss
719 4774 732 4804 e
1807 4739 1830 4787 n
1944 4780 1950 4790 .
