5017 5592
436 569 583 736 ἰρι
688 599 691 604 ’
774 581 1693 728 nassrurartomaronica-Journtca

490 815 624 890 lieentia
639 813 730 888 illiue
748 811 897 897 statari,
913 812 1003 909 quod
1024 814 1307 894 Gasoontvs
1333 808 1514 883 clarillimis
1528 809 1639 884 verbis
1658 807 1830 908 prohibet.
1880 811 1970 884 Cam

402 949 411 960 ··
493 916 657 1007 igiturex
684 914 896 1005 Gregoriaaa
921 911 1164 983 Conllitutione
1190 915 1382 1007 requiratur
1403 911 1535 984 licentia
1562 908 1741 1007 Episcopi,
1768 908 1800 981 dt
1825 905 1975 1007 expresse

493 1012 733 1110 prohibeatur,
757 1035 797 1082 ne
814 1035 852 1081 ex
870 1010 1006 1083 alterius
1026 1013 1221 1103 cujusquam
1245 1012 1378 1080 licentia
1400 1033 1476 1081 reus
1500 1011 1651 1105 capiatur
1667 1011 1702 1080 in
1728 1007 1831 1092 Al'vlo
1848 1031 1906 1079 aut
1924 1013 1990 1081 ex·'

437 1123 440 1132 '
495 1110 666 1191 trabatur,
684 1110 762 1180 ideo
777 1107 875 1204 supra
894 1109 989 1177 allata
1007 1109 1104 1177 verta
1121 1107 1242 1177 debent
1259 1109 1293 1177 in
1317 1106 1408 1180 sensu
1428 1108 1608 1179 commodo
1632 1108 1809 1201 explicari,
1832 1109 1877 1176 ita
1892 1102 1979 1177 scili·

495 1233 566 1290 eet,
592 1235 627 1278 ιιι
650 1233 714 1304 ριο
740 1211 893 1304 exceptis
909 1205 1032 1276 casibus
1062 1203 1215 1300 Episcopi
1250 1205 1330 1276 dent
1351 1206 1518 1277 licentiam
1544 1204 1757 1284 extrahendi,
1783 1203 1840 1274 alii
1862 1227 1978 1275 autem

496 1299 625 1384 Praelatt
646 1310 752 1377 Reum
774 1304 968 1383 extradanr,
998 1308 1119 1394 previa
1140 1301 1265 1374 scillcet
1288 1302 1442 1399 Episcopi
1466 1305 1616 1382 licentra,
1640 1326 1697 1374 eut
1716 1299 1855 1373 assallant
1871 1325 1980 1373 eatta-

499 1402 624 1485 Riuni,
656 1401 676 1473 st
701 1405 912 1473 autoritatem
935 1400 974 1472 ab
997 1399 1162 1495 Episcopo
1193 1399 1346 1473 habeant.
1403 1404 1471 1472 Hic
1494 1398 1603 1471 sensus
1629 1424 1735 1492 magas
1757 1398 1980 1472 confirmatur

524 1527 561 1572 er
577 1499 749 1597 sequentes
764 1498 957 1580 Pontifices,
977 1504 1034 1595 qui
1049 1495 1244 1569 sctttiffime
1259 1525 1393 1583 cavent,
1414 1525 1455 1568 nc
1470 1501 1552 1568 alius
1569 1503 1735 1596 quispiam
1755 1495 1923 1594 Episcopo
1933 1501 1981 1568 in·

499 1526 607 1672 sertor
632 1601 798 1669 licentiam
825 1598 993 1691 prebeat,
1023 1621 1080 1667 aut
1095 1589 1288 1689 'cognitioni
1309 1595 1340 1672 se
1369 1594 1629 1686 immisceatur).
1686 1601 1851 1693 Qaamvis
1875 1599 1980 1690 igitur

474 1705 478 1712 '
502 1693 657 1792 Cousuga
678 1691 849 1766 manifesle
882 1692 1084 1766 commiserat
1109 1699 1245 1765 Crimen
1268 1718 1461 1792 exceptum,
1488 1695 1706 1765 niltilominus
1723 1720 1761 1767 et
1785 1699 1981 1766 mentelii·-

504 1813 530 1867 Ν
545 1815 707 1867 Εοιείι
729 1795 823 1864 Xlll.
846 1796 1008 1888 privative
1033 1817 1092 1886 per
1115 1797 1298 1888 Episcopus
1314 1794 1470 1863 duntaxat
1495 1793 1729 1864 declarandum
1746 1789 1809 1872 esl,
1833 1818 1873 1862 an
1897 1792 1981 1864 deli·

504 1881 595 1965 (lum
621 1897 707 1962 inter
731 1913 866 1986 excepta
889 1894 1123 1961 connumerari
1147 1889 1275 1960 debeat.
1342 1893 1518 1961 Rationem
1544 1890 1644 1986 hujus
1672 1891 1895 1962 ordinationis
1916 1891 1982 1980 lam

432 2007 439 2019 ‘
504 1992 586 2064 olim
617 1987 652 2059 'l'
665 2011 689 2062 ιι
703 2010 721 2058 a
735 2013 758 2058 ιι
771 2006 797 2059 1)
809 2010 832 2059 o
843 2009 860 2057 s
873 2010 882 2057 ι
895 2007 946 2057 vs
973 1993 1162 2084 Imperator
1184 1989 1354 2081 eleganter
1371 1987 1545 2087 exposuit,
1574 1991 1667 2082 Nefi
1690 1995 1794 2061 maltis
1808 1989 1909 2086 paeffiat
1931 1995 1985 2062 aee

504 2094 619 2172 liceat,
630 2089 759 2181 confuse
780 2108 939 2182 geartetvt
958 2083 1009 2174 ιι).

1105 2257 1134 2346 a.
1181 2249 1373 2327 cxctv.

352 2429 495 2592 aas
508 2399 1987 2602 ιι.,ξιιι,ιιι,ἰιῑιιιιῖιιιιιιιιιιιιέιειιιῑέιἰιι

352 2593 494 2658 ⁵⁰⁰⁸¹¹¹'
511 2594 610 2683 sasli,
634 2600 886 2696 exhibendaque
903 2597 1069 2696 Episcopo
1088 2595 1344 2682 informatione,
1379 2625 1444 2695 qua
1464 2622 1573 2670 tamea
1601 2595 1785 2696 Episcopus
1806 2599 1892 2674 stare
1918 2627 1987 2674 non

352 2677 383 2723 ⁰⁸
508 2722 658 2779 tenerur,
684 2697 737 2767 sed
755 2695 853 2768 debet
868 2723 990 2768 novum
1008 2695 1194 2770 Protelsum
1210 2692 1374 2779 formare,
1401 2722 1438 2769 ut
1453 2691 1547 2794 possit
1568 2695 1736 2770 definitive
1755 2699 1929 2780 decidere,
1948 2725 1988 2772 ιιι

510 2801 599 2868 lleus
616 2794 718 2893 Asylo
737 2796 896 2886 gaudeat,
919 2800 976 2890 qui
990 2797 1059 2891 jam
1074 2819 1225 2866 moratur
1241 2798 1274 2865 in
1292 2795 1365 2867 loco
1382 2799 1539 2866 lmmuni.
1568 2799 1601 2865 St
1617 2818 1697 2866 vero
1709 2819 1888 2892 antequam
1897 2799 1988 2872 Reus

509 2896 550 2966 ad
570 2890 708 2990 Asylum
733 2895 905 2986 pervenit,
932 2895 1101 2984 legitimus
1121 2893 1228 2987 Judet
1251 2889 1432 2975 sarculatis,
1463 2895 1595 2984 cognita
1616 2889 1710 2963 causa
1731 2891 1920 2991 processum
1940 2903 1987 2968 iu·

509 2989 652 3062 littuerit
667 2991 707 3059 de
722 2993 880 3066 crimine,
905 2990 1011 3086 porell
1028 2986 1211 3085 Episcopus
1228 2988 1294 3061 hoe
1317 2991 1417 3072 liare,
1451 3016 1558 3085 eoque
1575 3014 1637 3086 pro
1660 2991 1822 3066 decisione
1845 2999 1928 3074 uti,
1948 3019 1989 3066 ιιι

511 3089 653 3179 gaudeat
673 3085 793 3180 Asyla,
819 3086 896 3178 qula
915 3085 998 3158 Aeta
1022 3090 1150 3185 Judicia
1175 3087 1338 3159 lacularir
1363 3091 1511 3180 legitime
1536 3085 1640 3168 sasla,
1666 3091 1809 3182 probant
1828 3093 1931 3161 etiam
1955 3096 1990 3164 in

512 3184 647 3284 Judicio
662 3179 942 3274 Ecclesiasticus).
993 3183 1137 3283 Quando
1155 3209 1266 3258 autem
1286 3191 1396 3282 agitur
1412 3188 1453 3259 de
1469 3184 1597 3256 Herest
1607 3235 1615 3268 ,
1642 3189 1783 3286 aliisque
1800 3188 1840 3259 ad
1860 3193 1991 3264 Forum

1875 3288 1988 3362 Eccle-

556 3453 604 3534 ιιι)
632 3447 785 3521 Veientes,
806 3450 1007 3522 intendentes,
1020 3468 1054 3514 ac
1065 3445 1198 3540 expeaffe
1210 3449 1389 3514 mandantes
1401 3449 1513 3524 (verbe
1527 3447 1597 3511 sont
1610 3447 1726 3512 Brun
1735 3469 1756 3512 o
1765 3469 1781 3513 t
1790 3469 1867 3515 car
1882 3451 1994 3536 Xlll.)

628 3534 708 3614 qvod
725 3535 900 3595 omnimoda
915 3538 1066 3613 cognitio,
1088 3545 1178 3617 atqve
1189 3534 1341 3615 juditium
1360 3533 1396 3593 de
1409 3533 1587 3592 cristianitas
1609 3543 1741 3610 exceptas
1760 3533 1801 3594 ad
1828 3533 1994 3620 Episcopus

631 3624 768 3680 tantum.
788 3621 942 3697 privative
957 3616 1057 3693 qucrad
1073 3634 1173 3677 οιιιιιιι
1201 3618 1296 3694 alios,
1319 3622 1463 3693 perpetua
1479 3611 1603 3693 [pessel.
1624 3625 1713 3696 atque
1720 3613 1858 3694 speffare
1870 3619 1993 3683 dudem:

631 3693 669 3759 sd
693 3697 782 3757 donec
796 3700 850 3778 ιρι·
867 3700 900 3758 ita
926 3696 1149 3761 occurrentibus
1170 3698 1282 3776 colibus
1303 3696 1540 3764 declaraverint,
1561 3694 1696 3757 delisiam
1719 3691 1773 3776 effe
1793 3701 1829 3759 de
1850 3703 1996 3782 exteptt's,

633 3778 794 3858 Inquijt'tar
820 3780 950 3860 Ecclesia
972 3826 978 3841 .
997 3826 1004 3842 .
1023 3826 1031 3842 .
1057 3781 1253 3841 immunitate
1275 3777 1411 3859 gaudere
1430 3787 1496 3840 tato
1515 3777 1638 3848 debere,
1659 3796 1693 3838 at
1712 3797 1743 3838 ιιι
1760 3797 1795 3840 ea
1815 3781 1994 3865 conservatr-

630 3860 707 3932 ἀοι,
733 3857 772 3922 d?
796 3863 1031 3923 manutenendae
1051 3856 1104 3944 'effe
1113 3860 1296 3945 statuimus,
1314 3860 1526 3944 proripientes,
1550 3855 1589 3921 ss
1608 3859 1798 3923 mattdamtts.

560 4022 599 4100 ιι)
626 4014 663 4079 L.
677 4035 707 4095 3.
727 4013 758 4077 C.
774 4014 810 4075 de
825 4012 873 4074 lais
888 4017 941 4093 qvi
953 4014 993 4075 ad
1010 4014 1115 4096 Ettlej.
1132 4012 1254 4097 tautsvg.
1298 4011 1391 4078 Unde
1409 4013 1502 4076 etiam
1523 4013 1653 4074 nornine
1665 4008 1847 4078 Sacerdotis
1867 4011 1997 4096 Episco-

636 4117 694 4178 pus
710 4098 843 4176 intelligi
862 4096 984 4175 potell.
1005 4101 1131 4177 quaudo
1147 4100 1177 4159 iu
1202 4098 1339 4173 Legibus
1362 4092 1613 4177 Wifigotltorum
1629 4095 1679 4156 tto.
1699 4095 1729 4157 6.
1750 4099 1795 4160 tir.
1817 4115 1847 4168 s.
1867 4100 1927 4182 leg.
1950 4099 1998 4164 16.

633 4179 791 4242 homicida
809 4179 934 4258 quiden
952 4199 994 4241 ex
1009 4177 1144 4242 Ecclelia
1160 4178 1263 4261 potest
1281 4178 1434 4253 abstrahi,
1454 4173 1584 4261 tothrlto
1599 4184 1698 4241 lamen
1715 4176 1887 4243 Sacerdote.

472 4347 478 4354 '
563 4337 598 4412 a)
629 4335 714 4476 Αἲξ.
735 4335 764 4397 (ἶ
773 4336 829 4417 fin.
848 4337 884 4396 de
905 4332 1033 4412 Except.
1048 4336 1080 4393 in
1096 4334 1126 4395 o.
1171 4329 1221 4395 Ex
1244 4331 1308 4395 ltoc
1323 4333 1549 4405 fundamento.
1576 4333 1648 4398 ulus
1673 4331 1842 4416 aliquando
1860 4331 1908 4398 lui
1925 4333 2001 4400 Pto·

634 4439 669 4479 ce
735 4416 853 4487 judicis
875 4417 1083 4479 Laiciruntta
1106 4413 1307 4497 huneiplum
1327 4416 1630 4489 Laicumludlcem.
1667 4420 1741 4480 dum
1766 4421 1916 4498 quidam,
1952 4420 2003 4489 cui

634 4518 756 4582 poeuatr
775 4501 874 4577 laquei
892 4499 953 4576 jam
969 4500 1125 4561 decretam
1142 4495 1202 4561 esse
1220 4501 1371 4568 sciebam.
1391 4519 1410 4561 e
1426 4518 1548 4562 cata-ete
1564 4501 1600 4560 ad
1622 4502 1729 4562 locum
1749 4500 1788 4562 ltr
1798 4521 1926 4566 munem
1939 4507 2003 4568 ela·

638 4578 710 4726 psus
728 4577 813 4642 ess'et.
857 4579 932 4641 Cum
950 4586 1032 4642 enim
1048 4579 1151 4653 ludex
1174 4601 1244 4643 eutn
1260 4594 1430 4664 repeteret,
1450 4594 1563 4662 utpute
1578 4584 1868 4663 ctitu‘nisextepti.
1884 4586 2005 4654 seilicet

652 4662 796 4724 atrocinii
815 4681 923 4733 teum3
947 4664 1191 4746 respondebam,
1224 4683 1288 4724 non
1308 4665 1405 4727 videti
1428 4685 1499 4726 eum
1525 4667 1703 4727 damnatura
1727 4679 1875 4742 tanquam
1902 4670 2003 4733 latro·

640 4762 734 4822 neat,
750 4741 1239 4830 cuuatfflofitpoearlaqnot.
1252 4746 1424 4830 quoiates,
1437 4758 1624 4813 nouantem
1635 4748 1984 4836 lattoaetpleduutur.
