5017 5592
648 607 1800 714 tirroQuouJusroiitnsrcincnniionriznr.
1821 625 1890 703 nc.
1946 595 2056 736 a„

539 793 681 869 Ecclesia
695 795 845 867 dominio
859 791 917 864 suo
932 791 1070 890 politico
1083 795 1192 890 privat
1210 795 1410 891 Principem.
1445 765 1522 870 ¹Sed
1538 795 1861 897 eatenusprivilegia
1876 809 1931 881 sua
1945 837 2016 890 tue·

538 920 611 978 tur,
637 889 799 991 quatenus
816 889 953 962 facultas
970 894 1100 963 emendi
1122 892 1306 963 immobilia
1323 920 1388 964 non
1411 895 1546 968 resolvit
1567 922 1704 981 nestum,
1732 899 1959 997 symmetriam
1976 941 2015 988 ac

533 991 728 1066 felicitatem
750 995 837 1085 reip.
894 989 1009 1070 Adde,
1038 990 1128 1084 quod
1152 986 1235 1087 ipse.
1246 993 1406 1086 Princeps
1429 991 1520 1065 uliro
1545 995 1695 1068 dominio
1717 997 1775 1071 suo
1797 1009 1955 1079 eminenti
1977 1015 2012 1083 iii

530 1093 606 1189 jura
627 1092 662 1163 dr
690 1090 775 1162 bnna
798 1084 1013 1159 Ecclcliarum
1036 1086 1068 1159 se
1091 1089 1270 1170 abdicarit,
1308 1089 1521 1170 concedendo
1550 1095 1764 1188 privilegium
1790 1102 2011 1181 immunitatis

533 1193 655 1275 realis3
680 1187 831 1278 sitinien
852 1210 966 1256 verum
984 1182 1047 1267 est,
1070 1187 1134 1258 hoc
1150 1186 1365 1285 privilegium
1386 1191 1483 1262 unice
1505 1215 1523 1260 a
1544 1190 1713 1264 voluntate
1731 1197 1924 1295 Principum
1945 1206 2014 1280 flu.

533 1286 629 1370 risse,
657 1288 770 1359 &non
787 1284 897 1355 altiori
914 1307 932 1354 e
951 1278 1042 1353 sonte
1058 1285 1188 1357 deduci.
1242 1288 1276 1353 Si
1299 1284 1517 1359 Adversarius
1543 1283 1646 1360 nosset
1668 1292 1799 1366 vibrare
1824 1297 1946 1384 telum,
1967 1303 2012 1378 sic

536 1383 724 1457 dissereret:
750 1388 870 1454 Servus
892 1381 1106 1477 privilegium
1131 1381 1294 1454 libertatis
1315 1381 1429 1454 nasius
1451 1410 1468 1455 a
1493 1390 1659 1471 Domino,
1677 1414 1743 1460 non
1767 1393 1874 1488 potest
1890 1398 1931 1470 ab
1951 1400 2014 1477 islo
2116 1441 2119 1446 ·

494 1489 501 1495 '
529 1486 585 1579 siis
597 1504 744 1579 pretextu
761 1486 906 1554 utilitatis
919 1478 978 1567 sita
993 1480 1120 1552 retrudi
1137 1484 1170 1553 in
1187 1478 1398 1563 servitutem,
1424 1507 1508 1576 ergo
1529 1509 1589 1556 nec
1609 1487 1767 1584 Princeps
1791 1491 1930 1568 Clerieis
1953 1502 2012 1573 do·

534 1604 664 1664 natant,
692 1605 727 1651 ae
745 1581 844 1651 toties
867 1601 971 1648 ratam
988 1574 1210 1675 sancitamque
1224 1581 1471 1651 immunitatem
1485 1586 1540 1672 liis
1554 1581 1650 1676 specie
1665 1593 1812 1657 utilitatis
1826 1597 1942 1682 publice
1962 1624 2014 1671 re.

533 1677 695 1764 trasiire3
718 1701 826 1773 neque
842 1678 929 1746 enim
946 1673 1058 1747 servus
1072 1671 1285 1750 manumissus
1296 1673 1355 1747 suli
1368 1680 1526 1764 Domini,
1544 1705 1604 1754 nee
1620 1681 1760 1757 Ecclesia
1775 1683 1833 1758 sub
1849 1693 2013 1794 Principis

534 1776 697 1876 potestate
713 1801 819 1875 porro
834 1770 950 1847 existit.

649 1953 694 2019 V.
721 1942 970 2020 Pontiser'usle
984 1967 1090 2028 vetat,
1113 1943 1255 2018 nelionn
1273 1939 1493 2016 Eeclefiasticn
1516 1944 1702 2021 tlienentur
1715 1951 1748 2021 in
1768 1955 1903 2040 Laicns,
1931 1981 2014 2055 eigo

534 2069 575 2119 ex
589 2069 684 2142 equo
699 2048 857 2144 Princeps
873 1971 1054 2126 secularis,
1073 2069 1115 2117 ne
1129 2043 1218 2115 bona
1231 2047 1409 2115 Laicoruni
1424 2044 1459 2113 in
1473 2043 1650 2129 Ecclefias3
1672 2073 1780 2143 neque
1795 2056 1884 2123 enim
1900 2061 2013 2132 minni-

533 2142 580 2216 esi
599 2142 740 2241 poteslas
756 2145 919 2240 Principis
935 2142 1063 2214 Politici
1085 2144 1171 2213 circa
1188 2142 1274 2212 bona
1288 2140 1472 2222 secularia,
1499 2165 1598 2235 quani
1614 2144 1781 2215 Pontificis
1795 2151 1881 2220 circa
1900 2157 2012 2228 Eccle-

532 2240 673 2322 fiaslica3
698 2242 848 2337 adeoque
864 2239 1148 2336 quemadmodum
1164 2242 1349 2336 requiritur
1364 2236 1536 2311 consensus
1554 2238 1740 2324 Pontificis,
1767 2269 1803 2315 ut
1818 2242 1942 2324 fundus
1955 2254 2012 2328 de·

534 2338 617 2411 finnt
634 2337 695 2412 esse
712 2337 969 2420 Ecclesiasticus,
994 2342 1038 2408 ita
1052 2335 1224 2410 consensus
1242 2341 1426 2433 Principis,
1452 2359 1490 2409 ut
1503 2332 1627 2410 fundus
1650 2339 1773 2415 desinet
1794 2341 1855 2417 esse
1874 2351 2008 2426 Laicua.
2063 2419 2069 2434 ,

533 2459 574 2522 ni.
601 2440 635 2508 si
650 2438 689 2507 ad
706 2437 795 2529 leges
816 2436 1008 2508 Dialeslicae
1031 2430 1198 2508 formetur
1221 2459 1472 2527 argumentum,
1504 2437 1604 2529 longe
1625 2437 1714 2510 aliud
1737 2441 1873 2536 probat,
1908 2473 2011 2545 quain

533 2536 615 2607 velit
631 2532 857 2608 Adversarius.
884 2530 1036 2606 Pontifex
1053 2534 1137 2605 bona
1155 2529 1285 2604 addisla
1303 2531 1452 2605 Ecclesiis
1469 2534 1608 2630 aliisque
1620 2538 1829 2634 Corporibus
1842 2546 1906 2637 piis
1922 2571 2012 2621 vetat

534 2633 671 2704 alienari
695 2635 729 2703 in
753 2635 888 2717 Laicos,
914 2655 997 2725 crgo
1019 2634 1117 2704 etism
1143 2634 1301 2727 Princeps
1327 2630 1413 2701 bona
1435 2628 1564 2702 additia
1584 2649 1676 2703 serto
1697 2639 1844 2733 Corpori
1861 2637 2010 2718 seculari

532 2733 615 2803 VG.
643 2727 876 2812 Universtati,
902 2734 1022 2813 curie,
1048 2727 1166 2801 niensae
1181 2732 1365 2823 Principis,
1389 2753 1522 2799 corona
1537 2729 1600 2802 dre.
1615 2728 1706 2802 resse
1721 2757 1810 2805 vetat
1825 2736 1961 2813 alienari
1975 2746 2011 2816 in

534 2829 686 2899 Clericos
706 2827 737 2897 δι
754 2828 837 2897 alios
853 2850 1081 2922 quoscunque.
1128 2835 1174 2899 At
1189 2853 1270 2899 vero
1293 2822 1445 2902 Pontifex
1465 2827 1558 2898 nullo
1575 2828 1677 2900 modo
1701 2853 1806 2915 vetat,
1832 2860 1873 2906 ne
1891 2835 2010 2932 singuli

533 2925 658 2997 Clerici
675 2922 828 2995 bonasus
843 2928 982 3021 propria
998 2920 1198 2998 transferent
1217 2929 1251 2996 in
1267 2929 1385 2997 Laieos
1408 2949 1463 2996 etit
1478 2951 1621 3023 corpora
1634 2924 1785 3023 profana.
1836 2935 1927 3027 Ergo
1949 2964 2010 3014 nec
2108 2985 2118 2996 ,.

532 3026 693 3119 Princeps
709 3022 799 3094 resse
815 3045 921 3104 vetat,
935 3047 976 3093 nc
992 3025 1082 3093 Laiei
1099 3022 1184 3096 bona
1195 3028 1333 3118 propria
1344 3020 1585 3096 transfer‘anrin
1602 3024 1759 3098 Ecclelias
1776 3052 1831 3099 aut
1848 3034 2010 3112 Clericos.

533 3124 578 3191 Ει
593 3120 873 3211 quemadmodum
893 3146 958 3189 non
975 3124 1160 3216 requiritur
1175 3121 1354 3219 consensus
1368 3119 1557 3208 Pontificis,
1584 3146 1621 3196 ut
1643 3119 1767 3200 fundus
1784 3128 1908 3204 Clerici
1927 3133 2010 3209 defi-1

535 3230 592 3290 rtet
607 3214 669 3290 else
685 3215 925 3290 Ecclesiasticus
935 3241 945 3301 3
971 3219 1016 3285 its
1035 3217 1098 3290 διο.

652 3406 716 3475 Vl.
735 3406 826 3474 Non
850 3402 977 3497 patitur
996 3394 1055 3474 sibi
1077 3422 1169 3470 arma
1191 3398 1383 3494 extorqueri
1406 3397 1642 3472 Adversarius:
1675 3407 1852 3504 Princeps,
1882 3413 2010 3510 inquit,

534 3501 643 3572 Laicis
658 3500 814 3572 duntaxat
833 3499 1009 3596 prohibet,
1033 3498 1219 3570 neveiidant
1235 3494 1385 3569 Ecclesis
1401 3495 1486 3570 bona
1504 3499 1663 3584 Laicnlia3
1686 3505 1799 3598 itaque
1811 3512 1895 3579 midi
1910 3517 2010 3603 ligiti-

534 3625 583 3672 iiit
599 3595 706 3670 fertur
722 3604 788 3670 Lex
804 3600 1064 3670 amortizationis
1081 3621 1151 3667 tum
1168 3602 1253 3667 circa
1266 3595 1421 3690 pitfiiniis,
1445 3619 1515 3666 tuin
1531 3600 1617 3667 circa
1634 3601 1707 3668 sona
1724 3605 1871 3700 Principi
1895 3609 2010 3680 Politi-

534 3721 577 3769 eo
589 3695 728 3769 subdita.
779 3697 910 3767 Deinde
927 3694 1035 3768 fertur
1050 3721 1088 3767 eir
1103 3694 1191 3785 caiisa
1210 3701 1362 3785 legitima,
1390 3698 1467 3789 quia
1483 3692 1567 3763 salus
1584 3701 1669 3790 reip.
1692 3697 1775 3768 lianc
1793 3700 1899 3790 legem
1916 3708 2009 3777 Prin·

535 3793 667 3891 cipibus
691 3819 785 3889 pene
809 3797 919 3865 invitis
937 3792 1078 3865 extorsit.
1133 3794 1359 3874 invidentur
1382 3794 1450 3861 hnc
1471 3789 1556 3887 slylo
1572 3790 1701 3885 jocante
1723 3822 1882 3893 concepti
1904 3805 1944 3872 ad
1963 3799 2011 3873 fn·

536 3892 670 3965 eiendns
687 3890 820 3964 Lesiori
839 3892 984 3965 delicias.
1034 3897 1113 3990 Qto
1130 3893 1181 3961 via
1200 3889 1336 3984 obliqua
1352 3888 1384 3959 dr
1402 3914 1462 3984 per
1475 3886 1641 3962 anfraslus
1663 3891 1739 3963 istos
1757 3897 1929 3979 tendatur,
1950 3904 2010 3995 Ju-

536 3992 625 4062 diees
644 3991 719 4061 volo
734 3987 961 4063 Adversarios.
1011 3991 1084 4072 Ell,
1109 3991 1166 4085 qui
1185 3991 1217 4056 in
1235 3990 1337 4057 domo
1358 4010 1413 4057 tua
1433 3987 1485 4082 jus
1498 3988 1721 4059 habitaiionis
1744 3992 1783 4061 ab
1805 3993 2010 4068 antecessori·

535 4086 598 4160 bus
614 4093 679 4158 tuis
697 4087 741 4159 ess
763 4086 890 4159 nasius.
937 4091 1026 4158 Tue
1043 4112 1079 4159 re
1098 4111 1153 4157 tun
1174 4089 1388 4156 oeconomicn
1406 4085 1437 4156 dr
1452 4089 1551 4174 salute
1572 4091 1727 4174 domestica
1747 4092 1909 4163 citissimas
1931 4091 2012 4180 esse,

535 4186 682 4258 utillum
701 4188 806 4267 bello,
820 4185 924 4281 quod
940 4188 1049 4270 siunt,
1076 4184 1211 4256 inodoe
1232 4181 1423 4279 possessione
1440 4184 1525 4279 juris
1544 4182 1590 4254 sui
1613 4194 1764 4257 excutias
1816 4194 1931 4285 ltaque
1945 4192 2012 4263 ser·

534 4288 586 4358 vis
603 4288 667 4354 tuis
685 4288 846 4370 imperas,
872 4309 914 4352 ne
935 4278 1025 4352 fures
1051 4285 1194 4378 ampliiis
1218 4283 1346 4351 bomini
1365 4289 1515 4376 aperiant
1526 4279 1708 4374 ingressuro
1724 4287 1827 4364 aedcs,
1853 4287 2009 4362 solennis·

534 4379 614 4455 linia
635 4379 870 4475 protestatione
886 4406 1025 4460 annexa,
1055 4404 1265 4476 nequaquam
1282 4384 1556 4475 teSempronium
1574 4381 1707 4452 turbare
1726 4389 1758 4452 in
1774 4384 1925 4481 usujuris
1943 4387 2009 4471 sui,

534 4477 591 4552 sed
610 4478 666 4548 suli
686 4475 818 4551 familia
836 4504 898 4550 ture
916 4478 1023 4567 legent
1042 4480 1176 4555 diceret
1200 4502 1308 4570 neque
1324 4480 1356 4546 id
1374 4503 1489 4567 agere,
1516 4500 1553 4545 ut
1573 4504 1689 4549 noceas
1710 4486 1928 4578 Sempronio,
1954 4485 2009 4557 sed
2085 4511 2090 4522 ·

533 4601 574 4654 ut
589 4576 737 4652 consulas
753 4578 814 4651 tibi
835 4580 980 4673 tuisque.
1028 4578 1120 4676 Quid
1136 4599 1286 4675 reperias
1300 4578 1333 4646 iii
1352 4577 1415 4650 boe
1428 4599 1624 4670 argumento
1637 4602 1761 4676 praeter
1776 4580 2007 4663 Atticismuni,

1906 4676 2013 4777 splen·
2152 4775 2155 4780 ι
