5017 5592
603 598 1719 782 anunecmsnnrosatannianontrnncunt.
1763 667 1771 673 “
1822 711 1891 788 ,37
2011 706 2015 712 ·

405 862 542 960 modam
567 861 717 937 Pontifici
732 864 921 938 exercende
941 864 1115 962 amplioris
1138 862 1306 960 potestatis
1329 863 1361 934 ἃ·
1383 867 1413 934 in
1442 866 1649 938 Concordata
1674 865 1819 963 supremi
1836 892 1886 937 at·

406 963 500 1035 birrIi
524 962 710 1035 vindicandi
733 960 976 1060 suppeditaret,
1000 964 1151 1035 celarem
1170 962 1204 1032 id
1229 985 1438 1057 expetentem
1456 960 1607 1036 Pontifex
1627 965 1769 1057 benigne
1784 962 1887 1037 susce·

407 1065 475 1159 pit,
500 1087 536 1133 ac
563 1061 673 1134 eidem
693 1063 858 1133 indultum
883 1058 1113 1152 Apostolicum
1137 1062 1178 1132 de
1195 1085 1282 1131 antro
1302 1083 1404 1148 1451.
1424 1061 1457 1129 in
1482 1061 1656 1157 perampla
1674 1059 1785 1134 forma
1808 1087 1887 1136 coa·

406 1156 507 1236 celhr.
532 1162 570 1251 a)
596 1155 654 1230 All
671 1179 745 1231 utut
761 1160 824 1232 hoc
849 1158 1016 1231 indultum
1038 1154 1084 1230 sat
1099 1159 1197 1232 claris
1218 1155 1329 1230 verbis
1349 1158 1540 1229 nominandi
1564 1156 1761 1252 potesletem
1776 1163 1887 1260 Impe-

406 1262 510 1330 ratori
539 1255 687 1339 faceret,
711 1279 787 1330 utut
813 1257 892 1327 alias
916 1255 1103 1330 veneranda
1131 1255 1219 1352 apud
1247 1258 1435 1328 Germanos
1461 1254 1710 1330 Pontificiarum
1732 1256 1889 1331 constitu·

408 1360 538 1427 tionum
560 1378 630 1426 tum
660 1358 790 1448 vigeret
810 1352 1081 1436 existimatio,·ac
1107 1358 1205 1426 etiam
1230 1350 1441 1449 plusculum,
1465 1379 1574 1447 qnam
1589 1360 1675 1427 tatio
1702 1355 1885 1430 &utilitas
2029 1404 2036 1410 -

407 1454 543 1552 publica
567 1478 747 1548 moresque
769 1450 959 1525 Germaniae
984 1449 1128 1535 ferrent,
1150 1447 1365 1522 Pontificibus
1390 1448 1447 1522 stbi
1466 1451 1670 1524 sumentibus
1692 1450 1888 1550 obsequiosa
1946 1469 1951 1478 '
2087 1537 2094 1544 ,

408 1577 526 1625 eorum
542 1548 741 1648 generositas
760 1553 924 1649 patienter
946 1546 1117 1632 deferret,
1140 1547 1303 1620 ordinarii
1325 1547 1543 1622 nihilominus
1565 1553 1758 1624 Germaniae
1777 1551 1888 1624 Colla·

413 1672 503 1723 tores
533 1647 690 1747 precibus
712 1673 832 1747 parere
860 1650 1063 1734 noluerunt,
1094 1648 1294 1719 inherentes
1317 1647 1553 1732 Concordatis,
1579 1649 1717 1744 hecque
1740 1645 1888 1746 expresse

410 1744 540 1821 obstare
555 1744 764 1832 delirantes,
784 1747 922 1820 aderent
938 1750 1039 1818 etiam
1059 1741 1293 1842 exspeblstivas
1309 1768 1365 1817 aur
1383 1744 1510 1816 indulta
1526 1744 1698 1820 Pontificio
1715 1745 1903 1833 hebentes,¹

409 1850 465 1944 qui
483 1840 637 1942 preferri
660 1843 924 1926 contendebant,
946 1842 1038 1917 &ob
1053 1843 1161 1936 leges,
1182 1840 1255 1940 post
1272 1843 1437 1914 indultum
1459 1840 1566 1917 caelari
1588 1843 1719 1928 darunt,
1737 1843 1890 1943 promul·¹

410 1968 526 2068 getgs,
558 1939 707 2039 precillis
731 1940 964 2037 opponebant,
988 1967 1044 2012 eos
1069 1965 1125 2012 aut
1145 1967 1211 2012 non
1231 1937 1414 2035 implevisse
1442 1940 1553 2032 legum
1584 1943 1718 2014 illarum
1747 1939 1906 2027 formas,‘

411 2063 465 2115 rut
486 2044 536 2112 uti
557 2038 713 2138 precibus
729 2041 827 2135 plane
843 2065 909 2109 non
933 2036 1091 2135 potuisse:
1113 2043 1148 2109 in
1170 2039 1233 2110 hoc
1253 2062 1367 2110 terum
1400 2037 1589 2111 discrimine
1611 2038 1805 2113 constitutus
1822 2044 1888 2114 Int-

411 2160 550 2238 perator
568 2135 699 2210 tursum
715 2165 733 2210 a
759 2136 918 2208 Pontifice
940 2137 1085 2208 Nicolao
1101 2142 1142 2208 V.
1164 2138 1320 2234 expetiit,
1342 2158 1380 2207 ut
1393 2161 1535 2218 novum,
1564 2162 1632 2233 quo
1649 2137 1683 2210 dt
1699 2137 1889 2220 Concorde·
1944 2193 1946 2197 -

412 2241 450 2310 tie
468 2237 707 2330 derogaretur,
730 2235 767 2308 dr
778 2233 937 2333 predisla
957 2233 1056 2306 dubia
1072 2259 1090 2307 e
1107 2233 1219 2306 medio
1242 2233 1459 2314 tollerentur,
1481 2234 1649 2306 indultum
1677 2236 1888 2321 concederet,

370 2401 375 2406 .
412 2335 444 2408 id
468 2333 562 2430 quod
589 2332 806 2432 perlubenter
830 2332 1021 2415 annuebat,
1048 2331 1123 2403 duta
1147 2331 1189 2403 de
1209 2355 1297 2401 anno
1324 2353 1426 2421 ¹454·
1454 2329 1576 2402 decim.
1599 2331 1735 2405 Kalend.
1763 2329 1889 2408 Oilob.

411 2432 507 2506 llalle
524 2429 787 2528 apostolicel)
814 2431 877 2503 Sed
899 2456 960 2503 nec
981 2430 1046 2502 hoc
1061 2431 1164 2501 eriete
1182 2422 1350 2525 perscribe
1364 2425 1409 2498 esl
1432 2430 1714 2504 Germanicorum
1737 2429 1889 2504 Colleto·

413 2554 488 2604 rum
509 2527 697 2602 reluslandi
723 2531 828 2609 ratio,
850 2552 970 2627 utpote
984 2526 1273 2600 Concordetotum
1290 2527 1399 2597 tenori
1419 2526 1672 2611 inheretttium,
1694 2553 1834 2601 necnon
1850 2527 1890 2599 li·

414 2653 500 2701 teras
525 2628 665 2699 Nicolai
688 2623 826 2698 sub-vel
849 2626 1057 2720 obreptionis
1080 2628 1162 2698 vitio
1184 2622 1337 2695 laborare
1360 2621 1558 2695 dicentium:
1584 2625 1660 2696 hinc
1682 2625 1889 2710 Fridcricus,

414 2726 560 2800 Nicolao
575 2729 619 2798 V.
639 2723 740 2821 paulo
780 2720 828 2795 osl
844 2721 943 2797 rebus
957 2724 1110 2795 humanis
1130 2745 1305 2817 exempto,
1329 2713 1388 2791 usu
1409 2743 1523 2792 rerum
1546 2718 1701 2805 edusius,
1725 2719 1797 2794 sues
1812 2746 1890 2820 pre·

414 2848 466 2897 ees
485 2823 658 2895 audientes
674 2846 740 2893 non
756 2747 881 2893 bebere
892 2846 1007 2893 omnes
1029 2820 1231 2903 collatores,
1249 2818 1291 2889 ad
1309 2813 1522 2890 successorem
1538 2819 1717 2891 Callistum
1733 2823 1797 2891 Ill.
1814 2843 1888 2894 rem

415 2920 552 3004 detulit,
574 2916 707 2992 rursum
724 2942 839 3022 percy
856 2918 984 2991 Rullum
1004 2916 1249 3015 Apollolicam,
1268 2940 1332 3013 qua
1347 2917 1459 2985 omnia
1474 2939 1535 3010 per
1556 2917 1740 2989 Nicolaum
1762 2915 1890 3014 prede·
1999 2931 2001 2935 '

415 3017 572 3094 errorem
590 2999 749 3115 dispolita
773 3012 1070 3098 confirmarentur,
1095 3039 1211 3112 preces
1233 3013 1399 3110 ejusmodi
1421 3015 1461 3083 ad
1484 3011 1641 3087 beneficia
1664 3017 1699 3086 in
1723 3011 1889 3090 mensibus

416 3117 664 3192 ordinariorum
687 3138 840 3187 vacatura
860 3111 925 3187 sese
946 3114 1148 3197 extendere,
1174 3112 1265 3185 clare
1285 3091 1554 3281 exprimeretur,⁸
1571 3137 1637 3184 une
1661 3138 1737 3186 curn
1766 3137 1890 3187 annexa

415 3214 704 3293 concordaturum
728 3211 965 3304 derogatione,
988 3210 1120 3307 aliaque
1140 3210 1237 3307 plura
1258 3214 1292 3281 in
1335 3234 1470 3282 avorem
1496 3208 1632 3284 Celeris
1655 3209 1890 3297 statuerentur,

437 3339 477 3385 ue
492 3316 526 3384 in
540 3337 578 3383 re
598 3315 710 3406 petitis
731 3315 949 3404 Imperatoris
966 3310 1224 3405 haudquaquam
1240 3302 1348 3378 defuit
1365 3303 1533 3390 Pontifex,
1556 3334 1632 3381 cum
1647 3312 1680 3380 in
1696 3305 1891 3406 amplisslme

416 3338 847 3486 sormaindultumdeenno
868 3434 969 3497 1455·
982 3406 1041 3478 sub
1055 3404 1245 3478 exordiasui
1262 3402 1472 3500 pontificatus
1490 3406 1679 3499 largiretur.
1704 3412 1735 3502 r)
1760 3412 1891 3480 Utrum

415 3534 492 3581 sero
510 3509 591 3580 huic
612 3503 806 3603 Apostolico
822 3505 996 3602 diplomati
1012 3529 1141 3576 morem
1165 3500 1319 3595 gesserint
1339 3506 1530 3574 Germanic
1551 3504 1707 3600 Episcopi
1724 3505 1891 3599 Capitale,

417 3609 538 3705 eliique
553 3605 750 3686 collatores,
774 3602 926 3675 dubitare
943 3628 1002 3673 nos
1019 3600 1270 3674 sinitindultum
1289 3626 1307 3670 u
1330 3604 1420 3670 Sixto
1435 3604 1496 3669 IV.
1523 3598 1703 3681 Pontifice,
1729 3607 1787 3695 qui
1803 3625 1891 3673 anno
1953 3663 1955 3667 .

420 3731 524 3797 ¹47¹·
545 3702 739 3775 cathedram
756 3704 799 3770 D.
819 3705 908 3774 Petri
930 3699 1184 3781 conscenderat,
1207 3699 1384 3793 primoriss
1405 3720 1520 3790 preces
1544 3699 1707 3769 Fridetici
1728 3702 1790 3771 Ill.
1817 3724 1892 3769 rur·

419 3800 485 3875 snm
507 3798 726 3873 confirmante
746 3798 888 3883 datum,
913 3823 950 3872 ut
975 3797 1125 3895 ejusdem
1150 3797 1355 3870 mentionem
1374 3790 1454 3867 facit
1474 3796 1507 3866 in
1529 3794 1584 3870 sua
1609 3795 1697 3869 bulla
1722 3789 1891 3871 Successor
2062 3843 2067 3849 -

418 3901 627 3975 Innocentius
642 3899 741 3969 VIII.
768 3894 808 3992 d)

455 4071 492 4155 a)
512 4066 588 4135 Vid.
607 4064 689 4146 rpud
703 4062 884 4145 Oligenium
898 4066 930 4129 in
946 4063 1104 4131 Differrst.
1124 4065 1244 4145 dejure
1262 4064 1352 4148 prim.
1374 4083 1502 4149 precum
1522 4066 1550 4144 §.
1573 4060 1745 4131 XXXVII.
1761 4062 1795 4129 de
1809 4067 1892 4151 apud

528 4149 702 4231 Lunigittm
718 4144 815 4212 Tota.
831 4147 856 4211 1.
874 4146 982 4231 Spicil.
1003 4148 1090 4211 Eccl.
1110 4168 1140 4230 p.
1155 4169 1227 4231 337.

454 4268 488 4346 b)
506 4267 650 4416 Hrpetor
665 4274 759 4329 tenor
770 4265 852 4349 apud
865 4267 999 4330 eundem
1011 4266 1195 4347 Oligenium
1207 4265 1270 4330 loc.
1288 4265 1342 4329 cit.
1358 4263 1383 4347 l.
1396 4261 1551 4329 XXXIX.
1566 4260 1599 4326 dc
1609 4260 1779 4347 Liinigium
1793 4263 1891 4330 Tota.

530 4370 560 4414 ct
605 4370 635 4432 p.
654 4367 727 4432 340.

455 4473 486 4553 r)
509 4466 618 4533 Refert
632 4467 709 4532 illud
721 4466 878 4531 indultum
893 4468 1060 4551 Oligsnius
1075 4466 1221 4530 laudatus
1239 4464 1304 4530 loc.
1321 4465 1374 4533 cit.
1400 4464 1425 4549 i.
1442 4464 1511 4534 XL.
1530 4463 1576 4533 dc.
1592 4463 1748 4548 Lilnigius
1766 4462 1894 4529 inseruit

530 4548 629 4615 Tum.
646 4551 700 4614 cit.
723 4571 754 4633 p.
769 4570 841 4633 343.
858 4550 892 4615 dc
908 4550 991 4634 seqq.

454 4670 495 4754 d)
517 4670 570 4736 ab
583 4668 695 4733 eodem
707 4668 860 4754 Oligeoio
874 4665 1003 4733 effertur
1016 4666 1041 4750 s
1055 4662 1171 4732 XLIII.
1185 4682 1256 4749 pag.
1271 4682 1323 4749 49,

537 4787 665 4866 Yomt
681 4785 734 4867 V.
1145 4845 1153 4861 .
1250 4787 1273 4858 S
1683 4821 1686 4828 ·
1755 4781 1792 4869 §.
1817 4774 1896 4853 XX.

663 5011 715 5060 s.
