5017 5592
684 613 755 696 Dls
769 611 898 715 JURE
915 613 1183 702 CAESAREO
1207 614 1579 704 Purunutnuuas
1599 620 1818 706 PRECUM.
1920 661 1990 737 223

513 797 694 874 Catholicis
711 796 858 870 imbutus
874 797 1055 891 intelliget,
1075 798 1271 896 rapietque:
1291 799 1406 876 hincsi
1427 798 1562 876 deseslu
1582 802 1814 897 legitimorum
1831 813 1991 890 natalium

511 897 653 997 precisla
670 896 816 979 laborat,
835 896 927 991 juxta
951 901 1002 968 Sa.
1027 899 1180 969 Canones
1206 897 1328 994 hisque
1349 897 1542 975 conformes
1568 902 1778 979 ecclesarum
1800 912 1994 988 Germaniae
2068 982 2074 991 .

511 994 800 1072 consuetudinesa
823 992 974 1067 beneficii
997 992 1231 1068 consecutione
1253 995 1331 1089 jure
1354 1004 1487 1095 optimo
1508 1001 1721 1074 excluditur:
1743 1007 1843 1090 item,
1864 1008 1889 1083 fi
1910 1014 1994 1085 irre·

512 1097 639 1189 gularis
655 1092 720 1174 ess,
740 1115 797 1166 aut
810 1093 874 1164 alia
890 1093 1031 1189 qualitas
1045 1118 1063 1163 a
1076 1093 1152 1190 jure
1175 1097 1335 1176 canonico
1356 1096 1511 1197 requisita
1529 1101 1561 1170 ei
1576 1097 1682 1183 deest,
1707 1102 1858 1186 ecclesia,
1882 1109 1922 1180 ad
1938 1135 1995 1183 cu.

511 1195 561 1291 jus
585 1190 788 1278 beneficium
806 1190 852 1263 est
872 1195 1079 1275 nominatus,
1103 1194 1323 1268 cureundem
1345 1223 1411 1267 non
1433 1200 1593 1292 recipiat,
1617 1198 1767 1290 legitime
1791 1198 1926 1277 suffulta
1946 1205 1995 1281 est

512 1289 624 1363 rausa:
645 1315 754 1384 neque
770 1290 826 1360 lite
844 1288 921 1361 inde
945 1286 1081 1372 oborta,
1107 1287 1149 1360 ab
1172 1291 1258 1373 alio,
1277 1320 1379 1392 quam
1397 1320 1416 1367 a
1436 1295 1558 1394 Judice
1577 1294 1798 1372 Ecclesiastico
1820 1304 1893 1397 ejus
1908 1304 1994 1377 deci·

515 1387 559 1461 sto
590 1389 735 1485 petenda
761 1388 903 1460 videtur.
1929 1417 1932 1421 ·

553 1558 594 1643 a)
618 1550 729 1617 Tomo
742 1552 799 1618 lx.
820 1574 850 1635 p.
866 1527 1025 1701 246qp35,
1042 1527 1152 1616 Tomo
1165 1554 1239 1620 XII.
1257 1575 1287 1637 p.
1303 1571 1376 1636 705.
1392 1549 1491 1617 Tom.
1505 1553 1595 1619 Xlll.
1615 1579 1645 1644 p.
1662 1572 1732 1647 185.
1752 1559 1848 1631 Tom.
1864 1562 1939 1635 XV.
1961 1537 1992 1653 p.

631 1638 703 1720 27⁶.
724 1634 805 1720 seqq.
822 1635 919 1703 Tum.
967 1637 1023 1702 Vl.
1046 1658 1075 1721 p.
1088 1656 1160 1722 525.
1179 1638 1261 1720 seqq.
1278 1635 1312 1699 dc
1329 1631 1424 1702 Tum.
1446 1634 1601 1707 XXVlll.

1164 1853 1200 1940 ς.
1249 1849 1346 1927 Xll.

634 1992 765 2058 Verutn
780 1981 961 2082 sprecisla
978 1986 1279 2083 importunaeque
1300 2009 1336 2056 ac
1356 1980 1472 2080 injussa
1489 1980 1694 2078 suggessione
1713 2013 1731 2061 a
1751 1988 1897 2076 Cesarea
1919 2000 1997 2070 Ma·

521 2080 633 2183 jeslatc
656 2086 826 2181 quispiam
847 2080 975 2154 staturis
990 2088 1039 2153 Ss.
1057 2089 1232 2155 Canonum
1253 2083 1285 2155 dr
1307 2080 1524 2155 Ecclestarum
1541 2084 1716 2158 adversum
1736 2084 1950 2187 extorqueret
1969 2099 1996 2167 Ι.
2105 2101 2108 2106 “

522 2183 560 2257 ab
577 2180 714 2255 ecclesa
729 2180 893 2276 ejusmodi
909 2181 951 2251 ad
971 2178 1133 2253 Caesarem
1158 2183 1277 2252 littere
1298 2180 1398 2272 dirigi
1421 2179 1597 2263 deberent,
1618 2189 1713 2279 queis
1737 2189 1879 2261 exduslu
1901 2217 1998 2264 scne-
2148 2203 2154 2214 “

522 2285 660 2356 rationis
676 2280 725 2352 illi
741 2279 878 2357 debitae,
900 2279 1009 2350 eidem
1027 2277 1282 2360 remonstratet,
1302 2281 1360 2373 qui
1377 2275 1516 2373 precisis
1531 2303 1646 2350 contra
1663 2281 1808 2356 instituta
1829 2292 1997 2372 canonica,

521 2376 724 2476 insuperque
740 2375 921 2448 laudabiles
937 2374 1077 2449 ecclcsiae
1094 2374 1365 2455 consuetudines,
1385 2376 1530 2472 ideoque
1544 2401 1661 2449 contra
1677 2405 1823 2454 mentem
1840 2384 1874 2457 dc
1892 2388 1999 2460 intera·

523 2482 648 2551 tionem
678 2475 846 2571 ejusdem,
869 2500 987 2569 utpote
1009 2501 1074 2572 qua
1099 2479 1148 2547 Sa.
1169 2478 1323 2547 Canones
1351 2472 1383 2545 dc
1412 2472 1593 2547 laudabiles
1623 2476 1877 2553 consuetudines
1909 2485 1999 2556 tueri

522 2598 694 2671 nunquam
714 2599 779 2644 non
802 2575 960 2654 intendit,
985 2574 1176 2645 mandatum
1195 2572 1364 2668 quoddam
1387 2594 1536 2643 nontam
1558 2570 1681 2670 sponte·
1694 2600 1768 2648 accc
1796 2582 1875 2661 etit,
1896 2605 1999 2677 quam

523 2671 601 2747 salsa
618 2670 878 2841 suppqcatione,
894 2695 950 2742 aut
966 2671 1108 2742 aliorum
1127 2667 1332 2768 propudiosa
1357 2668 1645 2743 commendatione
1660 2696 1753 2744 extor
1768 2680 1851 2760 erit,
1863 2678 2000 2774 acquod
2021 2685 2024 2689 ’

523 2770 668 2871 proinde
688 2794 706 2843 c
748 2773 858 2840 minus
881 2766 1143 2861 indignationem
1160 2765 1343 2839 Galateam
1360 2762 1391 2839 sc
1410 2764 1615 2839 incursuram
1630 2768 1830 2856 confideret,
1852 2799 1998 2873 quoma·
2032 2819 2035 2824 ·

524 2874 573 2963 gis
595 2867 707 2939 islbaec
730 2863 962 2938 remonstratio
981 2869 1132 2948 veritati,
1150 2865 1347 2963 aequitati&
1368 2870 1417 2937 Sc.
1434 2865 1625 2937 Canonibus
1651 2863 1867 2943 consentanea
1891 2869 1993 2948 foret.

514 2963 558 3040 ¹Si
574 2992 657 3040 acro
673 2965 838 3061 ejusmodi
853 2962 1085 3036 remonstratio
1100 2988 1172 3035 eam
1189 2968 1222 3034 in
1240 2968 1353 3034 animo
1367 2960 1503 3035 cesaris
1515 2989 1581 3033 non
1600 2960 1725 3038 faceret
1741 2967 1997 3066 impressionem,
2109 2979 2119 2986 “

528 3092 562 3138 ut
575 3065 617 3136 ab
640 3088 743 3135 onere
758 3060 897 3133 ecclestae
913 3088 974 3159 per
997 3060 1169 3156 precislam
1186 3057 1362 3133 inferendo
1386 3046 1536 3132 desrslcte
1555 3062 1670 3145 vellet,
1694 3064 1767 3160 post
1789 3071 1922 3139 iteratas
1939 3071 2000 3141 hu·
2071 3054 2076 3063 ¹

529 3164 686 3234 millimas
701 3185 816 3258 preces
837 3160 869 3232 dc
891 3158 1202 3232 remonstrationem
1218 3154 1437 3230 transmissam
1459 3184 1547 3251 egre
1561 3161 1647 3231 haud
1669 3160 1746 3254 esset
1764 3159 2001 3247 feteridum,sl
2097 3233 2112 3261 ,

529 3257 678 3340 ecclesa,
700 3260 903 3354 capitulum,
923 3259 974 3329 vel
991 3258 1131 3328 collator
1153 3256 1344 3327 ordinarius
1369 3256 1522 3351 precibus
1551 3283 1616 3328 non
1642 3259 1900 3357 obsequeretur,
1924 3264 2002 3358 juta

531 3363 616 3431 enim
641 3355 698 3428 sua
722 3358 920 3452 unicuique,
943 3359 1043 3426 etiam
1066 3377 1179 3425 contra
1211 3358 1456 3449 potentiorem,
1486 3349 1667 3429 defendere
1690 3358 1778 3432 licet.
1827 3366 2002 3457 Suppone-

531 3481 600 3528 mus
616 3459 738 3535 etiam,
762 3458 1005 3550 Imperatorem
1026 3451 1258 3524 executoribus
1279 3455 1461 3523 nominatis
1475 3449 1579 3547 ipsam
1604 3460 1832 3528 executionem
1855 3460 1897 3530 de
1914 3485 2003 3530 novo

533 3554 748 3632 demandare,
763 3552 796 3621 bi
815 3555 941 3645 pariter
956 3550 1119 3645 ejusmodi
1133 3546 1265 3642 ,iussioni
1282 3574 1402 3644 parete
1418 3573 1482 3619 non
1498 3572 1670 3628 tenentur,
1685 3549 1738 3622 sed
1753 3557 1866 3647 potius
1881 3556 2003 3637 eidem,

534 3647 722 3746 curjuslum
737 3646 923 3722 Caesareum
942 3653 1126 3719 executioni
1144 3651 1224 3718 dare
1246 3668 1433 3741 nequeant,
1456 3670 1623 3742 exponere
1647 3645 1721 3718 illos
1743 3671 1895 3745 oportet:
1920 3675 2004 3746 prae·

536 3771 622 3822 terea
642 3753 835 3843 imperator
856 3772 923 3816 non
942 3745 1040 3817 habet
1064 3741 1254 3816 facultatem
1269 3766 1460 3815 executores
1477 3740 1704 3815 ecclesiasticos
1718 3749 1751 3817 in
1768 3772 1803 3818 re
1818 3746 2009 3824 ecclesialis

536 3871 568 3919 aa
587 3845 791 3941 deputandi,
817 3868 873 3915 aut
892 3846 954 3914 hos
978 3843 1200 3940 compellendi
1223 3864 1346 3936 prater
1367 3836 1421 3910 sas
1438 3840 1477 3910 ad
1500 3840 1533 3910 id
1557 3845 1706 3913 muueris
1730 3847 1764 3914 in
1779 3843 2005 3942 sesuscipien·

537 3944 632 4026 dum,
648 3938 779 4037 fijuffio
796 3967 832 4013 ac
848 3965 985 4038 precum
1002 3944 1152 4012 executio
1169 3939 1301 4035 juribus
1317 3940 1493 4012 Canonicis
1511 3938 1543 4010 dx
1564 3938 1771 4014 ecclesiarum
1788 3939 1914 4015 statutis
1933 3968 2005 4015 mo·

536 4035 776 4138 cibusqueeslc
799 4042 966 4111 contraria
988 4035 1214 4131 dignoscatur:
1234 4037 1343 4108 multo
1363 4039 1474 4108 minus
1497 4061 1599 4135 penes
1620 4032 1881 4131 Imperatorem,
1905 4046 1938 4114 si
1954 4068 2006 4114 ar·

536 4165 641 4222 mata,
664 4138 853 4233 mediisque
875 4137 1029 4207 violentis
1055 4134 1229 4233 precislam
1251 4134 1446 4230 hujusmodi
1467 4136 1500 4204 in
1524 4130 1747 4229 possessionem
1769 4136 1920 4211 beneficii
1946 4144 2007 4214 im·

535 4236 689 4310 mittendi
711 4231 849 4306 facultas
865 4232 1002 4317 restdct;
1027 4230 1199 4305 demumst
1222 4233 1299 4304 inde
1320 4234 1465 4304 violatur
1486 4234 1678 4302 immunitas
1708 4233 1934 4319 ecclesiastica,
1955 4266 2007 4311 re·

533 4332 647 4420 cursus
664 4332 706 4405 ad
723 4331 833 4405 sedem
853 4330 1077 4426 Apostolicam
1099 4357 1165 4402 non
1194 4332 1259 4400 erit
1280 4328 1527 4425 prohibendus,
1543 4325 1636 4399 autsi
1656 4328 1701 4402 ibi
1722 4334 1845 4405 nullius
1869 4335 2008 4410 medelae

533 4431 713 4507 afferenda
727 4429 800 4526 spes
821 4428 997 4521 affulgeat,
1018 4432 1118 4500 etiarn
1133 4430 1321 4523 provocatis
1335 4426 1376 4497 ad
1388 4423 1517 4500 causam
1532 4450 1744 4502 communem
1760 4431 1832 4503 aliis
1853 4434 2007 4518 ecclesiis,

531 4528 691 4629 capitulis
708 4528 890 4623 majoribus
906 4524 1109 4623 presertim,
1126 4528 1245 4605 unitis,
1262 4547 1298 4595 ut
1312 4526 1357 4594 ita
1372 4524 1498 4605 dicam,
1512 4522 1653 4596 confiliis
1673 4527 1868 4626 viribusque
1879 4532 2009 4624 jurium

531 4627 672 4706 suorum
690 4627 820 4702 causam
834 4625 924 4725 apud
939 4623 1102 4701 castren
1118 4624 1205 4699 tueri
1219 4623 1362 4722 poterit,
1382 4620 1416 4696 dr
1436 4622 1571 4699 taudem
1596 4623 1638 4698 ad
1652 4629 1788 4702 comitia
1801 4633 1942 4798 lmpcrifi
1956 4653 2009 4701 re·

1933 4750 2010 4803 Osse
