5017 5592
1493 413 1498 424 '
1551 421 1573 460 Γ

532 661 540 666 ’
625 670 693 745 106
1067 659 1640 740 Dtssfttt'raTto

738 842 860 923 aliquot
871 839 1065 922 Scriptorum
1084 850 1150 904 vet.
1163 837 1203 903 T.
1219 859 1246 904 1.
1262 837 1367 903 officia
1383 842 1489 905 divina
1503 841 1601 923 ipl'nm
1615 841 1704 924 liguo
1716 847 1865 925 qnopirin
1878 846 1956 920 oria,
1975 863 2105 920 manoe,

735 937 791 988 aut
810 924 932 1007 sceptri
952 919 1136 1002 designasse.
1169 923 1243 986 illor
1266 925 1320 1002 qni
1338 924 1494 986 leitionea
1514 925 1694 987 recitarent.
1757 926 1954 1002 Thomaffin.
1975 942 2044 994 aet.
2069 928 2106 995 dt

738 1025 828 1072 nova
842 1004 960 1071 noctes.
973 1003 1143 1086 disciplina.
1156 1002 1189 1069 Ρ.
1204 1023 1232 1067 1.
1250 1002 1287 1069 L.
1301 1023 1332 1086 3.
1352 1026 1379 1070 c.
1393 1006 1445 1087 64.
1460 1024 1532 1089 pag.
1547 1017 1619 1089 825.
1634 1007 1716 1079 cao..

1267 1184 1306 1273 §-
1336 1182 1466 1258 -xut

742 1314 914 1391 Accedunt
932 1336 1071 1408 nempe,
1097 1334 1135 1384 ut
1156 1314 1309 1385 ordinem
1334 1316 1549 1412 totiushujua
1567 1320 1713 1408 negotii,
1739 1316 1872 1410 paucis,
1905 1311 2105 1397 delibemus,

628 1421 661 1490 in
677 1414 876 1487 solemnibus
892 1413 1157 1502 inaugurationia
1180 1411 1353 1493 Caesaree,
1382 1410 1495 1493 finito,
1528 1419 1646 1495 Sucro,
1674 1411 1870 1508 postquam,
1902 1415 2106 1507 Imperatori

627 1512 834 1588 consecrato,
857 1513 898 1578 de
915 1505 1246 1589 novobencditlum,
1271 1508 1409 1605 ipseque
1430 1508 1683 1580 adoratorium
1706 1507 1809 1580 suerit
1831 1507 2002 1589 reversus,
2037 1509 2107 1579 duo

630 1612 787 1682 cononici
806 1602 1107 1700 Aquisgrancnl'ea,
1134 1606 1221 1696 togis
1236 1605 1383 1675 candidis
1407 1607 1539 1700 induti,
1561 1634 1643 1687 uua,
1675 1632 1751 1677 cum
1773 1607 1920 1701 Syndiro
1943 1607 2106 1700 Capituli,

630 1731 727 1800 arque
744 1703 848 1774 Urbis
862 1699 1060 1796 (Aquenfial
1079 1700 1260 1793 deputatis.
1306 1706 1404 1772 Unus
1423 1728 1462 1771 er
1478 1702 1576 1773 ditiis
1601 1708 1794 1783 Canonicia,
1807 1726 1897 1775 tenet
1913 1702 2107 1799 capsulam,

587 1845 589 1850 ·
630 1810 661 1875 S,
681 1803 859 1896 Stephani,
886 1797 1059 1887 sanguine.
1090 1799 1490 1893 &reliquiiarepletam3
1517 1801 1742 1871 alterlibrum
1761 1800 2039 1891 Evangeliorum,
2073 1799 2108 1871 dt

631 1899 851 1992 Imperatori,
875 1892 929 1963 seu
949 1898 1029 1984 Regi
1048 1897 1296 1982 Romanorum,
1322 1896 1448 1989 aliquid
1467 1898 1617 1991 praelcgit
1632 1923 1671 1967 ex
1686 1898 1762 1976 illo,
1788 1902 1847 1991 qui
1870 1902 1986 1974 etiam.
2010 1921 2108 1967 more

631 1998 786 2165 ii‘lqle‘l’
801 1988 1290 2178 llfl'iililliidsslilr
1307 1990 2109 2183 lt?⁰llliri‘illgtllllliiiliis·

632 2212 703 2261 rum
720 2183 865 2282 prestat,
890 2184 932 2253 de
946 2180 1194 2264 conservandis,
1206 2182 1257 2254 'dt
1274 2179 1491 2257 defendendis
1505 2188 1652 2281 Capituli
1665 2185 1813 2279 juribus,
1838 2185 1931 2280 quod
1953 2187 2018 2256 tale
2042 2182 2107 2259 est:

632 2295 720 2368 Nar,
746 2290 794 2354 N.
814 2285 934 2351 Divina
942 2280 1078 2371 favente
1092 2284 1268 2361 clementia,
1295 2291 1496 2352 Romanorum
1512 2292 1598 2363 Rex,
1626 2284 1886 2374 nastraeErclefiae,
1913 2289 2110 2354 Beatam

634 2387 681 2455 ria
696 2378 844 2473 Aquenfis
862 2386 1048 2465 canonicas,
1074 2397 1129 2465 per
1142 2380 1198 2446 lec
1206 2383 1312 2465 sanila
1330 2386 1411 2449 DEI
1426 2384 1598 2472 Evangelia
1608 2386 1764 2469 juramus,
1780 2385 1874 2450 eidem
1891 2381 2020 2467 Etclrfiae
2031 2381 2113 2470 fide·

634 2485 774 2562 litatem,
801 2478 836 2548 ὅ
851 2477 928 2564 quod
944 2474 1005 2564 ipsa
1019 2476 1090 2560 jura
1108 2477 1142 2548 ὅ
1162 2476 1237 2542 bona
1258 2478 1406 2564 ejusdem,
1439 2479 1477 2544 ab
1498 2481 1637 2562 injuriis,
1669 2479 1904 2559 divinitatio,
1942 2477 2129 2564 defensali?

633 2600 720 2660 mas,
746 2572 937 2661 &faciemus
949 2568 1114 2655 defensari,
1139 2574 1259 2661 ejusque
1275 2576 1571 2662 privdegiararmr,
1598 2577 1633 2648 Β
1646 2576 1781 2663 dagila,
1815 2571 2108 2658 &corrluerrdinrs‚

546 2742 548 2745 .
634 2671 835 2763 ratificamus,
858 2668 1068 2758 approbamus,
1092 2669 1128 2740 ὅ
1140 2670 1176 2735 de
1189 2691 1270 2737 rrrvo
1285 2669 1504 2753 confirmamur.
1528 2667 1552 2708 ⁴‘
1601 2668 1729 2740 Posseot
1745 2672 1777 2738 in
1794 2671 1940 2739 medinm
1955 2662 2109 2763 proferri

633 2770 819 2864 juramenta
848 2762 1032 2835 multorum
1052 2766 1318 2859 imperatorum,
1356 2769 1392 2834 'ac
1414 2766 1544 2858 Regum
1568 2768 1688 2847 Rom,
1733 2764 1792 2836 nist
1816 2766 1979 2860 temporis
2004 2762 2110 2835 obsta·

635 2889 688 2936 ret
702 2857 864 2954 anguslia,
892 2883 929 2928 ac
951 2860 1080 2941 omnio,
1107 2855 1277 2949 &lingula
1300 2861 1368 2931 haec
1385 2858 1593 2954 juramenta,
1626 2866 1660 2934 io
1681 2860 1943 2935 substantialibus
1965 2885 2107 2932 concor·
2134 2901 2147 2930 .·

636 2963 771 3039 darent,
803 2958 845 3025 ad
870 2951 1030 3025 arnullrm.
1111 2960 1194 3026 Non
1225 2952 1392 3048 possumus
1425 2980 1535 3028 tamen
1566 2983 1652 3040 non,
1683 2962 1765 3055 quin
1803 2960 1917 3031 Caroli
1949 2962 1992 3030 V.
2028 2980 2109 3030 atre·
2142 2981 2153 2988 ·

637 3055 779 3134 statum,
821 3050 921 3146 supet
953 3052 1013 3121 hac
1044 3075 1106 3133 re,
1154 3075 1230 3123 cum
1263 3052 1450 3134 benevolo,
1489 3059 1796 3137 communicemur,
1834 3052 1970 3127 leilore.
2050 3056 2110 3126 Di·

638 3154 751 3251 plomr
765 3150 834 3220 hoc
853 3146 966 3220 Caroli
978 3152 1023 3220 V.
1037 3172 1075 3218 er
1096 3148 1259 3218 Archivio
1274 3147 1416 3220 Basilice
1439 3154 1474 3219 ll.
1492 3155 1535 3220 V.
1556 3155 1676 3222 Mrriae
1697 3150 1971 3248 Aquisgranensra
1985 3203 1993 3229 ,
2009 3149 2108 3222 nobir

639 3248 936 3326 communicatum,
947 3241 1061 3324 erslat,
1078 3244 1166 3339 apud
1176 3248 1374 3336 Lunigiurn,
1389 3245 1502 3341 Spicil.
1517 3244 1640 3322 Ecclcs.
1655 3253 1690 3319 Ρ.
1705 3277 1735 3340 3.
1751 3273 1783 3344 p.
1795 3261 1874 3330 880·
1906 3255 2050 3330 mrito,
2065 3252 2109 3319 di·

639 3354 717 3417 nina
732 3347 866 3435 favente
889 3346 1045 3411 clementia
1067 3338 1190 3412 eleilus
1213 3345 1440 3413 Romanorum
1464 3347 1653 3439 lmperotor
1683 3342 1814 3441 semper
1848 3343 2041 3437 Augullur,
2072 3366 2110 3416 ae

641 3444 847 3519 Germaniae,
867 3435 1057 3532 Hispattiae,
1079 3436 1250 3535 utriusque
1265 3440 1384 3510 Siciliae
1400 3438 1433 3510 dt
1450 3437 1682 3521 Hierusalem,
1708 3441 1772 3513 dre.
1819 3445 1914 3522 Rex,
1937 3440 2110 3513 Archidux

641 3538 780 3614 Austriae
804 3538 867 3610 dic.
894 3535 1043 3605 debitum
1063 3532 1231 3606 censemur
1257 3534 1291 3607 dt
1315 3559 1501 3627 congruum
1526 3562 1743 3632 reputamur,
1766 3561 1802 3608 ur
1833 3535 2110 3634 predecessorum

642 3638 849 3713 nollrotom,
868 3632 1164 3725 imperatorum&
1185 3635 1338 3724 Regum,
1362 3635 1548 3715 Divorum,
1568 3639 1602 3703 in
1624 3658 1742 3705 eorum
1768 3636 1963 3729 primordiis
1972 3634 2110 3716 ,lauda-

641 3734 724 3804 biles
742 3728 985 3800 observationes
1006 3728 1265 3826 prosequamur,
1289 3729 1377 3799 &de
1396 3730 1461 3799 illia
1477 3728 1639 3825 peradiis,
1662 3728 1893 3802 successoribus
1918 3756 1995 3802 vera
2023 3728 2110 3802 testi·

642 3834 753 3902 monia
770 3827 1006 3919 relinquamus.
1057 3826 1172 3896 Hodie
1191 3823 1350 3919 fiquidcm
1365 3829 1398 3895 in
1420 3825 1561 3898 Ecclesia
1576 3825 1686 3899 nostra
1704 3824 1895 3900 Beatiilimae
1918 3829 1985 3900 Dei
2004 3827 2122 3908 Graia

643 3931 733 3997 tricis
749 3926 883 4000 Maria,
913 3921 1140 4013 Aquiigraoi,
1166 3923 1402 3993 Coronationis
1426 3919 1543 3996 nostre
1565 3924 1741 4019 completis
1763 3922 1949 4007 solemniis,
1973 3948 2037 4020 per
2051 3926 2110 3995 ho·

643 4022 824 4106 norabiler,
847 4018 1002 4091 devotos,
1028 4016 1121 4085 nobis
1142 4014 1298 4098 dileiios,
1318 4020 1538 4094 Decanumdc
1557 4021 1749 4116 Capitulum
1769 4020 1870 4116 ipsrua
1886 4020 2054 4102 Ecclesia,
2075 4021 2109 4089 in

643 4120 847 4188 Canonicum
863 4116 986 4207 recepti
1007 4108 1148 4192 suimus,
1172 4138 1208 4184 oc
1223 4114 1338 4206 Regali
1356 4140 1450 4187 more
1470 4117 1501 4188 dr
1517 4116 1672 4187 laudabili
1687 4116 1858 4189 observata
1873 4117 2110 4191 consuetudine

643 4214 805 4305 solitoque
819 4210 962 4306 praestito
975 4210 1180 4302 juramento,
1202 4216 1391 4305 portionem
1411 4215 1608 4284 canonicalis
1625 4213 1826 4309 prebendae,
1850 4217 2043 4312 quotidiana
2060 4236 2111 4284 re·

586 4370 589 4378 .
643 4316 792 4405 cepimus
814 4305 1070 4388 ministratione,
1091 4305 1215 4378 relillis
1234 4308 1374 4388 ibidem,
1394 4311 1426 4378 in
1441 4307 1535 4380 usum
1553 4313 1712 4392 Sacrarii,
1737 4337 1773 4383 ac
1785 4316 1834 4382 rei
1849 4316 1981 4384 Divioae
1997 4333 2109 4410 panno
2131 4309 2153 4322 ‘

644 4432 720 4480 cum
742 4405 959 4499 pulvinoriis,¹
977 4401 1177 4498 supraque,
1202 4402 1323 4476 diilam
1346 4403 1518 4477 Eccleliam
1542 4404 1689 4499 ingreffi,
1712 4412 1861 4503 primum
1879 4406 2005 4480 nollras
2034 4413 2110 4477 Deo

520 4583 523 4588 ¹
643 4505 794 4602 preculas
815 4496 979 4578 fudimus,
1003 4499 1208 4595 &postridie
1230 4526 1359 4597 panno,
1384 4500 1483 4575 slrato
1500 4500 1597 4598 supra
1615 4504 1800 4587 scamnum,
1818 4508 1936 4601 inquo
1958 4530 2033 4577 note
2054 4527 2111 4575 co·

643 4610 853 4678 rurationem
869 4592 1012 4669 nostrum
1026 4601 1212 4686 oravimus,
1233 4599 1353 4675 deiude
1369 4599 1499 4689 treber,
1519 4597 1577 4677 seu
1600 4601 1766 4679 chlamide
1786 4608 1880 4700 regit
1901 4601 2008 4689 vesle,
2026 4606 2110 4714 item
