5017 5592
524 581 1672 718 ooaoQuonJusaunasrctncnanoartznr.
1694 619 1762 699 aa.
1814 651 1882 728 701

410 805 470 879 lios
490 801 675 898 privilegiis
699 795 842 880 ornasse,
868 822 932 868 noo
955 796 996 866 de
1018 794 1229 867 moderandis
1250 795 1582 896 antiquiscogitasse.
1634 801 1806 898 Sulpeilas
1824 809 1887 884 effe

412 902 566 1000 querelas
581 901 672 981 illas,
699 897 819 994 quibus
835 893 857 966 st
873 893 957 990 resp.
976 893 1129 964 exhausla
1149 891 1213 974 est,
1241 891 1336 964 fiscus
1359 893 1502 976 laborat,
1529 901 1616 964 cit-es
1633 923 1699 968 non
1723 903 1887 982 sufficiunt

411 1005 452 1073 ad
470 999 604 1072 salutem
624 1002 710 1093 reip.
739 993 995 1073 sustentandam,
1020 989 1114 1062 causa
1131 995 1290 1062 continuo
1307 997 1469 1086 queritur
1484 999 1518 1063 itt
1534 992 1693 1080 Ecclclia,
1719 1026 1795 1072 cum
1808 1006 1888 1080 ahbi

413 1095 651 1188 &investigari
668 1091 829 1163 melius&
845 1093 988 1186 reperiri
1002 1093 1123 1161 certius
1140 1086 1246 1182 puffit.
1275 1091 1440 1160 Addimus
1456 1090 1488 1162 dt
1503 1090 1585 1161 illud
1602 1091 1785 1184 ingratiam
1800 1107 1888 1176 Con.

412 1196 526 1290 ringii.
575 1190 641 1290 lpst
662 1190 712 1262 isli
736 1191 883 1270 l'ulitici,
909 1189 966 1284 qui
990 1185 1124 1260 salutem
1149 1189 1234 1282 reip.
1254 1187 1288 1256 in
1311 1187 1422 1260 ore&
1440 1187 1566 1260 calamo
1586 1187 1725 1276 habeut,
1750 1221 1827 1269 cum
1848 1227 1889 1272 ex

412 1294 531 1368 cadem
545 1288 636 1362 causa
655 1290 695 1359 de
707 1287 857 1383 ipsorum
874 1284 1058 1380 privilegiis
1076 1286 1300 1378 temperandis
1316 1289 1443 1377 agitur,
1468 1286 1628 1374 chordam
1646 1287 1740 1362 illam
1757 1295 1834 1384 seire
1853 1300 1889 1372 dr

373 1415 376 1422 ·
412 1385 581 1484 ingeniose
594 1387 661 1480 jam
678 1385 850 1456 intendere
866 1406 988 1454 norunt
1005 1409 1067 1478 pro
1090 1407 1127 1455 re
1145 1405 1237 1463 nata,
1262 1381 1329 1476 jam
1352 1385 1535 1456 remittere.
1582 1387 1677 1455 Tum
1697 1394 1786 1464 eninr
1807 1419 1890 1469 vero

413 1487 571 1562 sexcentae
587 1485 768 1582 suppetunt
784 1479 903 1564 caule,
932 1481 1051 1576 quibus
1066 1480 1244 1550 retundant
1263 1480 1415 1575 querelas
1430 1477 1522 1552 istas:
1548 1505 1599 1576 per
1614 1487 1741 1575 ipsoram
1761 1499 1892 1584 privile.

363 1653 365 1668 ⁴
410 1595 465 1682 gia
481 1593 574 1682 premi
599 1607 689 1675 remp.
706 1609 740 1652 ae
764 1603 880 1652 ceteras
902 1586 1031 1650 onerati.
1082 1578 1231 1659 Scilicet,
1259 1581 1430 1672 inquiunt,
1456 1582 1532 1650 banc
1554 1581 1609 1672 effe
1626 1603 1768 1658 naturam
1787 1595 1892 1683 privs..

415 1691 506 1780 legii,
531 1703 566 1754 nt
580 1684 655 1751 astes
672 1684 741 1750 aliis
761 1683 869 1748 reddet
883 1682 1054 1770 inequales,
1076 1680 1131 1768 sed
1146 1679 1220 1746 banc
1242 1675 1334 1768 ipfinn
1350 1681 1586 1770 inequalitatem
1606 1681 1663 1768 effe
1683 1687 1756 1778 ¹reip.
1774 1689 1894 1776 confer,

363 1833 381 1866 ,.
414 1787 589 1856 verticem:
616 1783 693 1848 male
718 1779 838 1869 restandi
858 1780 889 1846 in
909 1780 1072 1868 privilegia
1093 1774 1150 1860 (na
1169 1773 1288 1856 censen
1310 1779 1407 1844 erarii
1428 1776 1582 1866 exhausti,
1607 1781 1686 1848 alias
1707 1784 1762 1873 effe
1780 1789 1893 1878 rintns,

363 1922 370 1932 -
437 1873 659 1967 ailusefflnant
677 1900 742 1970 opes
754 1876 880 1968 publice.
899 1873 963 1946 dre.
1010 1870 1158 1941 Herilli
1175 1868 1231 1941 sub
1252 1867 1343 1952 rosa,
1371 1874 1429 1968 qui
1452 1895 1578 1959 tamen,
1603 1897 1680 1946 cutn
1702 1881 1799 1954 aliter
1815 1883 1893 1958 lcri·

414 1907 514 2059 bant,
539 1977 635 2046 aliter
651 1974 847 2069 loquantur,
874 1994 993 2067 parum
1009 1969 1165 2040 candidos
1180 1971 1213 2037 in
1231 1969 1351 2040 tuenda
1370 1969 1471 2042 litlutc
1486 1974 1571 2068 reip.
1589 1968 1620 2043 se
1631 1975 1800 2069 praestant.
1826 1989 1892 2055 Ac.

414 2075 524 2154 cedit,
551 2070 572 2143 st
591 2069 674 2142 salus
691 2074 774 2165 reip.
790 2072 915 2162 exigat,
941 2091 977 2138 ut
994 2067 1169 2164 privilegia
1187 2065 1407 2156 abrogentur,
1438 2067 1526 2138 inter
1547 2067 1636 2164 ipsos
1662 2076 1891 2171 privilegiatos

371 2203 375 2211 ·
414 2173 572 2248 ordinem
590 2169 755 2266 quendam
772 2164 853 2250 esse,
879 2166 980 2248 adeo,
1006 2187 1042 2236 ut
1059 2167 1091 2233 in
1108 2165 1242 2233 illorum
1261 2163 1421 2237 concursu
1435 2165 1574 2264 Ecclesia
1589 2167 1808 2263 pollctcteros
1821 2203 1894 2250 otn-

414 2293 478 2343 nes
494 2269 614 2339 ultimo
631 2267 705 2338 loco
722 2263 760 2335 stt
773 2263 959 2343 oneranda,
984 2264 1033 2334 vel
1050 2262 1233 2358 privilegiis
1247 2261 1404 2332 eruenda.
1457 2267 1526 2334 Hic
1542 2267 1626 2335 ordo
1645 2265 1665 2336 sa
1683 2265 1891 2362 servaretur,

416 2369 453 2442 dr
469 2368 672 2458 conringius
687 2389 762 2435 cum
787 2362 851 2433 suis
868 2361 985 2434 cedere
1009 2357 1166 2454 tantisper
1188 2383 1366 2450 cogeretur
1386 2361 1565 2455 privilegio
1585 2361 1661 2447 lito,
1691 2361 1780 2441 sorte
1801 2373 1893 2446 nulla

371 2483 378 2490 ·
415 2461 499 2542 esset
513 2462 566 2536 vel
588 2459 753 2534 neeelliras
774 2483 880 2541 tanta,
905 2459 958 2531 vel
981 2457 1074 2529 Salus
1098 2458 1182 2553 reip.
1202 2481 1275 2552 quae
1299 2455 1447 2530 Ecclestae
1467 2461 1642 2555 privilegia
1660 2464 1710 2534 vel
1730 2467 1894 2546 delibaret

371 2553 373 2558 ¹
413 2561 552 2643 saltem,
577 2561 700 2632 nedum
716 2555 953 2656 perfringeret.
1003 2552 1258 2626 Haberetcttim
1273 2554 1423 2626 Ecclcstae
1447 2581 1582 2630 murum
1599 2561 1763 2634 aheneum
1781 2571 1814 2636 in
1830 2595 1895 2640 (ωε

414 2663 502 2736 reris
517 2661 625 2730 minua
642 2657 877 2754 privilegiatis,
894 2655 935 2728 td
949 2678 1050 2752 quent
1066 2651 1355 2751 perrumpendum
1368 2651 1434 2727 alio
1447 2649 1536 2730 soret
1551 2681 1636 2756 opus
1651 2662 1772 2749 ariete,
1790 2690 1892 2762 quarn

412 2755 544 2860 josiam
558 2757 636 2829 illo:
664 2761 752 2828 Salus
768 2759 841 2850 reip.

540 2953 658 3048 Itaque
674 2973 711 3022 ut
727 2946 832 3048 presse
848 2947 888 3019 ad
909 2944 1033 3040 singula
1055 2945 1326 3044 respondeamus.
1378 2947 1432 3022 Ad
1447 2953 1475 3024 1.
1498 2954 1655 3044 Negamr
1671 2950 1896 3053 suppositum,

419 3047 517 3152 quod
533 3073 672 3124 canones
696 3048 775 3120 sacri
795 3050 907 3130 lurum
929 3051 961 3117 in
987 3049 1087 3118 Clero
1109 3052 1274 3129 nutriant,
1300 3070 1356 3120 aut
1378 3053 1496 3120 Laicos
1520 3053 1714 3126 exhauriant
1734 3054 1900 3134 facultati.

417 3149 509 3232 bus;
535 3146 588 3219 sed
603 3145 626 3219 st
642 3147 828 3219 moderatio
844 3141 1017 3216 necessaria
1034 3142 1069 3214 fir
1087 3143 1216 3241 daresp.
1238 3147 1306 3236 agit
1320 3171 1432 3218 contra
1450 3149 1597 3220 Clericos
1613 3176 1717 3248 opum
1734 3181 1898 3252 appeten.

419 3249 548 3328 riores,
574 3270 674 3342 quam
689 3267 861 3340 oporteat,
887 3243 980 3311 adeat
1001 3240 1212 3319 Pontificem,
1242 3267 1317 3312 cunt
1338 3248 1423 3314 inter
1445 3247 1663 3318 Orthodoxos
1688 3253 1788 3321 inllar
1809 3261 1899 3328 axio·

362 3377 388 3414 .·
419 3345 524 3418 matis
546 3340 601 3414 fit:
639 3344 793 3440 Judicem
818 3344 907 3410 Laici
931 3335 992 3408 else
1017 3342 1173 3421 sticum,
1209 3339 1329 3410 Clerici
1354 3341 1549 3424 Clericum,
1579 3344 1750 3440 utriusque
1773 3355 1896 3430 Deum,

402 3441 619 3528 ¹Mouzamb.
635 3441 792 3532 Burgold.
804 3438 835 3510 dt
849 3431 980 3508 Psallius
995 3461 1059 3505 noo
1076 3460 1163 3526 aegre
1178 3430 1304 3516 serent,
1323 3433 1415 3508 ileos
1433 3443 1640 3514 remittamus
1657 3443 1698 3511 ad
1714 3447 1896 3538 apologum

362 3578 368 3598 =
421 3535 551 3634 Aesopi
568 3538 608 3610 de
624 3536 742 3630 vulpe,
769 3561 842 3632 quae
857 3531 968 3605 amisso
984 3531 1128 3617 syrmate
1143 3531 1231 3604 suam
1248 3537 1375 3604 caeteris
1391 3537 1610 3633 appendicem
1627 3541 1813 3614 incidebat:
1838 3551 1899 3622 Ee·

419 3633 536 3712 clestaa
552 3638 640 3708 euim
657 3636 868 3706 Ortbodoxas
885 3654 1045 3729 cuperent
1057 3633 1195 3732 omnino
1208 3631 1245 3700 ad
1264 3633 1401 3702 eandem
1418 3659 1493 3704 cum
1518 3631 1580 3704 suis
1597 3639 1822 3713 conditionem
1845 3669 1898 3718 rc.

422 3735 518 3828 eligi:
544 3737 644 3804 Certe
661 3731 835 3828 Strytktus
849 3729 933 3826 disp.
950 3735 1005 3800 cit.
1026 3729 1164 3800 candide
1184 3727 1295 3798 scribit
1318 3731 1467 3800 Ecclesis
1488 3729 1552 3802 litis
1576 3759 1662 3804 novo
1683 3737 1898 3814 Constantino

369 3903 374 3913 ,
422 3855 515 3930 opus
531 3827 611 3912 csse,
637 3830 730 3924 cujus
747 3831 892 3926 auspicio
914 3827 1063 3897 redditus
1087 3828 1219 3896 illarum
1243 3853 1326 3896 nova
1352 3826 1479 3900 sumant
1501 3835 1714 3907 incrementa.
1740 3838 1802 3906 Sed
1818 3831 1916 3934 quia'

422 3957 466 4006 ex
490 3929 571 4002 locis
591 3927 824 4000 communibus
845 3929 1030 3996 thctorum
1057 3947 1170 3992 contra
1197 3949 1257 3993 nos
1281 3949 1578 4014 argumentantur3
1608 3956 1646 3999 ex
1674 3939 1795 4004 tirvctiis
1818 3938 1900 4022 insti

424 4035 553 4110 laxata,
586 4030 690 4099 everri
715 4031 904 4117 religionem
938 4048 1002 4110 opes
1028 4027 1106 4090 idem
1129 4021 1183 4112 effe
1207 4025 1357 4110 Eeelcfiis,
1389 4031 1467 4115 qttod
1487 4031 1753 4116 [pontentstntnt
1769 4039 1900 4116 pelliceis

406 4125 495 4200 .&c.
523 4135 708 4214 reponimus:
734 4123 753 4192 st
780 4120 866 4192 serio
889 4119 1029 4191 scribant
1052 4117 1126 4200 isla,
1162 4145 1221 4188 cur
1245 4119 1314 4189 brec
1343 4118 1458 4214 spome
1482 4122 1643 4194 nascentia
1668 4148 1733 4196 tam
1760 4127 1901 4208 sollicite

426 4217 611 4298 transferte
626 4246 788 4293 conantur
803 4222 835 4288 in
852 4241 1036 4315 purpuram
1054 4219 1244 4310 Principum
1263 4214 1422 4290 suorum?
1448 4227 1573 4292 Nonne
1594 4248 1631 4291 cr
1648 4224 1802 4298 omnibus
1823 4255 1900 4302 om-

386 4376 399 4396 .
425 4325 525 4396 nium
540 4343 731 4412 temporum
748 4315 893 4388 hisloriis
909 4315 1051 4394 relucet,
1080 4339 1161 4408 opes
1178 4311 1326 4384 everrisse
1343 4343 1408 4385 non
1423 4315 1528 4388 solunt
1544 4317 1757 4403 monasteria,
1783 4325 1835 4396 l'ed
1851 4324 1901 4400 fa.

424 4421 540 4496 milias
556 4417 715 4498 illustres,
740 4439 841 4506 regna
860 4415 892 4485 dr
908 4417 1054 4508 Imperia
1070 4411 1112 4482 ob
1137 4415 1246 4481 luxum
1271 4413 1461 4486 divitiatum
1480 4421 1657 4488 comitem:
1686 4446 1725 4489 att
1743 4425 1819 4496 ideo
1834 4429 1902 4497 Re.

424 4517 528 4614 gibus
546 4515 579 4586 ἃ
600 4519 710 4610 lmpp.
730 4512 964 4609 extorquendae
986 4535 1085 4602 opera,
1112 4513 1250 4579 materia
1269 4511 1386 4583 luxus?
1425 4519 1539 4584 Dices:
1564 4519 1669 4596 ebulus
1688 4523 1728 4610 est
1743 4530 1902 4593 moderan-

420 4623 503 4704 dus,
523 4638 581 4694 ntn
596 4617 664 4708 alus
680 4615 838 4686 tenendas.
886 4612 980 4685 Facis
996 4605 1176 4683 nobiscum.
1229 4618 1276 4678 At
1291 4633 1342 4679 nn
1355 4637 1385 4684 nt
1394 4611 1466 4705 snt
1480 4615 1677 4712 Ecclestellttt
1690 4641 1749 4690 nan
1764 4622 1904 4714 refrena.

1118 4709 1294 4806 Tttt3
1849 4740 1904 4802 tuq
