5017 5592
638 601 709 760 52⁵2
873 588 1209 734 nuscitriirin
1235 649 1590 732 iununnnniis
1614 625 1890 732 canonica
1985 671 2006 746 ;
2048 661 2055 672 ·

639 844 700 916 liat
720 835 792 912 crisi
811 835 997 916 subiacere,
1022 857 1162 932 propter
1186 833 1432 907 amanuensium
1454 839 1578 933 partim
1599 819 1892 919 abbreiiiaritium,
1916 839 2047 934 partim
2068 837 2115 912 ali·

639 940 790 1013 breuiata
813 939 941 1028 integre
960 931 1192 1016 scribentium,
1214 932 1439 1017 oscitantiam,
1463 935 1513 1007 vel
1531 940 1772 1028 ignorantiam,
1790 941 2100 1014 norunterudiit.*

681 1090 698 1125 ⁵
712 1045 869 1140 Cuiua‘rei
883 1078 1024 1153 paritum
1038 1069 1092 1129 dat
1103 1067 1285 1149 exemplum
1304 1065 1462 1151 inscriptio
1486 1067 1556 1149 Cap.
1571 1086 1601 1150 3.
1612 1089 1648 1133 x.
1663 1069 1699 1131 de
1708 1067 1803 1151 soriis
1819 1068 1852 1133 ἁ
1875 1061 2001 1155 euplo.
2015 1071 2052 1134 dr

757 1157 888 1226 nitens,
913 1169 992 1232 quae
1012 1149 1155 1230 Capitolii
1179 1151 1388 1213 inscribuntur
1420 1149 1609 1233 Tribnrienfi
1627 1151 1822 1231 archiepisco
1845 1175 1890 1227 o,
1948 1173 2027 1216 uum
2098 1157 2104 1166 “

759 1237 867 1301 hieriae
893 1235 999 1313 (vnde
1025 1232 1177 1295 habemus
1205 1233 1410 1314 Triburirnfia
1440 1232 1605 1315 Concilio)
1632 1254 1790 1316 nunquam
1818 1175 1917 1298 scierit
1970 1236 2116 1319 piscopur,

758 1319 968 1383 multominus
990 1315 1265 1396 Archiepiscopus.
1308 1314 1591 1398 Topngtaphicum
1616 1316 1720 1380 hocce
1740 1319 1942 1382 canonicum
1966 1321 2116 1384 conecti-

758 1422 813 1465 rua
836 1400 1009 1470 Gonzoiez,
1027 1416 1082 1479 pet
1101 1401 1266 1460 nominum
1288 1395 1474 1461 affinitatem
1494 1400 1723 1480 deceptumin
1742 1403 1837 1464 aliurn
1852 1400 1961 1481 lapsus
1979 1402 2026 1466 est
2042 1421 2117 1465 etro·

760 1503 845 1555 rem,
872 1483 1084 1550 autumando,
1108 1481 1276 1562 legendnm
1297 1479 1375 1542 esse:
1405 1481 1572 1562 Treuirensi
1588 1481 1831 1564 Archiepiscopo.
1888 1485 2003 1562 Quum
2026 1497 2116 1548 tamea

760 1570 793 1631 in
839 1567 941 1626 inlixa
961 1577 994 1625 et
1019 1563 1183 1624 numerosa
1206 1564 1335 1643 piscium
1362 1563 1539 1626 nostrorum
1564 1565 1744 1627 recensione
1768 1565 1940 1647 nequidem
1971 1566 2116 1650 Ausonius

671 1655 677 1665 '
761 1589 868 1713 noller
887 1646 1031 1790 hpilerum
1044 1647 1260 1719 meminerit,
1282 1665 1346 1710 nec
1364 1645 1616 1711 Archidioecelis
1639 1648 1744 1711 nostia
1768 1649 1913 1713 helecetn
1935 1651 2048 1714 viuum
2067 1667 2114 1712 i'n·

762 1752 855 1815 quani
876 1733 918 1804 vi¹
934 1729 1002 1791 etit.

763 1881 804 1946 X.
831 1872 882 1943 Ab
902 1874 962 1942 liae
978 1893 1090 1941 autem
1109 1872 1224 1943 critica
1247 1868 1404 1945 censurae
1427 1896 1504 1945 nota
1529 1870 1709 1969 praesentis
1733 1872 1885 1968 Capituli
1907 1875 2062 1968 inscriptio
2083 1897 2115 1947 eo

647 1978 754 2069 magis
776 1970 982 2051 absoluetur,
1001 1994 1068 2063 qun
1085 1965 1288 2040 uniformior
1302 1969 1347 2041 ell
1364 1974 1397 2040 in
1418 1975 1526 2046 MSiis
1542 1997 1642 2064 atque
1658 1967 1820 2067 imptellli
1847 1973 2051 2056 codicibus,
2071 1997 2115 2043 ne·

649 2101 717 2173 que
746 2071 923 2143 absurdum
946 2067 1089 2161 aliquid,
1113 2065 1179 2137 siue
1201 2074 1287 2137 circa
1310 2067 1482 2141 historiam
1505 2068 1740 2152 rescribentis,
1764 2069 1829 2144 siue
1852 2096 1925 2169 quo
1949 2073 2111 2152 atllotuni,

552 2213 556 2236 ι
649 2174 692 2247 ad
710 2197 811 2270 quem
834 2165 1029 2262 rescriptum
1044 2163 1110 2247 cll,
1128 2144 1324 2261 praescsert.

767 2326 825 2395 Xl.
854 2324 997 2394 Maioris
1020 2285 1094 2390 sane
1110 2329 1182 2391 erit·
1197 2290 1399 2393 difficuliaiis
1423 2318 1602 2411 indagare,
1628 2322 1765 2411 quisnam
1781 2324 1882 2413 fuerit
1906 2325 2057 2416 Episcnprr
2072 2323 2106 2392 ili
2152 2317 2155 2329 “

651 2422 871 2508 Noruiirnfis,
889 2421 944 2490 cu't
961 2421 1140 2490 Alexander
1155 2425 1219 2492 111.
1241 2426 1325 2491 lianc
1344 2420 1542 2490 decretalem
1557 2415 1714 2512 scripsit?
1740 2423 1792 2490 De
1808 2423 1869 2493 liac
1886 2419 2031 2508 Ecclesia
2044 2427 2102 2492 Nn·

569 2587 573 2598 .
652 2523 765 2607 tiicrnfi
775 2523 843 2612 agit
862 2522 1019 2594 Ganzalez
1038 2515 1081 2586 ad
1098 2527 1170 2612 cap
1187 2543 1218 2602 p.
1237 2544 1270 2590 x.
1284 2523 1321 2590 tir
1341 2520 1472 2610 rescript.
1491 2527 1523 2588 ei
1539 2541 1615 2589 nota
1629 2524 1664 2587 A
1686 2517 1765 2586 haec
1787 2525 1911 2614 ponite
1940 2529 2100 2602 „Nrtrnrr

645 2628 690 2720 fii
717 2622 843 2706 Eitlrfia
858 2617 899 2706 eli
913 2625 944 2686 i'n
975 2619 1119 2707 Anglii,
1143 2615 1342 2710 suffraganee
1362 2615 1583 2708 Ariiiepifiopi
1612 2619 1866 2720 carcaniensi,
1890 2609 1975 2704 initiis
1997 2617 2097 2709 fiiss'

653 2722 862 2824 JOANivl,
878 2719 928 2807 qui
941 2717 1022 2807 prius
1038 2713 1146 2816 fuerat·
1157 2720 1397 2786 Atthidiaconits
1412 2714 1654 2796 Sotisiarirnfir,
1678 2736 1709 2782 et
1716 2713 1828 2802 floruit
1843 2744 1881 2786 rx
1898 2713 2095 2793 ωηο-11η*

653 2827 752 2912 nsque
771 2819 811 2886 aii
831 2836 942 2885 annum
965 2837 1066 2883 izoo.
1082 2809 1138 2893 ¹¹,
1161 2813 1244 2904 miffo
1260 2817 1301 2904 est
1320 2815 1458 2907 praesens
1474 2817 1650 2893 decretalis,
1669 2821 1691 2854 “
1717 2818 1880 2887 nimirum
1905 2825 1979 2910 cap.
1994 2809 2095 2899 nuli

655 2917 792 3009 refiript.

596 3053 609 3072 ‘
696 3051 715 3082 ¹
730 3039 849 3110 conset
861 3038 956 3102 Nllcli.
974 3034 1121 3120 Alfnrii,
1138 3035 1273 3100 lesuitie
1287 3039 1405 3123 Angli,
1423 3038 1555 3103 enucleo
1568 3039 1716 3116 ecclesiae
1732 3039 1858 3123 Anglic.
1875 3041 1916 3106 atl
1937 3062 1966 3108 a.
1984 3039 2097 3121 &1175

772 3144 803 3187 n.
820 3142 867 3185 ti.
884 3135 963 3183 tom.
977 3139 1007 3201 4.
1025 3139 1092 3202 pag,
1106 3137 1178 3203 27¹·

697 3246 739 3298 n*
758 3240 921 3309 consentit
936 3236 1157 3301 celeberrimus
1171 3236 1226 3299 ille
1248 3233 1336 3302 Saec.
1359 3236 1447 3304 XVl.
1471 3240 1609 3322 Angliae
1627 3239 1770 3303 Histotio
1782 3273 1797 3285 -
1810 3239 2020 3325 Gengraphns
2039 3239 2098 3326 Piis

771 3327 867 3392 dorus
886 3322 1039 3405 Virgilius
1053 3317 1152 3399 insito
1163 3319 1228 3406 inst.
1247 3323 1343 3401 Angl.
1364 3319 1459 3384 Libro
1477 3342 1524 3405 15·
1541 3344 1613 3404 pag.
1628 3341 1698 3405 270.
1716 3327 1754 3384 ad
1772 3345 1799 3388 a.
1820 3324 1888 3387 S.h
1914 3346 2006 3414 μου.
2020 3323 2055 3388 sie

773 3424 876 3474 neno:
906 3407 1028 3468 Annuit
1051 3402 1118 3465 Rex
1142 3405 1234 3466 libens
1251 3407 1417 3482 petitioni.
1442 3407 1581 3487 (innitique
1596 3405 1754 3468 nionoilios
1766 3407 1804 3482 eli
1823 3408 1987 3480 horroris,
2008 3337 2099 3486 ruffi

774 3488 913 3558 ANNE
920 3486 955 3548 Μ
978 3483 1391 3549 NORDOUICENSEM
1407 3487 1611 3568 Episcopum,
1632 3489 1821 3573 domesticum
1838 3489 1954 3572 suum.
1974 3483 2098 3574 urstisii·

774 3574 908 3639 miliarii
926 3568 1058 3633 Senam
1075 3568 1190 3651 Caput,
1213 3574 1428 3633 renuntiarent
1448 3570 1716 3653 Archiepistopiirn
1735 3573 1996 3658 Coiitiiarirnleni.

775 3716 859 3785 xli.
882 3715 956 3781 lam
970 3736 1056 3782 iero
1068 3710 1213 3786 iiillitutn
1231 3714 1334 3784 huiua
1354 3714 1560 3805 allegationis
1578 3716 1828 3809 comparatione
1844 3736 1925 3784 cum
1950 3737 2024 3785 nota
2038 3705 2099 3802 supi·

660 3818 731 3889 rlua
753 3836 792 3882 cii
821 3815 978 3886 Gonznitz
1003 3814 1118 3892 citata,
1142 3812 1252 3882 habita
1276 3836 1412 3908 quoque
1437 3816 1616 3908 temporis,
1642 3813 1851 3904 aliarumque
1876 3806 2098 3884 circumstans*

662 3938 738 3986 rum
755 3911 903 3983 ratione,
925 3932 1033 3998 prono
1053 3907 1292 3980 consecutionis
1318 3907 1375 3979 silo
1402 3908 1567 4004 sequitur,
1593 3914 1735 3981 eundem
1760 3905 1822 3979 elle
1840 3915 2018 4007 joannem,
2037 3903 2099 4002 qil!

666 4013 823 4084 Gonzoiez
846 4004 903 4073 sub
926 4005 1024 4073 titulo
1044 4011 1253 4088 Noriiitrnfis,
1278 4030 1311 4077 et
1335 4033 1351 4075 a
1377 4014 1534 4095 Polydoro,
1561 4008 1639 4078 tesle
1663 4032 1855 4102 exceptione
1884 4013 1979 4078 omni
2000 4007 2099 4077 maiori

662 4104 721 4178 sub
736 4105 835 4175 titulo
853 4105 1083 4186 Nordouttenfis
1108 4107 1264 4199 Episcopi
1278 4105 1451 4187 laudatur3
1475 4110 1629 4201 princeps
1650 4112 1738 4177 enim
1761 4105 1904 4176 verbum
1933 4109 2100 4176 Noniani!

663 4202 729 4286 esl,
753 4226 853 4298 aquo
870 4197 1076 4271 contrailum
1094 4210 1274 4275 Noriiiiiini.
1324 4201 1451 4274 Conser
1466 4209 1499 4273 in
1517 4207 1580 4275 hoe
1598 4205 1701 4276 verbo
1725 4203 1902 4295 iioffniamii
1918 4207 2064 4276 Lericon.

782 4369 878 4435 xiii.
913 4373 1016 4439 Nunc
1040 4367 1080 4437 ad
1104 4362 1211 4459 ipsum
1233 4368 1382 4462 Capituli
1405 4392 1531 4439 tetrum
1560 4370 1770 4466 progredior.
1830 4365 2059 4444 Exorditutde

664 4462 740 4538 talio
756 4465 790 4532 S.
807 4463 972 4535 Pontificio
990 4468 1041 4536 liis
1055 4465 1190 4537 verbis:
1220 4473 1436 4536 Contineiiiiiir
1457 4472 1478 4514 ἱ
1494 4475 1523 4535 in
1541 4475 1685 4538 interita
1703 4492 1733 4538 ie
1756 4471 1836 4535 rolris
1860 4469 2043 4562 transmiffii.

666 4562 801 4634 ordinm
826 4561 888 4628 hoc
905 4587 1056 4655 patenter
1076 4562 1214 4658 probat,
1239 4563 1320 4633 duas
1335 4564 1425 4645 illas,
1451 4569 1544 4656 queis
1567 4566 1662 4662 supra
1681 4591 1806 4637 terrum
1834 4564 1933 4637 diuisi
1941 4617 1952 4648 ,
1978 4583 2069 4662 paries

538 4736 541 4740 ,
665 4661 742 4763 plus
760 4659 862 4736 textui
882 4660 1164 4760 correspondete,
1183 4686 1250 4760 quo
1268 4667 1373 4757 magis
1390 4660 1541 4741 Pontifex
1565 4667 1690 4752 innuit,
1712 4664 1745 4742 se
1767 4665 1960 4741 conl'ultum
1985 4654 2064 4738 suilli
