5017 5592
491 633 537 713 tE
549 632 696 740 VERQ
720 629 788 712 ET
801 629 1041 740 GENUINO
1060 629 1257 712 LIBERT.
1272 629 1408 712 nect.
1431 631 1592 715 GERM.
1615 567 1941 754 FUNDAM‚·59-3

491 815 608 893 edistii
634 779 792 912 tanquam
806 812 924 910 jullea,
946 811 1071 888 sanata
1091 814 1125 888 o
1148 813 1314 908 legitimta
1335 814 1400 887 alia
1426 811 1580 900 edillali,
1603 842 1642 890 ut
1662 844 1781 902 uocet,
1809 819 1884 914 lege
1904 817 1942 896 ἁ
2026 868 2040 880 -
2116 789 2120 804 ¹

491 913 1110 1111 ltili},2⁰‘llllgittitllli
1125 913 1315 1084 iiiiii
1334 915 1661 1086 illll'itlli
1691 919 1941 1090 tillidi:

491 1137 633 1188 uratum
660 1109 817 1183 duntaxat
843 1134 881 1182 ac
903 1110 1069 1184 ditionum
1103 1108 1417 1192 hereditarinrum,
1440 1132 1478 1182 ut
1507 1112 1643 1206 quidam
1665 1137 1854 1195 autumant,
1884 1137 1942 1188 eut

491 1236 538 1293 ta,
563 1234 638 1306 que
665 1205 730 1280 lire
753 1232 817 1305 pro
837 1204 1091 1283 confirmatione
1117 1203 1314 1290 Pontificia,
1335 1205 1401 1279 fite
1422 1231 1487 1303 pro
1508 1215 1701 1282 executione
1724 1209 1872 1283 Cesarea
1894 1210 1940 1286 ob

491 1314 712 1406 requentiotea
744 1303 925 1380 inrisiones
945 1330 982 1378 ae
1007 1306 1213 1382 turbationes
1247 1304 1530 1406 supplicaverant,
1555 1312 1725 1404 pertinere
1746 1309 1941 1393 declararit,

491 1432 565 1504 :que
581 1405 660 1477 tliaa
675 1408 775 1476 etiam
790 1402 983 1477 libertatum
1009 1400 1304 1476 Ecclebasticaruna
1328 1404 1453 1500 lpecies
1475 1405 1591 1477 eadem
1612 1407 1886 1505 comprehendit,
1902 1431 1942 1480 ee

491 1500 741 1576 nriadissionem
756 1505 927 1601 precipue
950 1497 1202 1586 Ecclefiallicam
1222 1499 1465 1597 Episcoporum
1481 1506 1515 1572 in
1533 1506 1632 1576 certia
1655 1502 1756 1577 caude
1772 1507 1882 1576 mixtis
1896 1503 1941 1579 ad
2030 1577 2040 1606 ,Ι

491 1600 606 1674 ffetiua
630 1623 766 1698 quoque
788 1600 944 1697 politicos
966 1599 1104 1672 antehac
1124 1599 1373 1696 privilegiatam
1394 1597 1435 1669 ab
1459 1603 1550 1671 omni
1575 1599 1808 1697 usurpatione,
1830 1604 1878 1674 im
1904 1625 1942 1680 e·

491 1705 615 1773 imeoto
629 1722 665 1771 ac
682 1698 871 1772 turbatione
890 1695 1056 1772 defendit·
1073 1701 1107 1792 l)
1132 1701 1377 1770 immunitatem
1395 1722 1415 1768 a
1441 1696 1658 1790 retingalibua
1672 1696 1861 1798 quoadlru
1898 1723 1938 1776 ua
2058 1723 2061 1728 ⁴

491 1795 866 1871 incantamentum
887 1748 1112 1878 benebcidee,
1133 1793 1237 1868 seddi
1255 1819 1391 1868 ceterae
1405 1819 1478 1877 ret,
1503 1793 1623 1876 licead
1646 1796 1772 1871 vilium
1795 1795 1943 1872 &reili-

491 1920 536 1970 rm
548 1943 566 1980 ,-
583 1894 648 1969 bre
663 1894 705 1965 ad
721 1891 889 1967 bonellam
912 1896 1152 1969 recreationem
1176 1890 1387 1975 neccffariaa,
1408 1894 1519 1990 quoad
1534 1891 1621 1968 bona
1643 1884 1854 1970 'clericorum
1869 1894 1941 1970 lte·
2039 1972 2043 1979 ,

491 1995 624 2068 editaria
645 1989 710 2063 fine
735 1993 1008 2090 impedimentia,
1028 1989 1274 2074 invasionibus,
1303 1985 1624 2076 intromillionibua,
1653 1990 1881 2066 exustionibus
1903 1991 1940 2072 ὰ
2076 2013 2083 2023 ·

491 2087 739 2209 ccuperionibua
757 2092 791 2161 in
810 2090 958 2207 batretlea¹
973 2113 1090 2162 eorum
1107 2087 1245 2186 pacifice
1262 2083 1490 2205 treneferendp
1506 2086 1649 2206 indullit.
1665 2095 1699 2184 c)
1722 2087 1941 2192 Juriadiilio·

491 2184 773 2363 bilbili:
787 2184 1940 2384 ,biblitii?‘tituiltitill‘lziililwltt

1880 2383 1940 2462 eda

503 2512 546 2594 n)
566 2512 785 2582 (inunitae.
802 2513 910 2585 cunm
924 2514 1039 2600 Imper.
1057 2513 1197 2586 'Pomm
1211 2533 1367 2603 pagno-1.

496 2639 541 2724 t)
562 2630 684 2696 Deinde
698 2632 862 2699 statuimur
878 2636 942 2702 boc
963 2635 1069 2702 edisto
1083 2640 1114 2700 in
1135 2653 1321 2719 perpetuum
1342 2633 1502 2707 valituro,
1519 2641 1558 2700 nt
1574 2635 1681 2700 nnllue
1694 2635 1800 2720 judex
1814 2635 1938 2702 secula·

576 2716 620 2779 ria
632 2717 664 2778 in
680 2715 901 2782 Eccleliallicia
917 2718 1042 2792 Canfia,
1057 2718 1226 2802 prasertim
1243 2719 1458 2792 Matrimonii,
1481 2718 1511 2781 le
1536 2720 1741 2793 itimatlonia,
1762 2718 1937 2794 ulurarnna,

576 2796 834 2863 testamentorum
850 2800 930 2865 infra
947 2821 1062 2864 annum
1080 2821 1144 2863 non
1158 2815 1388 2874 executurum,
1409 2797 1443 2864 dc
1457 2737 1664 2942 adjudicium
1686 2799 1938 2866 Ecclebalbieum

576 2877 719 2961 legitime
733 2884 981 2957 devolutornm,
998 2904 1035 2947 ac
1047 2885 1258 2954 detineamur,
1274 2882 1482 2965 praediorum,
1515 2881 1725 2955 cfrnttunnr,
1746 2882 1941 2960 reddituum„

576 2958 612 3024 dt
651 2979 846 3028 roventuum
861 2965 1165 3040 &cleliasticorum
1186 2986 1223 3029 ae
1236 2964 1453 3037 locationum,
1473 2962 1508 3028 dc
1522 2964 1773 3030 eondustionnm
1791 2962 1843 3029 len
1856 2984 1938 3030 con·

577 2982 747 3109 nudorum
769 3051 941 3116 eorundem
961 3048 1054 3133 poffit
1074 3048 1126 3112 seu
1152 3050 1258 3112 valeat
1283 3048 1442 3129 indicare,
1464 3058 1521 3109 aut
1547 3047 1796 3129 quomodolibet
1817 3048 1858 3112 de
1875 3047 1939 3115 bu·

576 3123 717 3209 jusmodi
731 3130 828 3195 taollr
846 3143 900 3194 aut
916 3151 1029 3195 eorum
1045 3132 1186 3195 articulis
1207 3151 1246 3192 co
1273 3129 1421 3204 noscere,
1441 3127 1498 3192 nist
1513 3142 1668 3210 quatenua
1682 3131 1721 3193 ab
1738 3127 1934 3202 Ecclefialii·

578 3211 624 3272 cia
645 3211 802 3289 judicibus
823 3212 920 3277 fuerit
940 3212 1115 3296 reqoilitua.
1167 3150 1286 3288 Quodli
1302 3213 1499 3274 contrarium
1524 3211 1655 3282 fecerit,
1674 3212 1849 3293 iudicatum
1869 3232 1938 3277 nora
2001 3253 2011 3260 -

579 3303 708 3356 teneat:
734 3295 769 3358 dt
790 3296 888 3374 judex
904 3315 946 3357 ex
968 3310 1045 3357 tunc
1066 3295 1226 3375 judicandi
1248 3293 1403 3373 potestate
1420 3292 1457 3355 lit
1470 3294 1633 3374 privatur:
1653 3292 1687 3356 dt
1706 3293 1864 3377 subjacent
1884 3295 1937 3360 nl·

579 3372 753 3441 bilorninoa
772 3378 875 3461 poenit
898 3377 985 3459 supra
1005 3376 1145 3461 scriptia:
1170 3375 1352 3454 actorque:
1369 3371 1512 3446 snoJare
1529 3374 1620 3436 cadat
1639 3372 1707 3457 ipl'o
1728 3374 1825 3443 fatto.

498 3490 533 3573 a)
557 3485 691 3555 Demnm
708 3495 849 3576 praesenti
866 3494 901 3560 dt
924 3494 1125 3559 irrevocabili
1141 3493 1314 3568 laneimna,
1336 3491 1549 3563 declarantur,
1571 3487 1843 3562 decernimna,'&
1860 3507 1936 3573 pro·

578 3576 766 3641 nunciamus
784 3578 909 3652 editio,
932 3597 999 3660 quo
1019 3579 1124 3641 minna
1145 3578 1239 3649 vina,
1259 3595 1374 3659 greum
1401 3592 1451 3637 tes
1470 3571 1505 3644 dt
1522 3576 1605 3639 bona
1625 3573 1665 3635 de
1682 3570 1742 3636 l'uir
1760 3571 1935 3638 redditibus

578 3653 800 3722 Eccleliasticir
826 3663 1068 3741 provenientia,
1095 3659 1246 3724 libere&
1270 3657 1334 3721 fine
1358 3658 1520 3720 solutione
1541 3653 1702 3718 tbeolonil
1729 3653 1782 3716 l'eu
1801 3654 1936 3740 gabellre

579 3739 719 3803 vendere
741 3738 793 3803 len
812 3744 924 3806 adduci
944 3741 1047 3805 facere
1060 3739 1195 3824 possint:
1218 3741 1261 3805 Et
1299 3759 1343 3800 uo
1356 3742 1459 3802 minue
1476 3759 1546 3813 ree,
1570 3740 1674 3810 bona,
1691 3736 1783 3806 vina,
1805 3737 1933 3801 cerevi-

578 3818 656 3893 flaa,
671 3840 797 3894 earnes,
818 3844 934 3907 grana,
954 3845 1051 3909 panea
1064 3824 1099 3887 de
1113 3842 1256 3907 pannoa,
1329 3821 1388 3884 alia
1411 3838 1608 3904 quaecnnque
1626 3837 1738 3892 eorum
1754 3817 1821 3883 asel
1838 3817 1873 3880 uc
1886 3836 1937 3882 te·

578 3906 732 3968 creationi
752 3909 975 3971 convenientia
995 3906 1060 3971 live
1083 3908 1235 3970 intranea
1261 3903 1327 3968 live
1347 3904 1508 3978 intranea,
1527 3903 1579 3967 seu
1602 3915 1725 3967 exterae
1749 3901 1803 3966 vel
1822 3913 1936 3966 extera

577 3983 718 4057 luerint,
739 4006 798 4071 pro
817 4007 929 4051 eorum
949 3989 1052 4052 ulibua
1070 3989 1124 4055 l'en
1140 3988 1336 4052 recreatione
1351 3985 1408 4050 sibl
1425 3984 1460 4051 dr
1482 4004 1538 4069 per
1557 3985 1682 4067 qnaevia
1701 3982 1791 4056 loca,
1816 3984 1936 4047 civita-

577 4076 646 4142 tee,
670 4078 786 4144 terrae,
808 4070 924 4143 castra,
945 4072 979 4134 dt
995 4091 1092 4153 aquae
1119 4073 1263 4153 vestigio
1283 4069 1337 4130 vel
1355 4069 1489 4151 navigio
1516 4069 1634 4149 absque
1655 4065 1769 4166 quavis
1790 4063 1936 4147 prohibi·
2027 4111 2037 4122 .-

573 4147 668 4213 tione
683 4152 780 4216 libere
796 4151 830 4215 de
849 4156 967 4233 abique
983 4154 1142 4217 solutione
1164 4154 1382 4233 cn'uacunqne
1402 4149 1581 4223 theolonii,
1603 4150 1702 4210 daciae
1720 4147 1773 4210 vel
1789 4147 1935 4230 gabeller,

576 4231 739 4306 adduci&
761 4237 879 4316 portari
895 4235 999 4301 facere
1012 4237 1139 4299 valeant
1154 4254 1163 4298 t
1186 4172 1227 4298 ldt
1244 4235 1339 4297 etiarn
1354 4252 1419 4314 quo
1432 4235 1535 4296 minut
1550 4249 1599 4294 ree
1612 4230 1645 4294 dc
1665 4232 1748 4293 bona
1762 4228 1935 4295 mobilia&

575 4312 771 4390 immobilia,
788 4338 831 4382 ex
844 4316 1048 4382 Ptaelatornna
1063 4320 1114 4382 seu
1137 4316 1417 4380 Eccleliallicarum
1437 4315 1636 4396 personarum
1655 4312 1746 4375 obitu
1768 4312 1876 4378 relicta
1891 4314 1931 4375 ad

577 4413 689 4460 manos
709 4398 858 4470 illorum,
882 4401 921 4462 ad
944 4420 1026 4483 quoa
1045 4404 1083 4464 de
1101 4399 1176 4475 Jute
1192 4395 1352 4479 spestant,
1373 4397 1470 4462 libere
1483 4393 1517 4458 de
1531 4393 1594 4457 ltne
1638 4395 1854 4476 uibnecnnque
1874 4395 1936 4458 int·

576 4479 787 4561 pedimentis,
803 4482 1042 4557 invasionibus,
1062 4481 1363 4553 intromillrouibua,
1378 4413 1652 4541 cxauioniboadr
1668 4477 1933 4559 occupationibus

577 4560 747 4704 Wssmm
768 4582 823 4647 per
842 4564 957 4630 Laieor
978 4577 1253 4652 quantumcunque
1269 4560 1467 4645 attemptatia
1489 4562 1696 4646 perveniant,
1719 4559 1787 4627 lire
1806 4558 1936 4628 valeant

576 4660 646 4723 paci
673 4665 709 4707 ce
725 4648 900 4726 pervenire.

562 4736 761 4827 Timor.
1271 4736 1397 4822 effi
