5017 5592
525 701 531 710 .
669 657 808 755 ¹os
829 589 1127 748 rovocans
1147 594 1552 744 secresrnsrrcrs.
1798 682 1868 768 nr

421 845 551 918 Verum
564 837 612 906 isti
632 837 807 921 (Advocati
818 842 951 905 minores
965 839 1213 925 monosterioram
1222 831 1412 925 proiidort'i)
1434 859 1494 925 pto
1504 791 1705 918 deseofiooe,
1719 842 1759 908 ad
1771 863 1865 928 quem
1956 879 1960 892 ι

504 937 672 997 tenentur,
698 925 885 988 blooasierio
901 925 934 987 dr
951 944 1063 987 eorum
1081 923 1221 987 subditos
1245 924 1325 1007 saepe
1346 925 1566 1007 supprimunt,
1596 941 1657 1014 pro
1685 930 1866 1008 patrocinio

501 1014 707 1088 oppugnant,
728 1004 1074 1102 subternotpspoliapt,
1099 1020 1253 1086 gravant,
1269 1019 1432 1087 premunt,
1446 1005 1626 1088 flagellant,
1648 1007 1864 1093 personisque,

501 1091 616 1160 rebus,
637 1089 748 1158 bobia,
765 1089 944 1172 privilegiis
965 1087 999 1151 bc
1018 1091 1141 1171 Juribua
1164 1090 1426 1156 monasteriorum
1440 1091 1623 1155 abutuntur.

623 1202 716 1267 Fevd.
731 1223 780 1269 10.
801 1204 895 1270 Conci.
907 1215 938 1280 8.

500 1322 594 1392 xvi.
619 1320 702 1394 Zosti
719 1321 908 1397 testimonio
928 1323 1026 1417 longe
1049 1325 1219 1421 antiquius
1236 1324 1283 1399 est
1298 1325 1380 1399 illud
1402 1325 1564 1407 salviani,
1589 1320 1751 1421 siquidem
1770 1321 1863 1402 idem

380 1415 440 1492 ille
450 1416 522 1512 jem
538 1419 655 1494 siccuso
667 1424 731 1495 IV.
764 1419 967 1495 Defensores
986 1422 1204 1496 Ecclesrarum
1220 1421 1416 1522 perstringit
1434 1421 1662 1521 sequentibus:
1825 1435 1833 1452 “

418 1546 504 1614 iilud
520 1550 666 1632 grave&
683 1552 883 1635 peracerbum
898 1553 959 1627 eu.
976 1557 1134 1636 inquiens,
1151 1555 1236 1636 qood
1251 1557 1312 1619 hac
1328 1556 1401 1639 lege
1421 1555 1585 1620 Advocati
1599 1554 1681 1617 tueri
1703 1571 1859 1637 pauperes

498 1635 664 1706 videntur,
689 1647 724 1697 ut
741 1634 895 1716 spoliente
914 1636 972 1697 hac
985 1638 1058 1718 lege
1073 1637 1245 1700 defendunt
1257 1637 1405 1713 miseros,
1426 1653 1463 1702 ut
1476 1638 1651 1702 miseriores
1664 1636 1782 1701 seciaot
1798 1635 1858 1698 de·

495 1714 666 1781 seodeudo.
710 1714 829 1780 Omnes
842 1720 925 1782 enim
940 1718 990 1791 hi,
1014 1721 1068 1800 qui
1082 1720 1207 1783 defendi
1226 1720 1391 1795 videntur,
1415 1720 1629 1783 defensoribus
1645 1717 1706 1781 suia
1728 1735 1857 1779 omnem
1914 1765 1919 1774 .
1941 1719 1944 1726 '

496 1795 564 1860 sere
580 1797 773 1861 substantiam
791 1798 874 1862 suam
893 1802 996 1881 prius.
1019 1820 1111 1881 quam
1124 1801 1351 1877 defendantur,
1367 1802 1537 1867 addicunt:
1561 1820 1598 1864 ac
1612 1798 1673 1876 stc,
1697 1809 1733 1863 ut
1749 1797 1856 1863 Patres

494 1877 631 1944 bebeant
646 1879 879 1957 defensionem,
899 1884 1035 1966 perdunt
1052 1882 1110 1947 filii
1128 1883 1357 1951 haereditatem.

605 1996 675 2061 Lib.
692 2000 727 2063 de
743 1999 907 2082 gubernat.
930 1999 992 2063 Das
1008 2002 1089 2066 uitro
1108 2002 1250 2070 madium.

375 2114 606 2211 Conqueritur
613 2115 793 2214 hocipsum
808 2117 989 2190 monachus
1006 2119 1141 2214 quidum
1156 2114 1688 2214 Zuvisoitensistronographus,
1703 2113 1782 2188 dum
1792 2114 1854 2187 aito

412 2274 508 2340 Auro
531 2267 564 2332 de
585 2283 717 2354 argento
736 2291 807 2332 cum
831 2271 891 2334 Dei
916 2272 1077 2354 adjutorio
1105 2271 1258 2335 hasieous
1277 2273 1417 2336 maxime
1439 2273 1477 2333 sb
1496 2270 1694 2334 invasoribus
1715 2263 1855 2349 protei'ti
1991 2305 1996 2318 ·

491 2350 613 2415 sumus:
636 2373 704 2414 nam
722 2353 827 2414 nullus
844 2353 949 2414 noster
969 2352 1179 2420 Advocatus.
1202 2353 1256 2419 nisi
1271 2372 1329 2434 pro
1345 2355 1436 2416 lucro
1449 2353 1505 2416 suo
1526 2352 1643 2415 nostris
1662 2347 1869 2432 oppressori--

490 2435 550 2497 bus
569 2434 629 2495 suit
648 2435 831 2516 oppositus:
851 2454 964 2496 omnes
977 2437 1078 2508 anim,
1101 2453 1172 2517 quae
1185 2436 1234 2500 sua
1249 2436 1338 2513 suot,
1362 2449 1517 2521 qeaeruot.
1560 2433 1717 2502 Nummus
1733 2430 1853 2513 semper

489 2513 553 2580 suit
573 2517 748 2599 praecipuus
770 2515 875 2579 noster
893 2518 1091 2583 Advocatus.

490 2729 493 2738 Ι
569 2634 670 2717 Apud
690 2634 827 2728 Crvsvm
844 2634 888 2699 A.
906 2633 941 2702 S.
959 2655 991 2718 p.
1007 2653 1039 2701 α.
1056 2633 1093 2699 L.
1105 2655 1135 2718 9.
1159 2637 1190 2701 C.
1206 2655 1258 2705 20.

486 2774 552 2843 XV
556 2774 599 2845 11.
626 2785 737 2870 Atque
756 2799 793 2847 ut
817 2777 966 2872 quadam
989 2774 1200 2849 incommodo
1214 2777 1258 2846 in‘
1274 2767 1641 2872 specie'proferamus:
1670 2768 1785 2859 ingens
1798 2759 1850 2837 suu*

371 2890 416 2942 oe
445 2862 584 2943 suerunt
614 2871 852 2966 hospitationes
883 2876 1044 2946 Advocati
1069 2875 1101 2945 dr
1126 2872 1349 2945 Advocotialis
1376 2867 1510 2944 famiiiae
1541 2891 1608 2940 tom
1638 2862 1849 2946 transeuntis,

371 2989 473 3066 quam
496 2995 534 3039 er
559 2971 764 3042 monasteriis
787 2973 826 3043 ad
851 2976 1039 3044 venotiones
1062 2974 1267 3044 excurrentis
1293 2971 1325 3043 dr
1344 2970 1558 3049 revertentis,
1581 2990 1619 3037 oe
1639 2965 1741 3056 longo
1761 2958 1850 3057 sape

374 3085 529 3163 tempore
549 3066 672 3138 ibrdem
697 3066 912 3151 subsrsientrc,
941 3097 1015 3141 cum
1038 3075 1133 3168 cquis
1158 3069 1191 3140 dr
1212 3069 1375 3151 canibus,
1401 3067 1521 3164 quibus
1544 3055 1848 3135 ssabolattoncm&

399 3163 532 3236 abusum
548 3191 676 3248 avene,
703 3168 839 3244 bordei,
860 3168 1068 3261 aliorumque
1089 3164 1226 3255 frugum
1243 3192 1362 3259 magno
1383 3167 1480 3262 copia
1501 3157 1765 3240 subministrare,
1790 3177 1849 3229 ved

431 3286 484 3332 rna
501 3266 655 3359 proprios
677 3263 845 3333 &sirenas
866 3289 1067 3360 procurare,
1083 3266 1219 3354 integre
1234 3261 1369 3334 somiliae
1385 3287 1466 3334 vcro
1481 3259 1687 3333 Advocatioli
1704 3275 1780 3329 cum
1797 3248 1847 3324 fa·

378 3359 507 3432 musitio
530 3361 563 3431 dr
585 3362 794 3431 venatoribus
817 3359 942 3431 mensas
960 3362 1046 3432 laute
1063 3360 1096 3430 dr
1111 3360 1151 3429 od
1173 3359 1307 3429 delicies
1329 3358 1507 3439 instruere,
1532 3357 1647 3426 &tom
1673 3351 1847 3443 sumptuo-

378 3449 410 3526 sv
435 3456 622 3552 hospitibus
638 3457 774 3553 insuper
788 3463 944 3556 pecuniis
965 3459 1108 3552 adjicere
1137 3455 1351 3547 cogebantur.
1406 3460 1459 3526 De
1476 3478 1543 3549 quo
1564 3450 1715 3520 videatur
1735 3443 1845 3516 beses·

376 3549 430 3625 dos
444 3560 476 3623 in
497 3561 652 3648 prodromo
673 3563 878 3626 vindiciarum
901 3568 935 3627 c.
953 3574 986 3633 8.
1011 3557 1146 3625 'Varia
1170 3554 1328 3623 mulieres
1351 3548 1503 3645 insuper,
1525 3546 1615 3642 quod
1631 3547 1729 3635 longe
1749 3537 1843 3638 pesss-

374 3665 568 3733 numerat,
591 3655 622 3722 in
650 3654 765 3722 intima
786 3653 955 3743 septorum
978 3650 1209 3744 religiosorum
1234 3646 1509 3729 subintrodueiae3
1529 3642 1617 3714 unde
1641 3639 1842 3752 fabiumsut

370 3763 433 3819 non
451 3744 558 3836 solum
574 3749 746 3821 rediturii
772 3748 954 3822 substantioe
975 3747 1270 3825 monasteriorum,
1293 3769 1411 3817 verum
1430 3742 1590 3815 &mores
1610 3763 1646 3809 ac
1668 3734 1842 3847 disnpirna

366 3833 589 3917 Ecclesiastico
612 3847 726 3916 multis
743 3874 775 3916 rn
802 3849 884 3921 locis
906 3851 1105 3919 corruerint.
1152 3848 1227 3938 Qra
1242 3842 1284 3915 de
1307 3867 1343 3915 re
1369 3840 1558 3913 Concilium
1585 3832 1757 3909 Meldense
1770 3851 1841 3927 Jsm

363 3954 451 4016 sono
463 3957 545 4038 845.
559 3944 647 4039 apud
665 3944 823 4017 Carnium
840 3950 927 4041 Imp.
944 3940 1157 4039 conquestum
1168 3937 1575 4011 suissetrsditHnrdoinus
1594 3956 1667 4004 tom.
1679 3939 1695 4002 1
1701 3939 1742 4008 V·
1763 3940 1841 4040 Gon·

363 4040 412 4119 til,
432 4045 499 4112 cor.
522 4059 622 4118 1487.
643 4066 675 4114 n.
698 4069 750 4122 ¹7·
798 4048 882 4138 Qrae
904 4044 935 4112 dr
955 4064 1043 4111 tenta
1064 4035 1345 4110 monasterialium
1357 4036 1525 4114 bonorum
1543 4034 1576 4103 dr
1595 4027 1776 4123 discipline
1790 4050 1839 4120 Ja-

363 4125 462 4208 Ruro
493 4160 558 4205 non
581 4161 703 4232 paucos
725 4142 873 4231 optimos
896 4139 1066 4233 principes
1088 4136 1275 4230 permovit,
1301 4158 1336 4204 ut
1352 4130 1506 4203 asceterio
1525 4128 1565 4198 ab
1584 4128 1646 4195 hoc
1668 4120 1839 4195 durissimo

364 4232 600 4330 sospitationis
617 4259 719 4306 onere
734 4235 925 4316 liberarint,
946 4234 1036 4328 quod
1051 4258 1069 4302 a
1084 4231 1260 4325 Leoposdo
1273 4229 1461 4301 Archiduce
1476 4222 1616 4298 Austriae
1632 4246 1718 4290 anno
1732 4233 1836 4317 1384.

370 4332 492 4402 ratuitu
524 4330 712 4404 monasterii
741 4331 977 4426 Regiosontani
1003 4354 1080 4402 cum
1101 4326 1219 4421 insigni
1239 4327 1337 4398 laude
1366 4341 1608 4397 commemorat
1628 4315 1785 4391 Besoldus
1803 4324 1836 4396 in

364 4427 425 4502 215.
450 4432 619 4501 Prodromo
637 4439 673 4503 G.
696 4449 728 4507 ε.

428 4619 433 4624 .
477 4560 609 4628 XVIII.
635 4561 702 4630 His
719 4560 859 4634 miseriis
878 4561 940 4632 aiio
960 4563 1059 4653 longe
1080 4558 1199 4631 durior
1223 4551 1367 4638 accessit,
1393 4549 1517 4625 diociis
1538 4541 1659 4630 invasio
1673 4550 1835 4621 nimirum

364 4678 529 4736 tonorum
550 4703 558 4733 ‚
582 4676 681 4749 atque
704 4658 850 4758 ipsarum
871 4660 955 4736 odeo
979 4655 1199 4758 personarum
1225 4647 1530 4727 Ecclesiasticarum.
1589 4642 1835 4745 exemplasse

437 4759 440 4768 '
480 4748 609 4836 Tomos
635 4751 683 4832 V.
1045 4771 1049 4780 ·
1176 4752 1265 4825 ssa
1720 4762 1834 4830 nume·⁸
