5017 5592
452 647 457 666 ··
485 641 579 737 ¹nc
795 601 1134 704 orssnnrn'no
1185 571 1705 704 ennontcoss'runmcn
1766 567 1779 580 ⁸

427 873 432 880 .
503 785 894 906 fabricaelenploruni,
916 803 1118 898 singulorum
1140 827 1250 877 tamen
1275 803 1424 901 partium
1445 804 1583 884 illerum
1608 805 1854 886 administratio
1880 836 1974 914 oeque

434 937 439 944 ·
495 937 543 987 ec
557 908 746 983 distributio
759 930 861 1005 pencr
880 901 1083 1003 Episcopum
1101 926 1300 978 remaneret.
1314 905 1347 996 c)

548 1080 586 1160 e)
609 1073 737 1142 Confer.
760 1071 868 1176 quoc.
888 1072 974 1140 Flot.
993 1075 1069 1140 ibid.
1091 1073 1189 1139 Turn.
1214 1092 1242 1139 1.
1265 1095 1295 1158 p.
1317 1075 1391 1160 368.

547 1199 585 1284 l)
605 1193 804 1341 lgfflnssspegl
812 1191 923 1357 isqunt.
941 1195 1060 1261 Eccles.
1080 1196 1269 1281 patrarit.
1288 1195 1338 1261 16.
1360 1216 1389 1262 c.
1411 1213 1441 1278 5.
1459 1213 1490 1261 n.
1508 1211 1541 1262 2.
1583 1193 1665 1263 Item
1682 1207 1764 1284 part.
1782 1216 1815 1265 α.
1830 1197 1883 1266 tit.
1897 1216 1977 1283 gne
1995 1205 1998 1210 '

408 1475 412 1490 Ι
441 1348 457 1478 ,Ι
539 1375 580 1480 e)
598 1395 689 1461 iden
704 1395 823 1460 ibidem
837 1404 917 1480 pert.
933 1413 966 1460 α.
982 1394 1033 1461 tit.
1051 1405 1100 1471 18.
1116 1415 1144 1460 c.
1158 1414 1187 1462 1.
1203 1413 1234 1461 n.
1252 1413 1284 1477 4.

1151 1582 1186 1666 §.
1237 1573 1338 1660 vlt.

625 1712 688 1788 Sed
698 1736 779 1785 vero
793 1709 946 1784 redibant
961 1707 1076 1805 priora
1093 1710 1303 1800 gravamina,
1319 1707 1524 1807 querebatur
1537 1708 1669 1785 rursum
1685 1713 1809 1787 Clerur
1825 1715 1982 1792 rurrlirle

509 1805 1721 2000 lli‘lllll‘lillllllllllill,lllllllssllllill‘l:
1734 1810 1986 1987 illisit}

510 2011 695 2085 oblationes
709 1960 744 2078 in
762 2008 901 2104 propfic
914 2003 1059 2099 cujusvis
1072 2006 1227 2076 Paroecir
1239 1933 1433 2085 ficrisolitts
1448 1936 1604 2103 privbtim
1622 2007 1680 2079 sibi
1696 1936 1869 2094 regrinere,
1892 1940 1985 2110 ogque

511 2136 567 2185 eas
582 2109 744 2206 emplius.
764 2129 800 2177 ut
816 2130 908 2187 ante,
933 2103 973 2173 od
989 2100 1209 2200 Episcopum,
1232 2129 1300 2199 quo
1314 2106 1497 2201 aequaliter
1513 2105 1553 2176 ab
1573 2131 1613 2177 eo
1630 2109 1716 2178 inter
1733 2134 1859 2182 omnes
1875 2111 1987 2183 divide·

401 2255 405 2268 ι
512 2232 650 2289 rentur,
676 2202 848 2288 conferre,
874 2207 908 2274 in
934 2224 1001 2297 quo
1025 2226 1101 2272 cum
1121 2204 1335 2274 conniventes
1359 2201 1553 2300 reperissent
1574 2205 1780 2303 Episcopus,
1807 2209 1943 2281 tandem
1958 2207 1989 2279 ed

511 2309 523 2378 i
551 2303 613 2376 stus
626 2305 710 2376 edeo
723 2306 888 2400 porcionis
903 2298 978 2370 suae
994 2296 1188 2371 divifionem
1203 2297 1277 2371 l'unt
1292 2298 1454 2398 progreffi
1464 2353 1472 2384 ,
1498 2299 1692 2399 fundosque
1713 2304 1989 2380 ecclesiasticorin

512 2332 569 2478 iba
586 2401 730 2499 cujusvis
747 2402 905 2472 Paroecia
921 2395 997 2468 sitos
1012 2393 1129 2490 singuli
1143 2395 1201 2468 sibi
1220 2401 1377 2490 privatim
1395 2401 1589 2472 retinere&
1610 2400 1871 2488 administrare,
1896 2409 1989 2504 iisque
2022 2393 2026 2484 l

436 2499 444 2510 ’
513 2501 693 2599 separatim
717 2503 764 2574 uti
788 2496 855 2572 frui
879 2497 1132 2593 coeperunt,b)
1153 2493 1223 2594 ipsa
1244 2495 1377 2569 tandem
1401 2496 1543 2570 Ecclesia
1566 2494 1758 2574 assentiente
1782 2503 1989 2602 volenteque,
2019 2501 2026 2600 -ζ

454 2605 456 2614 “
484 2593 553 2675 ”ut
571 2598 658 2672 bona
678 2595 812 2692 singulis
838 2601 883 2670 ite
909 2594 1067 2667 Patochio
1092 2589 1246 2684 assignata
1270 2619 1336 2666 non
1359 2619 1479 2668 eorum
1498 2597 1668 2694 personis,
1694 2595 1752 2670 sed
1781 2599 1865 2700 ipsis
1886 2627 1989 2676 eoron-
2023 2607 2026 2624 '

514 2699 610 2781 dem,
633 2696 754 2793 quibus
777 2716 970 2792 praeerant,
1005 2687 1124 2765 officiis
1147 2690 1246 2764 sacris
1271 2691 1489 2789 imposterum
1512 2718 1667 2767 maneant
1686 2722 1838 2784 annexa,
1865 2699 1988 2800 ‘utrque

514 2799 556 2870 iis
574 2796 687 2868 utendi
704 2791 838 2866 sruendi
855 2794 907 2865 his
921 2788 997 2888 ipsis
1013 2791 1112 2863 lactis
1130 2787 1249 2863 officiis
1265 2793 1366 2862 veluti
1391 2791 1497 2863 titulis
1517 2791 1576 2864 sub
1593 2797 1729 2866 nomine
1752 2727 1987 2874 Benellciorunt
2021 2793 2026 2868 l

399 2933 402 2938 ·
513 2890 835 2975 Ecclesiasticorum‚
856 2889 897 2962 ad
914 2911 1043 2960 morem
1058 2887 1298 2961 beneficiorum
1318 2890 1533 2976 militarium,
1554 2891 1695 2966 debeant
1710 2896 1953 2994 inhaereret)

556 3038 596 3118 a)
618 3035 690 3101 Van
711 3036 812 3118 Elpeo
835 3034 908 3098 ibid.
929 3052 994 3115 per.
1014 3051 1045 3099 2.
1066 3035 1114 3097 tit.
1137 3052 1187 3115 32.
1204 3053 1232 3099 c.
1254 3032 1285 3099 ό.
1310 3053 1341 3099 n.
1362 3053 1412 3103 11.

556 3154 595 3235 b)
612 3151 701 3215 Idem
723 3151 837 3214 ibidem
856 3162 936 3235 part.
955 3170 986 3215 2.
1006 3154 1057 3216 tit.
1082 3164 1130 3228 18.
1155 3174 1183 3217 c.
1208 3172 1235 3217 1.
1260 3172 1291 3216 n.
1315 3162 1346 3225 8.

490 3337 498 3354 .
558 3273 593 3357 t)
613 3271 700 3336 Idem
715 3270 831 3333 ibidem
845 3282 924 3352 pert.
938 3289 968 3336 2.
986 3273 1036 3336 tit.
1055 3283 1102 3348 18.
1120 3293 1148 3337 c.
1163 3289 1191 3337 1.
1206 3292 1237 3338 n.
1252 3271 1417 3338 11.&12.
1440 3269 1569 3356 &part
1590 3293 1622 3338 2.
1642 3274 1694 3339 tit
1714 3293 1769 3357 32.
1792 3297 1824 3344 c.
1847 3276 1881 3343 6.
1902 3282 1988 3349 nri.
2023 3221 2026 3234 Ι

631 3352 751 3415 Confer
769 3351 876 3418 branc.
893 3352 975 3419 slot.
991 3354 1088 3419 Tom.
1111 3373 1140 3420 2.
1162 3376 1192 3436 p.
1213 3373 1284 3439 247.
1328 3357 1472 3420 Addatur
1484 3379 1510 3423 c.
1523 3376 1554 3443 9.
1569 3356 1602 3422 dc
1625 3375 1674 3442 19.
1709 3357 1753 3426 X.
1776 3361 1821 3426 de
1837 3357 1990 3425 Pnebeol·

632 3433 667 3499 dt
683 3437 805 3519 Dignit.
819 3435 852 3501 dc
868 3458 936 3520 cap.
957 3457 1007 3522 ¹5·
1041 3438 1083 3505 X.
1100 3440 1138 3501 de
1154 3437 1303 3522 Rescript.
1323 3439 1354 3501 iu
1374 3440 1404 3505 ό.

1153 3643 1184 3727 §.
1232 3633 1358 3709 Vlll.

632 3763 834 3864 Exemplum
850 3766 941 3839 Cleri
961 3765 993 3840 dr
1011 3762 1071 3861 ipsc
1087 3792 1222 3866 quoque
1240 3767 1400 3868 Episcopi
1417 3794 1494 3844 cum
1514 3765 1579 3844 sctis
1596 3762 1765 3862 Capitulis
1780 3763 1865 3840 sunt
1885 3763 1992 3841 secuti:

516 3856 667 3936 Ariliori
685 3864 738 3945 hi,
766 3890 802 3937 ac
818 3866 939 3963 reliqui
956 3866 1098 3950 Clerici,
1126 3867 1260 3942 vinculo
1282 3871 1369 3952 inter
1386 3867 1418 3942 se
1439 3893 1558 3941 mutuo
1573 3863 1807 3950 sociabantur3
1835 3867 1994 3939 nonenim

517 3961 552 4032 in
567 3962 695 4055 vulgari
710 3985 837 4034 tantum
854 3964 910 4034 illa
926 3962 1092 4035 bonorum
1109 3969 1260 4038 omnium
1275 3971 1512 4039 communione
1529 3965 1762 4046 versabantur,
1788 3962 1851 4039 sed
1872 3964 1993 4061 insuper

518 4064 618 4130 etiam
634 4067 735 4132 vitam
751 4063 917 4159 quandam
931 4087 1144 4134 communem
1161 4061 1339 4136 secundum
1355 4090 1464 4138 certos
1482 4071 1632 4136 Canones
1655 4058 1709 4133 seu
1729 4065 1872 4155 regulas
1887 4065 1993 4134 iisdem

518 4157 737 4254 praescriptas
753 4163 840 4232 inter
854 4158 885 4231 sc
899 4163 1039 4232 invicem
1057 4160 1291 4254 transigebant,
1311 4165 1390 4234 dum
1407 4163 1499 4234 fimul
1515 4162 1722 4240 habitabunt,
1738 4159 1841 4233 simul
1854 4161 1993 4240 edebant,

519 4247 681 4352 simulque
697 4253 930 4368 officiisxsacris
945 4258 1122 4330 vacabant:
1150 4261 1335 4356 incipiebat
1350 4264 1481 4333 tandem
1498 4261 1672 4356 displicere
1688 4261 1755 4328 vita
1770 4259 1837 4332 ista
1852 4261 1995 4333 canonice

520 4345 751 4441 &regularis3
776 4354 971 4429 secesserunt
993 4359 1070 4427 hinc
1086 4360 1232 4454 primum
1252 4358 1409 4457 Episcopi
1429 4386 1445 4430 a
1462 4358 1527 4430 suis
1547 4355 1731 4456 Capitulis,
1754 4355 1996 4457 separutimque

519 4445 561 4519 ab
576 4448 677 4519 his-dc
696 4451 845 4525 habitare
863 4455 895 4526 dr
912 4456 1089 4526 comedere
1104 4482 1298 4552 coeperunt.
1348 4462 1448 4528 Hanc
1465 4463 1549 4530 vitae
1571 4459 1821 4553 separationem
1840 4458 1946 4530 secuta
1958 4447 1996 4526 ell

518 4542 588 4642 ipsu
605 4548 736 4618 condem
752 4548 916 4623 bonorum
932 4579 1067 4650 quoque
1089 4559 1245 4649 partitio,
1273 4581 1450 4653 perquam
1471 4560 1585 4653 portio
1601 4556 1656 4625 illa
1672 4553 1851 4654 Episcopo
1869 4557 1997 4653 ejusque

519 4646 677 4745 capitulo
691 4646 855 4723 indivisim
871 4656 1052 4748 antiquitus
1071 4649 1224 4750 offignere
1244 4657 1333 4729 inter
1349 4676 1532 4754 utrumque
1555 4658 1600 4728 ito
1620 4649 1686 4727 suit
1704 4653 1836 4740 divise,
1863 4680 1901 4729 ut
1922 4654 1996 4823 bopt

1882 4771 1995 4828 ΝΟΜ·

1599 5047 1785 5154 '¹62
