5017 5592
503 637 575 720 680
657 695 662 704 .
952 620 1531 710 DISSERTATIO

622 807 676 882 Ad
693 804 791 882 finem
808 831 956 905 propero
972 804 1203 879 dissertationis
1220 833 1318 888 mcae,
1342 812 1382 881 L.
1396 810 1434 878 B.
1451 805 1493 876 de
1514 801 1661 876 evidenti
1681 795 1822 900 Jullitia
1846 797 1975 872 Ordini-

504 909 604 981 tionis
618 905 814 978 Elcdloralis
830 903 875 975 sat
890 931 1018 982 certus,
1046 911 1179 976 unicum
1197 906 1309 976 saltem
1325 905 1432 974 adhue
1445 925 1679 994 argumentum
1697 895 1864 994 proferre
1880 899 1976 978 liceat,

503 1006 594 1102 quod
611 1006 686 1074 buie
702 1007 902 1075 ordinationi
922 1002 1051 1074 obslure
1071 1001 1292 1074 dissentientes
1308 1000 1507 1072 exrslimaiit:
1535 1002 1645 1095 ajunt,
1671 997 1852 1068 subditum
1873 995 1977 1066 laicum

465 1153 468 1160 ·
504 1098 760 1197 amplcslcntem
780 1099 897 1171 slatum
912 1102 1156 1171 Sacerdotula-m
1174 1127 1189 1170 a
1207 1100 1366 1195 potessate
1390 1099 1493 1170 laicali
1512 1101 1629 1178 eximi,
1653 1097 1801 1166 domino
1818 1117 1980 1190 quantum·

504 1204 553 1273 vis
570 1201 787 1280 reclamante;
813 1193 962 1268 inserunt
979 1200 1057 1288 (sed
1075 1205 1158 1268 mira
1179 1200 1309 1289 illatio)
1324 1222 1405 1288 ergo
1430 1197 1462 1268 dt
1485 1193 1580 1266 sundi
1600 1200 1735 1264 noviter
1757 1191 1918 1288 adquistti
1938 1189 1979 1262 ael

505 1298 700 1390 acquirendi
724 1303 926 1374 eximentur,
956 1299 1107 1390 Principe
1131 1298 1205 1366 lieet
1229 1297 1447 1376 reclamante3
1472 1297 1606 1364 irritum
1630 1287 1795 1388 profesio
1817 1287 1979 1361 conatum!

503 1419 579 1463 nam
603 1391 779 1463 secundum
804 1399 910 1463 varios
936 1419 1040 1464 textus
1060 1397 1151 1489 Juris
1171 1399 1328 1463 Canontci
1345 1397 1386 1464 X.
1409 1401 1443 1461 dc
1459 1399 1542 1478 (etv.
1559 1417 1617 1460 nan
1637 1394 1705 1461 ard.
1725 1392 1816 1459 item
1837 1387 1920 1478 Diss-
1934 1413 1980 1468 rr.

503 1516 557 1584 pet
581 1513 637 1564 rar.
660 1487 804 1586 expresse
829 1491 1045 1584 prohibetur,
1072 1491 1201 1562 s'eruum
1226 1496 1259 1560 ab
1279 1496 1475 1582 prejudicium
1500 1494 1610 1558 domini
1632 1487 1811 1565 ordinari,
1846 1481 1982 1556 statuitur

506 1587 641 1685 insuper
663 1587 851 1659 servumatl
879 1591 1025 1658 minores
1047 1590 1181 1658 ordines
1201 1589 1392 1658 ordinatum
1417 1597 1573 1680 ignorante
1595 1590 1716 1654 domitia
1739 1587 1775 1653 in
1801 1579 1982 1655 servitutem
2022 1607 2024 1626 ¹

507 1691 710 1756 reatoiniitliiin
727 1683 806 1764 esse,
830 1682 923 1756 seruo
947 1686 985 1753 ad
1011 1686 1154 1780 majores
1175 1687 1310 1756 ordines
1333 1685 1373 1755 ab
1399 1684 1585 1780 Episcopo,
1613 1680 1738 1752 sciente
1757 1678 1901 1753 servum
1916 1675 1983 1762 esse,

506 1783 681 1865 ordinato,
710 1785 795 1854 bunc
817 1781 923 1876 ipsum
945 1780 1147 1878 Episcopum
1171 1784 1308 1854 domino
1330 1783 1369 1852 ad
1392 1781 1560 1878 duplicem
1584 1775 1861 1851 satissedlionem
1880 1779 1982 1850 teneri.

411 1875 420 1898 ‘
509 1889 543 1951 c,
568 1908 619 1965 19·
646 1882 714 1968 dist·
731 1911 784 1958 54·
804 1885 865 1957 &10
883 1883 942 1956 &a
1001 1884 1033 1951 Si
1054 1907 1135 1972 ergo
1158 1880 1297 1952 Ecclesia
1319 1881 1493 1950 dominum
1517 1882 1616 1950 etiam
1641 1885 1817 1971 primariam
1837 1875 1918 1972 jure
1937 1871 1983 1948 sarr

506 1981 642 2072 privare
656 2004 720 2050 non
738 1979 841 2047 volun
858 2001 998 2073 propter
1014 1975 1112 2048 finem
1131 1979 1213 2048 adeo
1231 1979 1465 2056 excellentem,
1491 2001 1574 2068 ergo
1592 1973 1714 2071 (quod
1736 1995 1861 2045 tamen
1877 1973 1985 2070 abaqar

506 2075 572 2145 hoc
588 2100 653 2144 non
671 2076 806 2167 putuit)
820 2101 879 2146 nec
894 2077 998 2146 voluit
1014 2079 1202 2172 Principem
1218 2075 1404 2146 secularem
1422 2070 1638 2145 dominiosuo
1657 2074 1832 2142 eminenti
1849 2069 1986 2169 respellu

508 2170 733 2244 immobilium
748 2181 901 2269 privare,
927 2173 994 2250 vel,
1021 2199 1061 2244 ne
1077 2197 1269 2270 priventur,
1293 2174 1476 2269 quidquam
1501 2170 1677 2242 statuentes
1694 2171 1896 2265 impedire,
1921 2191 1985 2264 pra·

507 2291 586 2364 pter
602 2267 701 2339 finem
719 2272 825 2341 multo
843 2268 1054 2353 inferiorem,
1076 2274 1182 2366 qitalis
1198 2271 1242 2340 ell
1260 2268 1346 2342 sorte
1361 2272 1416 2340 illa
1431 2271 1580 2340 decentia
1596 2268 1878 2359 &congruentia
1894 2267 1984 2340 eliti-

508 2365 587 2436 calis
605 2367 755 2462 respcslu
772 2369 936 2439 bonorum
952 2369 1174 2440 immobilium
1191 2395 1267 2440 eunt
1281 2372 1490 2464 exemptione
1502 2367 1543 2438 ab
1559 2368 1651 2436 omni
1667 2389 1779 2439 onere
1796 2369 1930 2440 noviter
1939 2362 1985 2434 ad·

509 2465 772 2560 quirendurum:
800 2491 907 2562 neque
925 2470 1014 2538 enim
1032 2473 1112 2540 tanti
1126 2465 1260 2538 interesl
1278 2464 1485 2562 reipublicae,
1510 2464 1683 2533 dominum
1707 2467 1891 2554 privatum
1906 2459 1986 2536 serra

510 2565 610 2632 unico
626 2563 667 2632 ad
685 2561 791 2634 s'acriis
814 2567 948 2636 ordines
968 2567 1096 2637 elevato
1120 2568 1264 2661 privari,
1291 2567 1406 2658 quanti
1430 2558 1563 2633 interest
1582 2563 1750 2655 Principis
1773 2560 1868 2632 bona
1884 2563 1986 2632 imma·

509 2654 608 2740 bilia,
633 2687 694 2733 cett
712 2659 926 2733 instrumenta
945 2662 984 2732 nd
1005 2659 1204 2737 sullinendas
1227 2657 1426 2733 necessitates
1447 2657 1596 2755 publicas
1616 2681 1789 2754 perquam
1804 2655 1986 2740 necessaria,

510 2755 548 2826 in
561 2769 689 2829 Mitius
706 2784 839 2830 nuituis
854 2757 1038 2832 transferri.
1080 2766 1162 2832 Hrec
1178 2767 1290 2856 itaque
1307 2757 1398 2838 sunt,
1413 2761 1451 2827 L.
1467 2761 1505 2827 B.
1522 2781 1595 2852 quat
1613 2781 1675 2852 pro
1689 2763 1865 2828 tenuitate
1878 2757 1986 2828 visiun

510 2875 662 2938 mearum
685 2855 759 2929 loco
778 2855 1018 2929 Dissertationis
1044 2860 1246 2948 inauguralia
1262 2858 1304 2928 de
1327 2880 1386 2937 eo,
1411 2854 1502 2951 quod
1524 2857 1610 2925 circa
1629 2852 1807 2925 bonorum
1833 2851 1986 2926 stabilitio

512 2951 554 3022 ad
573 2963 699 3023 Manias
716 2980 849 3025 minitas
868 2955 1097 3044 translationes
1117 2953 1239 3049 jussum
1263 2955 1412 3033 ridetur,
1437 2949 1562 3023 summa
1581 2951 1744 3022 brevitate
1776 2949 1926 3025 scribere
1942 2949 1986 3022 de·

512 3046 689 3129 slinabam,
715 3057 892 3146 repentino
913 3051 1066 3121 censoriae
1089 3053 1225 3143 virgulae
1243 3057 1373 3142 rigore,
1399 3046 1603 3143 adversoque
1625 3053 1861 3144 l'raeceptoris
1877 3045 1986 3122 meird

513 3167 634 3233 rogum
651 3142 752 3240 usque
768 3148 898 3216 colendi
920 3148 961 3217 de
979 3148 1133 3219 levidetib
1156 3148 1266 3244 opella
1287 3173 1359 3219 mea
1382 3147 1507 3241 judicio
1529 3148 1611 3218 adeo
1634 3151 1866 3241 perterritus,
1890 3171 1927 3219 tat
1943 3167 1987 3218 ms

512 3245 696 3312 conaminis
713 3249 777 3314 mei
790 3245 857 3339 jam
873 3245 993 3316 millies
1012 3251 1214 3341 poenituerit.
1249 3249 1388 3316 Interim
1405 3269 1577 3315 tementes
1593 3243 1660 3340 ipsa
1675 3245 1811 3337 legenti
1828 3268 1986 3318 common·

512 3333 643 3418 sitibit,
669 3366 778 3437 neque
804 3366 841 3412 ex
865 3343 1052 3414 adulatione
1075 3344 1156 3426 hoe,
1189 3367 1244 3415 aut
1267 3346 1413 3440 partium
1433 3340 1560 3421 lludio,
1586 3366 1694 3436 neque
1713 3348 1839 3414 animo
1859 3343 1986 3415 aliorum

512 3432 597 3508 bene
616 3432 761 3509 fundatis
776 3440 905 3534 juribus
923 3441 1159 3537 praejudicandi
1178 3441 1337 3535 scriptum
1354 3434 1434 3522 esse3
1454 3443 1593 3512 minime
1605 3443 1759 3510 omnium
1775 3465 1866 3513 vero
1881 3437 1986 3513 doslri·
2022 3523 2024 3538 Ι

513 3557 591 3603 nam
617 3533 719 3619 hane,
746 3561 818 3631 quae
844 3542 1010 3634 Principi,
1042 3564 1115 3634 quae
1135 3540 1208 3611 sunt
1230 3543 1392 3633 Principis
1417 3536 1550 3619 tribuit,
1574 3536 1721 3609 libertati
1746 3537 1987 3611 immunitatirs
2022 3565 2024 3594 =

513 3628 742 3703 Ecclesallicte
759 3636 1021 3730 prejudiciosam
1036 3634 1125 3733 posse
1140 3637 1349 3730 compellati.
1374 3655 1378 3666 ·
1397 3642 1426 3704 Α
1442 3659 1472 3706 te
1487 3634 1630 3730 denique
1647 3640 1688 3708 L.
1699 3639 1738 3706 B.
1756 3639 1860 3732 quod
1874 3642 1986 3732 patien-

513 3730 558 3798 tia
574 3728 746 3827 oculisque
762 3738 826 3804 tuis
846 3759 905 3826 per
919 3759 1039 3824 paucas
1057 3732 1151 3806 hasce
1170 3739 1305 3827 paginas
1321 3727 1437 3801 abusus
1453 3729 1526 3813 siin,
1552 3736 1680 3807 veniam
1697 3756 1812 3824 rog03
1842 3735 1986 3822 equidem

513 3829 621 3918 magis
635 3830 787 3925 piperata
804 3829 1090 3925 Disputatiuncula
1104 3834 1272 3903 eruditum
1290 3853 1383 3900 tuum
1398 3825 1547 3924 saporem
1563 3830 1719 3901 vellicare
1736 3835 1772 3900 in
1791 3835 1909 3905 animo
1921 3853 1986 3929 pro·

513 3922 699 4016 ponebam,
724 3923 778 3996 sed
795 3952 880 3998 nune
903 3925 1027 4000 rubore
1047 3929 1226 4000 admodum
1245 3925 1386 3998 suffusus
1410 3931 1581 4022 experior,
1604 3923 1688 4021 saepe
1711 3928 1754 3998 de
1779 3924 1985 4003 facultatibus

515 4015 582 4090 suia
598 4021 673 4116 plus
688 4021 820 4120 sperare
836 4023 1006 4105 homines,
1032 4050 1132 4121 quam
1147 4031 1180 4097 in
1197 4028 1248 4095 his
1265 4023 1328 4106 est,
1354 4021 1376 4093 si
1396 4027 1499 4115 igitur
1512 4024 1614 4104 hane,
1641 4048 1742 4117 quam
1767 4024 1835 4098 tibi
1854 4025 1926 4122 pasl
1941 4049 1985 4098 er·

514 4117 621 4208 pilata
637 4119 779 4192 aliorum
793 4127 924 4220 repotia
940 4118 1079 4194 offulam
1096 4150 1269 4219 propono,
1288 4119 1417 4215 gustate
1433 4116 1560 4212 fugias,
1582 4119 1696 4193 saltem
1713 4128 1831 4194 concha
1841 4128 1918 4217 [asts
1928 4123 1984 4220 μή

515 4214 628 4284 Horat
654 4243 682 4286 i.
699 4225 795 4308 satyr.
815 4247 846 4306 3.
864 4222 922 4292 tibi
942 4247 1006 4290 non
1029 4218 1218 4316 displiceam
1247 4222 1352 4291 Zoilia
1374 4242 1455 4290 vero
1478 4218 1561 4289 illud
1587 4222 1761 4291 Ciceronis
1782 4247 1817 4295 2.
1840 4226 1879 4293 de
1893 4243 1984 4294 narrt.

515 4319 608 4384 Deir.
627 4310 752 4386 dissum
772 4317 855 4389 ello:
884 4325 981 4390 Salem
995 4319 1101 4406 istum,
1126 4345 1182 4410 que
1194 4323 1299 4412 ‘uestra
1314 4339 1396 4389 caret
1415 4323 1516 4398 naria,
1539 4322 1571 4387 in
1582 4322 1746 4389 irridendis
1762 4323 1853 4392 nabis
1870 4327 1983 4394 uolitare

515 4409 702 4492 caiisumtre,
734 4419 767 4488 sd
783 4443 827 4485 nie
840 4420 953 4498 liertle,
979 4419 1003 4495 fi
1016 4442 1061 4486 me
1077 4423 1228 4498 audiatis,
1257 4444 1294 4487 ne
1306 4418 1499 4506 experiamini
1511 4418 1648 4504 quidem,
1666 4441 1725 4485 nan
1740 4421 1852 4503 aleier,
1869 4445 1927 4490 san
1940 4419 1983 4486 dr·

513 4507 662 4680 appleolpp
676 4516 891 4682 eiipippitesti's.
941 4514 1020 4615 Ipsa
1039 4538 1120 4593 vero
1143 4514 1340 4592 Elesloralis
1363 4513 1543 4588 Ordinatio
1566 4507 1832 4591 Clementiffima
1853 4513 1984 4592 carim
2022 4517 2024 4542 '

1902 4707 1985 4796 wil
