5017 5592
627 601 698 682 ue
727 599 854 700 June
886 599 1153 680 castaneo
1179 603 1796 688 entmaatanumrnucutt.
1905 639 1973 721 17,
2049 593 2052 598 ’

509 812 564 886 que
578 783 701 877 absqoe
715 773 786 856 ullo
803 784 948 881 partium
966 733 1090 868 studio,
1123 782 1207 857 salva
1222 789 1371 885 Utrique
1392 743 1546 890 potestat}
1566 788 1747 864 pontificis,
1771 792 1978 876 &caspme

509 886 608 962 debita
622 887 853 967 veneratione,
880 885 1101 957 corroborare
1115 883 1265 974 studebo.
1690 907 1696 934 ι
1894 927 1901 992 t

540 1056 575 1140 a)
593 1052 666 1118 Vid.
686 1072 755 1134 cap.
776 1050 802 1115 1.
819 1057 843 1134 ς.
855 1049 975 1117 XXVI.
996 1053 1049 1115 ubi
1071 1051 1239 1116 discordias
1257 1051 1452 1117 Clementem
1467 1053 1525 1120 Xl.
1540 1055 1623 1119 inter
1643 1057 1676 1120 dr
1690 1058 1859 1142 josephum
1873 1060 1982 1206 Impe-

611 1149 749 1197 ratotem
773 1137 815 1196 ob
837 1136 1024 1197 exercitium
1043 1135 1121 1215 juria
1143 1139 1357 1218 primariorum
1379 1157 1505 1219 precum
1519 1149 1628 1201 enatos
1641 1144 1818 1207 retulimus.
1849 1144 1918 1207 Con
1935 1163 1985 1208 er.

611 1217 772 1283 Koelerus
793 1223 831 1301 itt,
845 1221 891 1282 itt
913 1215 1065 1288 &carlum
1084 1219 1205 1293 &scitust
1217 1219 1339 1300 uislttit
1362 1241 1391 1302 p.
1408 1221 1481 1300 640.
1496 1219 1529 1282 u
1552 1222 1607 1284 alii
1627 1222 1767 1288 historiae
1783 1228 1983 1290 Germanicae

613 1301 787 1383 scriptores
807 1301 840 1361 in
854 1301 921 1361 vita
938 1298 1063 1381 Jnsepltl
1079 1300 1294 1382 Imperatoris.

541 1429 574 1510 s)
594 1418 745 1484 Defendit
760 1429 826 1480 tum
845 1415 1077 1509 imprimisjura
1094 1416 1257 1481 Pontificio
1272 1418 1376 1491 Juttus
1395 1416 1590 1484 Fontaniuus
1613 1421 1667 1484 sub
1684 1421 1820 1484 Conradi
1840 1422 1982 1505 Olige'nil

616 1505 747 1564 nomine
764 1499 911 1580 singulari
924 1498 1138 1561 dillertatione
1153 1503 1192 1562 de
1206 1502 1359 1564 Primariis
1377 1506 1521 1581 precibus
1538 1504 1755 1586 lmperialibus
1767 1503 1925 1587 friburgi,
1941 1521 1981 1570 ut

615 1583 802 1665 praefertur,
824 1601 907 1643 atino
924 1601 938 1640 1
963 1580 1012 1645 oti.
1029 1582 1130 1654 edita,
1153 1585 1204 1644 ubi
1223 1583 1370 1646 totuseli
1386 1586 1613 1663 inprobando,
1635 1585 1699 1650 stne
1712 1586 1835 1669 speciali
1845 1588 1974 1650 indulto

620 1665 786 1729 Pontilicis
801 1685 868 1726 non
883 1682 924 1744 po
951 1685 969 1725 e
987 1682 1003 1722 a
1022 1661 1141 1725 Caesare
1153 1668 1268 1746 primas
1281 1685 1389 1750 preces
1403 1667 1505 1748 dirigi.

545 1786 576 1866 r)
594 1783 701 1846 Partes
715 1779 843 1844 satiaris
858 1783 930 1845 tuiti
947 1782 1015 1842 sunt
1032 1780 1081 1843 lll.
1095 1782 1175 1845 Baro
1196 1786 1234 1847 de
1254 1781 1388 1872 Linncker
1401 1785 1433 1846 in
1444 1783 1599 1849 Vindiciis
1616 1777 1985 1870 primariarttm'preenm,

615 1865 779 1928 Cortreius
803 1867 835 1926 in
849 1861 1136 1943 llepraesentatinne
1155 1865 1181 1939 J.
1200 1868 1229 1931 l‘.
1248 1867 1280 1930 Ρ.
1296 1867 1467 1928 Gribnerus
1485 1869 1516 1929 in
1538 1867 1751 1931 dissertatione
1776 1871 1815 1931 de
1839 1873 1986 1952 precibus

653 1947 769 2008 imariis
790 1946 1004 2025 imperialibus
1022 1945 1086 2008 line
1099 1949 1221 2012 indultu
1237 1947 1420 2016 l'ontllicis,
1444 1949 1568 2013 validis.
1590 1950 1786 2013 Boeltmerus
1799 1950 1826 2024 J.
1840 1952 1877 2016 E.
1893 1951 1973 2014 Prot

613 1965 683 2092 Hb.
702 2026 757 2089 lll.
777 2027 842 2090 Tit.
858 2030 896 2088 de
911 2030 1005 2107 przeb.
1027 2030 1187 2112 &dignit
1212 2039 1237 2115 ς.
1259 2030 1359 2096 CXll.
1378 2030 1529 2095 Sttuvius
1541 2034 1574 2095 itt
1590 2033 1798 2117 syntagmate
1812 2032 1878 2109 Jur.
1892 1999 1987 2118 puls

617 2108 696 2176 Diu.
712 2108 754 2174 X.
767 2117 792 2193 ς.
810 2129 860 2195 32·
884 2109 917 2173 dt
936 2111 989 2174 alii
1003 2112 1122 2195 plures.

1179 2307 1208 2394 s.
1259 2306 1313 2382 ll.

617 2463 733 2532 Primo
753 2459 835 2531 milti
860 2454 1046 2556 dispicienti
1068 2461 1294 2554 complurium
1316 2486 1354 2532 et
1379 2457 1634 2536 Proteslautium
1651 2485 1792 2536 numero
1808 2457 1986 2540 attslorutu

507 2555 661 2631 sententia
682 2563 844 2630 occurrit.
867 2565 924 2653 qui
944 2585 980 2630 ex
994 2558 1070 2653 jure
1086 2557 1287 2653 Mrjellatis,
1308 2564 1407 2653 eique
1425 2586 1550 2631 anneto
1564 2562 1639 2654 jure
1658 2561 1827 2633 sacrorum
1841 2564 1894 2657 jus
1917 2570 1985 2658 pti·

510 2660 685 2728 mariarum
713 2677 850 2752 precum
875 2658 1038 2727 deducere
1066 2657 1281 2727 contendunt.
1298 2657 1338 2746 a)
1366 2662 1428 2726 Sed
1445 2684 1546 2752 quarn
1569 2659 1700 2728 cariosis
1728 2661 1795 2730 lnce
1824 2664 1986 2742 inuitatur

510 2750 747 2837 fundamentis,
774 2758 854 2826 ritis
872 2758 905 2823 in
932 2752 1066 2824 ltilloria
1085 2753 1288 2824 Ecclcfiae&
1315 2756 1455 2849 lutperii
1478 2752 1612 2826 versatis
1637 2756 1766 2827 abunde
1789 2755 1834 2826 cst
1849 2756 1986 2852 perspe-
2009 2771 2014 2778 ¹

510 2849 616 2922 llum:
635 2877 674 2923 cx
695 2849 856 2948 premissa
878 2849 1031 2921 historica
1055 2855 1203 2945 epitome
1217 2851 1250 2921 id
1277 2849 1386 2947 ipsum
1409 2850 1485 2921 satis
1508 2858 1607 2922 ctiam
1632 2852 1760 2932 elucet,
1783 2879 1901 2924 notter
1924 2854 2007 2926 reli·
2075 2937 2081 2948 ἱ

460 2997 462 3003 -
510 2945 598 3020 fonte
615 2951 878 3043 protrahendam
894 2947 957 3019 elle
973 2947 1062 3017 tslius
1077 2951 1162 3043 juris
1178 2948 1318 3019 Cael'arei
1331 2953 1518 3041 originem,
1538 2950 1570 3021 ὅι
1589 2947 1744 3045 profesio
1759 2948 1823 3020 stre
1840 2977 1899 3044 per
1910 2958 2007 3022 Ma·-

510 3047 652 3141 jcllatem
667 3049 768 3118 iidem
786 3049 972 3141 exprimant
991 3044 1177 3138 supremam
1195 3050 1227 3114 in
1243 3047 1414 3140 republica
1440 3045 1635 3141 poteslatetu
1653 3049 1683 3117 dr
1707 3050 1918 3140 completum
1934 3051 1987 3142 ju·

510 3147 611 3226 num,
626 3142 695 3215 stne
719 3142 839 3240 quibus
856 3142 1043 3239 respublica
1058 3141 1279 3213 administrati
1295 3148 1428 3239 neqttit,
1446 3143 1509 3214 sive
1527 3144 1692 3239 brajellan
1717 3149 1868 3216 aetnttlam
1890 3145 1986 3241 supe·

511 3245 694 3315 claritatem
720 3245 859 3334 lmpcrii
886 3238 1020 3310 statibus
1042 3245 1076 3311 in
1101 3239 1159 3310 suo
1180 3245 1301 3334 cuique
1324 3246 1499 3312 territorio
1518 3267 1762 3338 competentem
1785 3244 1984 3333 intelligent,

511 3364 542 3412 er
559 3364 680 3412 neutra
697 3339 729 3408 id
743 3339 826 3430 juris
840 3363 1041 3433 promouere
1058 3341 1144 3433 apud
1164 3340 1369 3409 orthodoxos
1385 3339 1527 3422 conslat,
1551 3367 1625 3410 uam
1640 3339 1719 3410 ficut
1734 3343 1810 3411 ltuic
1824 3341 1891 3435 juri
1910 3348 1983 3412 Ma·

510 3437 652 3532 jeslatico
676 3437 815 3519 nullibi,
837 3461 896 3507 nec
917 3440 951 3504 in
971 3434 1058 3506 saera
1077 3437 1258 3531 scriptura,
1280 3462 1339 3507 nec
1360 3436 1507 3508 Ecclefiae
1533 3440 1730 3518 traditione,
1752 3464 1859 3532 neque
1879 3442 1912 3508 in
1936 3441 1986 3508 lti-

511 3534 633 3608 loricis
648 3535 856 3606 documentis
872 3532 1072 3604 adstruendo
1091 3535 1248 3604 idoneum
1265 3539 1471 3629 comperitur
1491 3532 1764 3612 fundamentum,
1785 3539 1830 3604 ita
1845 3536 1899 3626 jus
1915 3538 1986 3629 pri·

511 3637 689 3704 mariarum
709 3657 846 3726 precum
864 3631 912 3701 illi
930 3630 1091 3703 indivulse
1113 3631 1288 3703 anneilete
1311 3632 1412 3712 velle,
1435 3631 1480 3702 est
1504 3634 1634 3701 veritati
1660 3632 1757 3726 plane
1780 3656 1983 3723 repugnare.

512 3734 599 3803 Huic
625 3731 775 3810 accedit,
799 3730 889 3824 quod
913 3727 1101 3824 ubicunque
1125 3735 1351 3825 lmpcratores
1369 3729 1422 3822 jus
1452 3728 1555 3797 islltoc
1577 3751 1745 3807 exercent,
1770 3731 1986 3802 collationem

513 3826 748 3900 beneficiorum
763 3829 966 3897 ordinariam
986 3828 1024 3895 ad
1045 3827 1243 3922 lipiscopos,
1270 3827 1424 3919 Capitula
1446 3827 1496 3897 vel
1520 3827 1600 3895 alios
1624 3826 1802 3896 collatores
1823 3825 1987 3919 l'peslare,

514 3927 541 3999 st
561 3925 693 4020 semper
709 3925 789 3995 olim
805 3920 959 4019 spet‘ltll'c
979 3926 1087 3993 nullus
1111 3925 1256 4002 tlttbitct,
1274 3924 1296 3993 li
1313 3926 1415 4014 igitur
1438 3924 1478 3994 de
1501 3925 1559 3993 illo
1573 3925 1648 4016 jure
1670 3928 1709 3992 iis
1725 3924 1776 3992 vel
1802 3918 2004 3995 attfereudo'

514 4024 560 4094 rel
583 4022 814 4114 restringendo
837 4019 972 4117 quellio
988 4020 1050 4100 cll,
1068 4024 1119 4114 jus
1145 4021 1314 4116 quesitum
1335 4021 1444 4093 saltem
1469 4020 1599 4091 ebl'cnte
1621 4021 1694 4090 enstt
1716 4017 1908 4090 necessitatis
1924 4047 1986 4117 pu·

514 4119 600 4193 blicae
617 4121 657 4192 ab
675 4126 885 4214 Imperatore
904 4118 954 4187 rel
976 4123 1130 4213 Principe
1153 4122 1252 4187 centn
1277 4121 1328 4190 vel
1351 4120 1511 4189 ctrarclttri
1536 4124 1667 4212 neqnit3
1692 4119 1899 4212 proinlejus
1918 4123 1985 4215 pri·

516 4225 692 4290 mariarum
709 4242 847 4312 precum
864 4242 923 4286 ceu
941 4213 1078 4286 esse'c'lus
1092 4221 1176 4308 ptris
1193 4217 1388 4309 blsjellstici
1404 4218 1515 4285 baberi
1539 4242 1603 4284 non
1620 4215 1742 4307 potcll,
1760 4216 1838 4285 alias
1856 4217 1988 4311 semper

516 4316 586 4390 ltuie
600 4320 632 4388 id
648 4318 733 4412 juris
749 4339 911 4385 annerum
927 4309 1053 4392 fuisset,
1074 4314 1127 4383 setl
1145 4315 1185 4382 ad
1203 4314 1284 4382 illud
1302 4316 1353 4382 rel
1370 4319 1563 4394 centonio,
1587 4314 1638 4384 vel
1656 4311 1767 4384 l'altcm
1782 4313 1987 4386 cousuetudo
2117 4401 2120 4406 ⁴

516 4421 715 4512 requiritur,
737 4415 769 4483 vi
787 4411 881 4506 eujus
897 4410 963 4503 juri
980 4410 1156 4479 ordinarie·
1178 4412 1362 4480 collationis
1384 4411 1566 4506 quidquam
1583 4409 1618 4481 stt
1641 4412 1849 4502 derogatum.
1897 4418 1932 4482 T
1935 4438 1987 4484 er·

517 4515 557 4584 tio
581 4510 726 4585 Cesarea
745 4508 875 4606 ipsimet
891 4505 1023 4603 persua
1039 4533 1176 4603 precum
1194 4509 1376 4602 diplomata
1398 4533 1465 4578 nort
1487 4510 1526 4577 etl
1543 4509 1597 4602 jue
1621 4508 1803 4603 lvlajellatis
1826 4509 1877 4580 rel
1898 4514 1987 4581 circa

516 4607 615 4701 stret,
630 4608 687 4689 sed
702 4608 744 4684 ad
762 4604 1036 4688 cousuetudinem
1051 4611 1221 4703 atttiquam
1236 4606 1270 4677 id
1287 4601 1455 4774 rpsernnt,
1470 4629 1506 4680 ut
1523 4602 1662 4684 iuferius
1678 4608 1719 4682 tle
1733 4603 1896 4682 sosarmo
1910 4609 1987 4686 crir,

1350 4726 1369 4796 3
1946 4725 1989 4778 cs
