5017 5592
502 659 549 734 80
947 633 1525 712 DlSSER'l'llTlO

499 845 539 894 ut
560 818 675 893 uolunt
697 813 940 896 Ptorcllantes:
973 841 1013 886 an
1035 840 1114 888 aero
1135 813 1223 907 justa
1244 813 1386 909 cyclum
1403 811 1651 905 Gregoriaauaa
1668 810 1901 886 celebrandum
1917 811 1980 886 lit?

503 919 688 1010 hujusloci
714 911 863 996 nonest,
895 914 950 986 l'erl
973 937 1098 985 tantum
1122 913 1316 992 dicendum,
1349 936 1408 990 an,
1445 912 1662 1007 &quatenus
1684 912 1896 1003 Religionem
1920 913 1979 984 illa

507 1019 707 1088 concernat?
732 1013 882 1104 adeoque
896 1037 955 1090 an,
974 1015 1182 1106 &quatenus
1201 1008 1241 1080 ad
1260 1008 1471 1079 Comitialem
1489 1034 1548 1079 ceu
1565 1007 1780 1088 decilionem,
1800 1035 1862 1079 ceu
1878 1031 1985 1088 trans·

507 1112 673 1185 aldionem
696 1106 850 1206 spefilet?
893 1110 944 1180 Sic
968 1133 1048 1178 uero
1070 1113 1167 1178 variae
1192 1104 1386 1199 questiones
1412 1102 1650 1198 distinguendae
1672 1103 1755 1176 sunt.
1806 1109 1871 1176 vel
1891 1111 1985 1178 enim

508 1211 672 1309 queritur
691 1212 718 1281 l.
731 1207 771 1277 de
791 1229 932 1276 numero
948 1205 1096 1284 dierum,
1122 1205 1301 1282 horarum,
1327 1227 1363 1271 ac
1386 1226 1635 1275 momentorum
1654 1206 1729 1274 anai
1750 1198 1865 1274 solaris
1886 1226 1985 1275 natu·

509 1307 606 1386 ralis,
640 1304 673 1376 dt
701 1301 742 1375 fic
764 1300 898 1400 questio
922 1302 977 1371 illa
1001 1301 1211 1390 Religionem
1229 1295 1383 1392 profesto
1407 1323 1473 1372 oon
1494 1303 1683 1384 concernit;
1710 1323 1819 1389 nepae
1839 1303 1873 1370 in
1889 1324 1979 1370 com·

507 1427 594 1503 putu
616 1405 691 1472 anni
716 1401 839 1471 Solaris
864 1401 905 1469 lis
931 1395 1077 1492 superest
1097 1402 1184 1467 inter
1211 1398 1422 1478 catholicos,
1455 1394 1754 1478 &Protellantcs,
1782 1423 1859 1470 cum
1892 1397 1985 1470 &hi

512 1501 673 1592 Gregorii
698 1499 791 1568 Xlll.
814 1495 1101 1575 emendationem,
1133 1494 1319 1564 omittendo
1346 1495 1435 1573 dics,
1467 1499 1522 1590 qui
1549 1492 1856 1588 superabundabant
1875 1497 1909 1566 in
1925 1500 1988 1566 Ca·

512 1597 663 1671 lendatio
683 1595 837 1691 Juliano,
870 1592 1044 1690 probarint
1069 1591 1130 1662 dte.
1207 1598 1276 1661 Aut
1302 1616 1382 1661 vero
1409 1596 1571 1686 quaritur
1598 1596 1643 1661 ll.
1667 1592 1709 1661 de
1731 1591 1984 1663 determinando

514 1695 688 1772 Palchate,
715 1691 856 1783 aliisque
872 1688 1051 1760 mobilibus
1069 1685 1182 1768 fellls,
1208 1687 1295 1775 iuxta
1313 1691 1454 1757 Consilii
1472 1693 1602 1758 Nicaeni
1624 1686 1872 1785 prescriptum,
1896 1688 1988 1784 jutta

515 1788 730 1886 AEquinoblia
754 1788 786 1858 dr
809 1788 991 1858 Plcnilunia
1021 1811 1139 1862 verna,
1175 1787 1389 1879 adeoque.de
1413 1787 1647 1860 calculatione,
1674 1783 1729 1856 scu
1757 1784 1986 1857 Allroaomica

397 1923 409 1950 ι
516 1883 796 1965 Protellantium,
823 1883 878 1956 l'eu
907 1885 1040 1979 Cyclica
1065 1881 1318 1953 catholicorum
1343 1881 1492 1976 ejusdem
1514 1881 1721 1977 AEqurnoilii
1752 1885 1783 1954 d·
1812 1884 1989 1974 Plenilunii

366 2061 369 2068 ,
516 1985 646 2065 Verrii,
675 2004 775 2074 atque
797 1982 859 2050 hae
884 1985 1013 2052 ratione
1035 1977 1139 2050 sacras
1164 1983 1399 2059 Ceremonius,
1441 1983 1523 2048 ritus
1552 1977 1805 2061 Ecclessallicoa,
1840 1981 1991 2078 adeoque

517 2081 755 2171 Religionem,
787 2074 1027 2173 questionem,
1065 2080 1099 2146 in
1123 2071 1155 2145 l'e'
1180 2073 1383 2172 speblaeam,
1424 2075 1585 2148 indirelle
1613 2100 1748 2171 tatigcre
1777 2077 1990 2168 arbitramur.

520 2182 681 2250 Fatemur
693 2177 782 2244 enim
802 2175 964 2246 Catholici
987 2169 1146 2244 feriarum
1164 2170 1329 2243 sacrarum
1344 2170 1600 2250 institutionem,
1629 2175 1991 2248 &determinationem

520 2275 562 2345 ad
583 2295 696 2344 curam
718 2271 923 2361 Religionis,
951 2296 986 2340 ac
1011 2267 1177 2365 porellatis
1201 2267 1426 2339 licclchallicae
1447 2295 1566 2340 munus
1585 2267 1752 2363 spellate,
1776 2297 1876 2364 quam
1893 2275 1993 2343 eriam

519 2370 565 2443 ob
587 2366 714 2441 causam
738 2369 778 2437 ab
803 2372 898 2439 initio
922 2369 1021 2460 hujus
1044 2366 1275 2437 controucrhae
1297 2368 1468 2460 quibusvis
1492 2369 1635 2442 Stetibus
1652 2368 1909 2440 Protcllanrtbus
1931 2395 1993 2466 per

522 2465 685 2540 Caesarem
707 2466 819 2544 licuit,
852 2463 916 2534 litis
943 2466 976 2532 in
999 2465 1199 2544 territoriis,
1232 2468 1348 2554 uigore
1368 2461 1629 2561 Juris'.supremi
1653 2469 1739 2536 circa
1757 2469 1874 2546 Sacra,
1902 2469 1995 2562 quod

523 2569 696 2642 exercent,
728 2559 962 2631 Calendarium
983 2559 1207 2654 quodcunque
1231 2559 1366 2630 deinum
1391 2564 1558 2656 recipere,
1589 2561 1641 2632 vel
1663 2561 1833 2636 celebrare
1860 2565 1995 2649 Pascha,

523 2683 594 2760 quo
613 2655 743 2732 luberet
763 2678 926 2754 tempore.
954 2745 956 2752 Ι
977 2655 1058 2730 Diri
1086 2659 1214 2727 ramcn'
1239 2653 1426 2728 stellionem
1439 2663 1601 2747 secandam
1620 2661 1652 2746 {e
1668 2663 1830 2754 [pellatam
1846 2661 1998 2754 Religio·

522 2781 602 2832 nem
620 2777 775 2848 tangere,
798 2780 874 2826 nam
893 2747 1000 2828 bearn
1016 2755 1049 2824 in
1068 2682 1264 2848 hypotheli,
1289 2779 1325 2826 se
1345 2752 1440 2824 fimul
1454 2753 1717 2839 confideremus,
1742 2781 1808 2828 non
1823 2759 1878 2829 hic
1890 2762 1997 2852 queri

524 2880 567 2927 aa
590 2877 682 2924 nove
701 2845 794 2925 ferie
818 2850 913 2924 sacrae
929 2848 1151 2930 instituenda,
1176 2849 1230 2921 sed
1252 2846 1377 2930 solum,
1405 2875 1445 2921 an
1460 2852 1524 2921 illae
1543 2848 1635 2923 ferite
1651 2855 1764 2934 lacrae,
1790 2879 1865 2948 quae
1884 2881 1902 2924 a
1919 2860 2001 2926 Pro·

525 2947 719 3024 testantibus
740 2972 852 3042 aeque,
879 2972 915 3018 ac
940 2971 958 3015 a
980 2948 1160 3016 Catholicis
1184 2973 1247 3043 pro
1273 2945 1336 3017 l'uis
1361 2946 1598 3037 agnoscuntur,
1632 2949 1707 3031 his,
1740 2951 1854 3022 aliisue
1883 2952 2000 3024 diebus

526 3043 715 3136 affigendae,
742 3043 774 3113 dt
799 3044 1006 3114 abrasiones
1033 3044 1169 3140 quidem
1192 3068 1284 3114 mere
1299 3043 1564 3130 Astronnmicas,
1592 3072 1766 3117 cernemus
1782 3048 1856 3118 illos
1877 3053 2002 3120 Princi-

526 3167 589 3240 pes
602 3140 810 3222 catholicos,
842 3145 899 3235 qui
917 3137 1129 3237 quaestionem
1149 3137 1293 3210 nollram
1309 3165 1400 3211 mere
1416 3141 1585 3238 politicam
1601 3168 1779 3237 putarunt,
1805 3143 1863 3216 suo
1884 3142 2002 3218 funda·

498 3260 646 3312 ..mento
663 3237 751 3314 haud
765 3235 910 3312 dellitui.
957 3238 1021 3306 Vel
1038 3237 1182 3330 denique
1205 3241 1445 3333 lll.·quset-itur
1457 3239 1501 3308 de
1514 3243 1621 3336 Feriis
1638 3241 1859 3338 judicialibus
1876 3233 1916 3312 ln
1931 3249 1999 3315 Co·

526 3338 632 3409 mitiis
656 3336 816 3427 Imperii,
847 3337 881 3404 in
906 3337 1064 3413 Camers,
1097 3338 1130 3404 ia
1154 3334 1289 3432 Judicio
1313 3335 1484 3429 lmperiali
1507 3337 1627 3407 A'ulico
1652 3340 1742 3433 justa
1764 3363 1916 3411 normam
1938 3345 2005 3414 Ca·

527 3433 670 3506 lendarii
693 3432 915 3524 Gregoriani,
947 3432 999 3502 vel
1027 3433 1115 3501 illius
1140 3430 1393 3502 Protellsntium
1415 3431 1636 3514 ordinandis,
1679 3435 1870 3531 &quasillo
1894 3434 2017 3532 magis'

528 3530 637 3601 adhuc
657 3552 778 3623 anceps
798 3529 961 3600 redditur.
1025 3529 1118 3600 Olim
1141 3529 1290 3623 duplices
1315 3525 1416 3598 ferias
1438 3529 1638 3625 Judicialcs,
1680 3532 1767 3620 iuxta
1796 3532 1919 3630 duplex
1943 3541 2005 3606 Ca·

530 3627 717 3700 leudesium
739 3621 802 3700 else
827 3624 1040 3720 observatas,
1065 3625 1212 3707 tonlla13
1233 3650 1265 3694 at
1285 3626 1346 3695 hau
1366 3627 1563 3724 duplicitate
1585 3627 1737 3723 rel'pellu
1756 3625 1918 3702 feriarum
1936 3655 2005 3702 ma·

531 3723 670 3819 jurum,
693 3748 776 3819 quaa
800 3724 929 3802 dicunt,
951 3725 987 3792 in
1012 3728 1153 3794 Camers
1173 3722 1343 3817 Imperiali
1369 3741 1436 3816 per·
1453 3723 1621 3796 Recellum
1653 3725 1856 3798 Visitationis
1876 3726 2008 3801 novilli-

533 3817 791 3902 mansuum,
813 3819 1064 3891 &calendariis
1080 3827 1122 3890 A.
1144 3842 1247 3913 ¹7²4·
1270 3815 1486 3892 asediversis
1503 3821 1545 3891 de
1568 3845 1655 3890 nouo
1669 3823 1709 3892 lis
1729 3825 1911 3896 recruduit.
1943 3831 1996 3897 lm

536 3939 676 4015 perator
697 3919 799 3988 varias
821 3918 1024 4007 argumentis
1047 3938 1182 3996 motus,
1208 3915 1344 3985 easdem
1365 3911 1514 4012 duplices
1532 3913 1632 3987 ferias
1657 3941 1735 3990 tunc
1749 3921 1921 4007 inhibuit3
1948 3927 2011 3995 Le·

539 4016 607 4107 gati
622 4039 702 4086 ueto
725 4009 941 4087 Protellantes
962 4012 1154 4083 Comitiales
1177 4013 1285 4082 modis
1311 4013 1467 4084 omnihus
1487 4011 1731 4097 desiderarunt,
1758 4015 1932 4089 Allellores
1948 4026 2009 4092 Ca·

539 4133 641 4186 merae
655 4118 697 4180 A.
712 4116 751 4200 C..
775 4109 906 4180 tandem
930 4103 1086 4180 Caesareis
1100 4111 1263 4180 mandatis
1307 4131 1481 4188 aruerunt,
1505 4110 1546 4180 lis
1566 4136 1648 4183 vero
1668 4114 1775 4184 adhuc
1795 4113 1854 4186 liib
1874 4117 2011 4212 Judice,

540 4230 580 4278 ae
594 4202 732 4302 sapienti
747 4204 891 4278 Coalilio
910 4212 952 4277 A.
976 4229 1078 4296 1744.
1097 4230 1166 4301 quo
1180 4230 1266 4276 anno
1281 4131 1394 4274 inira
1415 4203 1506 4277 casua
1525 4208 1758 4302 contingebat.
1782 4211 2014 4286 determinatis¹

541 4305 642 4378 certia
656 4304 689 4371 in
705 4304 847 4374 Camers
863 4299 974 4381 feriis,
999 4304 1121 4396 quibua
1142 4305 1300 4396 utrinque
1319 4298 1439 4372 Pascha
1460 4327 1536 4374 cum
1550 4301 1641 4376 fellas
1654 4305 1833 4378 mobilibus
1849 4309 2014 4384 celebrari

541 4418 675 4496 poterat
690 4446 699 4478 ,
722 4394 865 4476 feliciter
880 4403 1001 4471 eriaaia
1015 4394 1100 4483 luit;
1120 4421 1194 4496 quae
1210 4395 1352 4469 Coahlia
1373 4395 1526 4492 pacifica,
1548 4400 1572 4472 {i
1591 4403 1703 4482 callis,
1727 4408 1785 4498 qui
1802 4407 1867 4478 hoc
1883 4409 2014 4482 Saeeulo

542 4519 611 4566 uon
630 4497 828 4588 continget,
858 4497 983 4584 (Aonis
1005 4499 1093 4566 enim
1123 4508 1224 4587 1778.
1247 4495 1283 4568 &³
1312 4507 1413 4584 ¹798·
1446 4497 1619 4570 nobiscum
1650 4498 1768 4571 Pascha
1798 4503 2017 4580 celebrabunt

541 4589 780 4680 Protellaates,
799 4615 842 4668 ae
854 4613 930 4668 euro
942 4589 1070 4691 Judeia
1083 4591 1271 4688 eelebrent)
1290 4595 1452 4668 naturus
1468 4595 1579 4675 denuo
1598 4593 1654 4682 fit,
1675 4593 1826 4688 rursum,
1842 4625 1882 4676 ut
1898 4599 2017 4700 ‘spera-

1927 4723 2018 4790 ¹¹¹l¹⁸a
