5017 5592
673 537 675 542 .
705 523 732 574 e·
1008 557 1028 570 ..
1760 571 1763 576 ,

514 647 621 767 aa
785 625 1122 747 otssnnrnno
1174 649 1446 743 canonico
1467 709 1479 730 .
1502 633 1719 743 Pontica
1810 659 1815 668 ·

1185 900 1195 924 .
1245 847 1280 920 X
1288 848 1342 924 ll.

631 994 717 1060 Bona
735 981 935 1070 Ecclefialiica
951 981 985 1051 in
1001 978 1094 1053 sensu
1111 849 1324 1056 stilliote&
1344 978 1498 1079 specifico
1512 984 1549 1076 a)
1572 949 1707 1077 accepta
1723 977 1799 1056 sunt
1815 980 1892 1068 illa,
1914 1009 1989 1082 qaae
2017 965 2020 976 ⁸

513 1086 741 1165 sustentationi
773 1078 1009 1154 Minilltotum
1031 1079 1193 1154 Ecclefiae
1216 1082 1358 1178 aliisque
1385 1078 1541 1178 impensio
1557 1085 1590 1151 in
1615 1079 1849 1154 Minissetium
1873 1079 1989 1158 saetam

512 1173 674 1264 fallendis
691 1178 907 1261 -lnservlunta
935 1202 1037 1275 atque
1050 1181 1085 1251 in
1106 1181 1278 1276 praediis,
1305 1181 1473 1265 decimis,
1497 1177 1672 1263 eenfiboa,
1696 1178 1854 1276 juribus,
1876 1181 1988 1254 dreliit

512 1282 674 1362 similibus
690 1275 878 1355 consillunt.

510 1443 515 1462 ·
627 1408 788 1484 Bifariam
812 1404 1015 1508 potissimum
1037 1406 1236 1484 confidetari
1263 1409 1413 1509 possunt,
1434 1409 1559 1483 scilicet
1578 1409 1630 1483 nel
1648 1412 1783 1486 rarione
1806 1417 1913 1499 titali,
1928 1436 1986 1511 qno

422 1597 424 1601 Α
512 1515 556 1591 nd
578 1510 755 1586 Ecclesiam
772 1530 1017 1607 pervenerunt,
1041 1509 1095 1582 vel
1112 1514 1242 1584 ratione
1257 1515 1343 1598 finis,
1362 1516 1417 1584 eui
1438 1507 1653 1585 destinantur.

551 1683 589 1766 e)
610 1680 648 1747 In
677 1678 763 1742 sensu
785 1678 868 1742 enim
891 1675 1006 1739 latiore
1029 1647 1262 1745 tea'Ecclestae
1281 1684 1377 1747 etiam
1396 1679 1590 1764 spirituales,
1617 1677 1734 1754 stema,
1774 1677 1813 1743 dr
1834 1678 1986 1764 religiosae

626 1761 910 1847 comprehendunt.
951 1759 1072 1844 Geotg.
1091 1759 1219 1831 Lodov.
1234 1763 1395 1830 Boehnter
1405 1766 1438 1831 in
1452 1763 1585 1846 Princip.
1602 1758 1668 1835 Jur.
1683 1761 1806 1833 Eccles,
1825 1767 1860 1846 5.
1873 1776 1946 1847 481.

1147 1954 1182 2060 o.
1228 1957 1349 2036 xttt.

622 2087 758 2168 Possunt
786 2090 916 2189 quippe
939 2090 1139 2188 temporalia
1163 2094 1205 2167 ad
1232 2092 1410 2168 Ecclesiam
1432 2093 1635 2192 pervenire,
1659 2090 1713 2165 vel
1734 2037 1877 2189 speciali
1896 2091 1986 2171 titula

504 2194 697 2287 fundationis
722 2213 780 2264 aot
794 2191 901 2273 doris,
926 2190 977 2263 vel
993 2191 1106 2287 aliquo
1121 2191 1187 2263 alio
1203 2217 1426 2290 praeteream
1443 2193 1542 2265 titulo
1557 2191 1779 2286 adquifititnis.

625 2326 686 2397 llla
703 2350 769 2396 non
786 2327 900 2422 inepte
943 2321 1046 2398 olsent
1064 2325 1129 2397 dici
1149 2324 1237 2399 bona
1260 2324 1479 2402 Ecclefiarum
1501 2321 1764 2396 fundamentalia
1786 2320 1847 2399 seu
1869 2325 1985 2424 princi!

504 2424 613 2525 palia,
638 2424 720 2495 haec
735 2448 817 2495 vero
835 2350 1001 2518 adjediria
1018 2421 1082 2496 sive
1098 2423 1271 2498 accessoria
1281 2476 1295 2526 ,Ι
1311 2425 1446 2522 eoquod
1461 2426 1502 2497 de
1517 2422 1667 2494 motibus
1681 2423 1886 2508 hodierniS,
1907 2419 1985 2522 poll·

531 2547 608 2596 uam
625 2520 811 2595 oblationes
827 2518 996 2609 fidelium,
1020 2524 1108 2594 unde
1130 2523 1279 2598 Mioillri
1302 2522 1520 2595 Ecelcsrarom
1542 2521 1583 2593 ab
1605 2522 1702 2592 initio
1723 2524 1904 2604 vixerunt,
1924 2517 1984 2596 ees·

503 2548 636 2703 severe,
652 2618 719 2693 fine
735 2619 799 2691 illis
814 2618 978 2692 Ecclesiae
996 2617 1165 2709 subsistere
1177 2647 1243 2695 non
1259 2620 1408 2721 possunt,
1428 2620 1512 2696 bene
1524 2645 1606 2695 vero
1622 2618 1778 2704 stnehie3
1799 2623 1834 2691 in
1852 2617 1928 2692 stilo
1940 2644 1982 2693 tt·

370 2799 373 2808 ¹
502 2743 582 2794 meo
600 2716 700 2792 semel
723 2741 861 2814 recepto
884 2718 940 2789 illa
965 2720 1122 2791 dicuntur
1144 2721 1230 2793 bona
1254 2719 1473 2794 Ecclefiarum
1496 2724 1637 2799 datalia,
1660 2719 1798 2830 eoquod
1822 2722 1861 2789 in
1884 2721 1983 2815 prime

502 2816 612 2891 statim
630 2841 745 2889 earum
769 2813 964 2888 fundatione
980 2817 1032 2888 vel
1049 2817 1162 2890 saltem
1176 2819 1290 2914 etpoll
1305 2845 1367 2917 per
1384 2820 1522 2891 modom
1538 2819 1631 2889 dotia·
1639 2815 1679 2886 ad
1706 2814 1901 2889 lallinenda
1914 2839 1982 2890 one·

501 2940 540 2990 ta
554 2917 760 2986 matrimonii
783 2911 981 3010 spititualis,
1008 2918 1098 3010 quod
1115 2917 1291 2989 Ecclesiam
1315 2923 1403 2988 inter
1423 2920 1562 3015 ejusque
1584 2913 1774 2985 ministrum
1798 2917 1978 2993 intercedit,

501 3014 695 3092 tradantur,
718 3012 798 3081 haec
813 3035 894 3081 vero
909 3016 1085 3082 adventitia
1102 3012 1166 3085 sive
1182 3019 1313 3091 noviter
1328 3016 1488 3113 adquisita
1511 3035 1690 3099 vocantur,
1714 3016 1858 3111 eoquod
1881 3013 1979 3090 Eccle·

417 3165 425 3175 ,
499 3106 565 3184 liae
579 3109 649 3205 jam
665 3108 796 3178 dotatae
812 3103 913 3205 super
929 3109 1132 3206 adjiciuntur
1145 3111 1187 3208 a)

540 3278 581 3365 a)
597 3278 687 3346 Idem
704 3279 820 3346 ibidem
844 3280 877 3364 g.
900 3278 973 3363 648.

1143 3427 1172 3509 §.
1225 3417 1342 3495 XIV.

613 3559 706 3627 Bona
726 3549 948 3627 Ecclefiatom
967 3549 1090 3624 dotalia
1117 3555 1299 3648 antiquitus
1314 3556 1350 3625 in
1372 3552 1542 3650 primaeva
1557 3549 1722 3636 bonorum
1742 3555 1980 3638 Ecclesiastico-

495 3679 574 3731 tum
596 3653 755 3726 divisone
769 3676 880 3734 erant,
899 3654 947 3721 uti
962 3649 1062 3747 supra
1078 3651 1285 3734 audivimus,
1312 3654 1574 3748 quadripartita3
1593 3676 1631 3722 ex
1648 3677 1715 3746 quo
1731 3680 1815 3726 vero
1833 3660 1978 3758 reliquae

496 3755 582 3828 duae
598 3754 789 3850 portiones,
813 3773 1001 3846 pauperum
1016 3747 1139 3820 scilicet
1155 3748 1186 3821 dt
1203 3745 1367 3833 fabricae,
1385 3755 1532 3848 pontioni
1551 3747 1708 3847 Episcopi
1732 3752 1909 3853 hujusque
1923 3763 1977 3831 Ca·

493 3854 596 3952 pituli
613 3852 849 3927 adoraverunt,
870 3845 947 3919 inde
963 3845 1058 3918 abeo
1077 3872 1230 3946 tempore
1244 3846 1328 3920 hona
1346 3846 1564 3921 Ecclefiarum
1586 3848 1708 3921 dotalia
1730 3876 1798 3922 non
1815 3852 1894 3930 sunt
1908 3858 1975 3938 alit,

494 3949 554 4022 nist
576 3949 661 4023 bona
687 3945 916 4018 minillrotum
941 3942 1096 4016 mensalia
1109 3948 1168 4041 a),
1191 3972 1277 4043 quae
1301 3945 1409 4019 secura
1434 3945 1546 4042 expoll
1568 3943 1698 4017 mensae
1715 3949 1976 4054 Episcopalir&

494 4048 698 4146 Capitularis
724 4045 931 4143 separatione
949 4042 1122 4117 evaserunt
1141 4043 1297 4119 mensalia
1312 4047 1365 4120 vel
1381 4044 1538 4144 Episcopi
1552 4045 1606 4119 vel
1623 4048 1787 4143 Capituli.

533 4213 967 4300 ωωωωμω

1150 4354 1181 4442 §-
1230 4349 1322 4423 xo.

605 4484 748 4556 Ratione
771 4481 869 4568 finis,
891 4487 944 4558 cui
966 4481 1054 4557 bona
1077 4481 1289 4557 ecclesiastica
1310 4481 1538 4569 dellinantur,
1560 4486 1624 4557 alia
1650 4483 1724 4559 sont
1752 4496 1969 4584 particularia,
2013 4533 2016 4540 ·

488 4585 623 4685 quaein
646 4606 755 4654 certos
777 4583 809 4655 dt
832 4585 1015 4677 peculiares
1037 4582 1114 4656 osus
1142 4581 1364 4666 dessinantot,
1384 4586 1447 4655 alia
1468 4611 1549 4656 veto
1572 4584 1646 4656 sunt
1668 4596 1869 4674 communia,
1894 4613 1970 4690 quae

362 4695 368 4700 '
488 4709 582 4762 retro
598 4681 657 4758 fini
682 4706 782 4783 atque
804 4678 877 4757 usui
892 4681 998 4759 dicata
1018 4707 1087 4759 non
1108 4679 1201 4771 sont,
1223 4680 1280 4759 sed
1304 4683 1539 4759 communibus
1561 4683 1724 4761 Ecclefiae
1746 4685 1863 4765 usibus
1878 4689 1970 4806 ipset·

1672 4821 1674 4826 ’
1868 4808 1969 4868 ttoni·
