<?xml version="1.0" encoding="UTF-8"?>
<!DOCTYPE html PUBLIC "-//W3C//DTD XHTML 1.0 Transitional//EN"
    "http://www.w3.org/TR/xhtml1/DTD/xhtml1-transitional.dtd">
<html xmlns="http://www.w3.org/1999/xhtml" xml:lang="en" lang="en">
 <head>
  <title>
</title>
<meta http-equiv="Content-Type" content="text/html;charset=utf-8" />
  <meta name='ocr-system' content='tesseract 3.04.00' />
  <meta name='ocr-capabilities' content='ocr_page ocr_carea ocr_par ocr_line ocrx_word'/>
</head>
<body>
  <div class='ocr_page' id='page_1' title='image "./thesavrvsivrise01schmgoog_0685.png"; bbox 0 0 5017 5592; ppageno 0'>
   <div class='ocr_carea' id='block_1_1' title="bbox 388 519 1536 670">
    <p class='ocr_par' dir='ltr' id='par_1_1' title="bbox 388 519 1536 670">
     <span class='ocr_line' id='line_1_1' title="bbox 388 519 1536 670; baseline -0.007 -22"><span class='ocrx_word' id='word_1_1' title='bbox 388 651 404 662; x_wconf 81' lang='grc'><strong>,</strong></span> <span class='ocrx_word' id='word_1_2' title='bbox 510 575 584 670; x_wconf 72' lang='lat'>⁶7⁶</span> <span class='ocrx_word' id='word_1_3' title='bbox 668 519 671 526; x_wconf 67' lang='grc'><strong>’</strong></span> <span class='ocrx_word' id='word_1_4' title='bbox 958 559 1536 642; x_wconf 80' lang='lat' dir='ltr'>utssaurnrto</span> 
     </span>
    </p>
   </div>
   <div class='ocr_carea' id='block_1_2' title="bbox 509 739 1991 1036">
    <p class='ocr_par' dir='ltr' id='par_1_2' title="bbox 509 739 1991 1036">
     <span class='ocr_line' id='line_1_2' title="bbox 510 739 1990 850; baseline 0.001 -28"><span class='ocrx_word' id='word_1_5' title='bbox 510 739 980 850; x_wconf 80' lang='lat' dir='ltr'>persecutiontsatrociffimas</span> <span class='ocrx_word' id='word_1_6' title='bbox 991 742 1092 816; x_wconf 79' lang='lat' dir='ltr'>noslu</span> <span class='ocrx_word' id='word_1_7' title='bbox 1109 746 1342 819; x_wconf 84' lang='lat' dir='ltr'>convenientes</span> <span class='ocrx_word' id='word_1_8' title='bbox 1356 745 1416 843; x_wconf 85' lang='lat' dir='ltr'>ipss</span> <span class='ocrx_word' id='word_1_9' title='bbox 1431 747 1542 820; x_wconf 87' lang='lat' dir='ltr'>media</span> <span class='ocrx_word' id='word_1_10' title='bbox 1563 745 1782 822; x_wconf 86' lang='lat' dir='ltr'>contuleruut</span> <span class='ocrx_word' id='word_1_11' title='bbox 1797 746 1843 820; x_wconf 84' lang='lat' dir='ltr'>ad</span> <span class='ocrx_word' id='word_1_12' title='bbox 1860 749 1990 846; x_wconf 74' lang='lat' dir='ltr'>Epistoi</span> 
     </span>
     <span class='ocr_line' id='line_1_3' title="bbox 509 842 1990 1010; baseline 0.001 -91"><span class='ocrx_word' id='word_1_13' title='bbox 509 874 593 948; x_wconf 86' lang='lat' dir='ltr'>pos,</span> <span class='ocrx_word' id='word_1_14' title='bbox 616 845 857 957; x_wconf 56' lang='lat' dir='ltr'>presbyteros,</span> <span class='ocrx_word' id='word_1_15' title='bbox 884 842 1108 921; x_wconf 74' lang='lat' dir='ltr'>dedisseque,</span> <span class='ocrx_word' id='word_1_16' title='bbox 1135 847 1193 1010; x_wconf 82' lang='lat' dir='ltr'>qui</span> <span class='ocrx_word' id='word_1_17' title='bbox 1213 844 1440 941; x_wconf 87' lang='lat' dir='ltr'>plerumque,</span> <span class='ocrx_word' id='word_1_18' title='bbox 1465 868 1503 917; x_wconf 95' lang='lat' dir='ltr'>ut</span> <span class='ocrx_word' id='word_1_19' title='bbox 1523 849 1653 938; x_wconf 76' lang='lat' dir='ltr'>Ettlefie</span> <span class='ocrx_word' id='word_1_20' title='bbox 1677 852 1806 918; x_wconf 81' lang='lat' dir='ltr'>salerios</span> <span class='ocrx_word' id='word_1_21' title='bbox 1828 859 1990 938; x_wconf 75' lang='lat' dir='ltr'>lervtteot,</span> 
     </span>
     <span class='ocr_line' id='line_1_4' title="bbox 510 939 1991 1036; baseline 0.002 -19"><span class='ocrx_word' id='word_1_22' title='bbox 510 947 552 1018; x_wconf 85' lang='lat' dir='ltr'>ad</span> <span class='ocrx_word' id='word_1_23' title='bbox 567 944 787 1014; x_wconf 84' lang='lat' dir='ltr'>voluntattam</span> <span class='ocrx_word' id='word_1_24' title='bbox 804 964 1033 1036; x_wconf 76' lang='lat' dir='ltr'>paupertatem</span> <span class='ocrx_word' id='word_1_25' title='bbox 1047 939 1147 1011; x_wconf 73' lang='lat' dir='ltr'>redas</span> <span class='ocrx_word' id='word_1_26' title='bbox 1165 968 1173 1009; x_wconf 90' lang='lat' dir='ltr'>t</span> <span class='ocrx_word' id='word_1_27' title='bbox 1192 964 1302 1023; x_wconf 89' lang='lat' dir='ltr'>crant,</span> <span class='ocrx_word' id='word_1_28' title='bbox 1319 943 1471 1014; x_wconf 82' lang='lat' dir='ltr'>alendos:</span> <span class='ocrx_word' id='word_1_29' title='bbox 1498 945 1643 1014; x_wconf 85' lang='lat' dir='ltr'>curanda</span> <span class='ocrx_word' id='word_1_30' title='bbox 1659 940 1913 1028; x_wconf 87' lang='lat' dir='ltr'>etantfuttera,</span> <span class='ocrx_word' id='word_1_31' title='bbox 1929 946 1991 1020; x_wconf 89' lang='lat' dir='ltr'>hol·</span> 
     </span>
    </p>
   </div>
   <div class='ocr_carea' id='block_1_3' title="bbox 359 1040 1990 1142">
    <p class='ocr_par' dir='ltr' id='par_1_3' title="bbox 359 1040 1990 1142">
     <span class='ocr_line' id='line_1_5' title="bbox 359 1040 1990 1142; baseline 0.002 -30"><span class='ocrx_word' id='word_1_32' title='bbox 359 1068 365 1078; x_wconf 70' lang='grc'><em>“</em></span> <span class='ocrx_word' id='word_1_33' title='bbox 508 1043 701 1142; x_wconf 87' lang='lat' dir='ltr'>pitalitasin</span> <span class='ocrx_word' id='word_1_34' title='bbox 717 1041 860 1110; x_wconf 86' lang='lat' dir='ltr'>viatores</span> <span class='ocrx_word' id='word_1_35' title='bbox 876 1040 1074 1121; x_wconf 84' lang='lat' dir='ltr'>exercenda,</span> <span class='ocrx_word' id='word_1_36' title='bbox 1092 1040 1218 1120; x_wconf 75' lang='lat' dir='ltr'>vidua,</span> <span class='ocrx_word' id='word_1_37' title='bbox 1246 1043 1410 1132; x_wconf 81' lang='lat' dir='ltr'>virgines,</span> <span class='ocrx_word' id='word_1_38' title='bbox 1435 1041 1609 1137; x_wconf 89' lang='lat' dir='ltr'>orphani,</span> <span class='ocrx_word' id='word_1_39' title='bbox 1635 1041 1783 1124; x_wconf 86' lang='lat' dir='ltr'>infirmi,</span> <span class='ocrx_word' id='word_1_40' title='bbox 1811 1069 1990 1140; x_wconf 75' lang='lat' dir='ltr'>pauperes,</span> 
     </span>
    </p>
   </div>
   <div class='ocr_carea' id='block_1_4' title="bbox 506 1134 1990 1630">
    <p class='ocr_par' dir='ltr' id='par_1_4' title="bbox 506 1134 1990 1630">
     <span class='ocr_line' id='line_1_6' title="bbox 509 1134 1990 1238; baseline 0.001 -25"><span class='ocrx_word' id='word_1_41' title='bbox 509 1141 626 1214; x_wconf 85' lang='lat' dir='ltr'>fideles</span> <span class='ocrx_word' id='word_1_42' title='bbox 642 1138 694 1208; x_wconf 89' lang='lat' dir='ltr'>vel</span> <span class='ocrx_word' id='word_1_43' title='bbox 710 1141 742 1206; x_wconf 90' lang='lat' dir='ltr'>in</span> <span class='ocrx_word' id='word_1_44' title='bbox 759 1160 893 1207; x_wconf 87' lang='lat' dir='ltr'>carcere</span> <span class='ocrx_word' id='word_1_45' title='bbox 908 1134 1117 1230; x_wconf 76' lang='lat' dir='ltr'>squalentes,</span> <span class='ocrx_word' id='word_1_46' title='bbox 1144 1139 1195 1207; x_wconf 83' lang='lat' dir='ltr'>vel</span> <span class='ocrx_word' id='word_1_47' title='bbox 1213 1141 1253 1206; x_wconf 90' lang='lat' dir='ltr'>ad</span> <span class='ocrx_word' id='word_1_48' title='bbox 1276 1139 1410 1209; x_wconf 86' lang='lat' dir='ltr'>metalla</span> <span class='ocrx_word' id='word_1_49' title='bbox 1435 1139 1582 1211; x_wconf 88' lang='lat' dir='ltr'>damnati</span> <span class='ocrx_word' id='word_1_50' title='bbox 1600 1188 1610 1223; x_wconf 93' lang='lat'>,</span> <span class='ocrx_word' id='word_1_51' title='bbox 1635 1138 1810 1235; x_wconf 79' lang='lat' dir='ltr'>suppetias</span> <span class='ocrx_word' id='word_1_52' title='bbox 1829 1139 1990 1238; x_wconf 76' lang='lat' dir='ltr'>cxspefls·</span> 
     </span>
     <span class='ocr_line' id='line_1_7' title="bbox 508 1233 1988 1333; baseline 0.002 -24"><span class='ocrx_word' id='word_1_53' title='bbox 508 1237 598 1310; x_wconf 92' lang='lat' dir='ltr'>bant.</span> <span class='ocrx_word' id='word_1_54' title='bbox 620 1237 676 1309; x_wconf 84' lang='lat' dir='ltr'>cit.</span> <span class='ocrx_word' id='word_1_55' title='bbox 694 1233 809 1305; x_wconf 91' lang='lat' dir='ltr'>Claud.</span> <span class='ocrx_word' id='word_1_56' title='bbox 834 1234 960 1304; x_wconf 90' lang='lat' dir='ltr'>Fleuri.</span> <span class='ocrx_word' id='word_1_57' title='bbox 985 1235 1060 1325; x_wconf 76' lang='lat' dir='ltr'>last.</span> <span class='ocrx_word' id='word_1_58' title='bbox 1076 1241 1151 1333; x_wconf 76' lang='lat' dir='ltr'>Jar.</span> <span class='ocrx_word' id='word_1_59' title='bbox 1174 1240 1252 1306; x_wconf 77' lang='lat' dir='ltr'>Etsi.</span> <span class='ocrx_word' id='word_1_60' title='bbox 1269 1261 1297 1329; x_wconf 79' lang='lat' dir='ltr'>p.</span> <span class='ocrx_word' id='word_1_61' title='bbox 1317 1263 1347 1306; x_wconf 82' lang='grc' dir='ltr'>ι.</span> <span class='ocrx_word' id='word_1_62' title='bbox 1363 1262 1387 1307; x_wconf 86' lang='lat' dir='ltr'>t.</span> <span class='ocrx_word' id='word_1_63' title='bbox 1412 1265 1464 1308; x_wconf 87' lang='lat' dir='ltr'>ro.</span> <span class='ocrx_word' id='word_1_64' title='bbox 1490 1243 1523 1328; x_wconf 82' lang='lat'>§.</span> <span class='ocrx_word' id='word_1_65' title='bbox 1547 1264 1575 1310; x_wconf 89' lang='lat' dir='ltr'>r.</span> <span class='ocrx_word' id='word_1_66' title='bbox 1627 1241 1757 1308; x_wconf 71' lang='lat' dir='ltr'>omnia</span> <span class='ocrx_word' id='word_1_67' title='bbox 1779 1263 1885 1310; x_wconf 88' lang='lat' dir='ltr'>erant</span> <span class='ocrx_word' id='word_1_68' title='bbox 1908 1263 1988 1312; x_wconf 88' lang='lat' dir='ltr'>cotu-</span> 
     </span>
     <span class='ocr_line' id='line_1_8' title="bbox 508 1329 1987 1420; baseline 0.005 -15"><span class='ocrx_word' id='word_1_69' title='bbox 508 1336 641 1415; x_wconf 87' lang='lat' dir='ltr'>munia,</span> <span class='ocrx_word' id='word_1_70' title='bbox 667 1332 796 1401; x_wconf 91' lang='lat' dir='ltr'>nullum</span> <span class='ocrx_word' id='word_1_71' title='bbox 812 1331 961 1412; x_wconf 90' lang='lat' dir='ltr'>luctum,</span> <span class='ocrx_word' id='word_1_72' title='bbox 977 1333 1105 1402; x_wconf 90' lang='lat' dir='ltr'>nullum</span> <span class='ocrx_word' id='word_1_73' title='bbox 1121 1332 1263 1402; x_wconf 86' lang='lat' dir='ltr'>habendi</span> <span class='ocrx_word' id='word_1_74' title='bbox 1280 1333 1478 1404; x_wconf 76' lang='lat' dir='ltr'>desiderium</span> <span class='ocrx_word' id='word_1_75' title='bbox 1496 1329 1620 1415; x_wconf 87' lang='lat' dir='ltr'>adsuit,</span> <span class='ocrx_word' id='word_1_76' title='bbox 1645 1333 1797 1407; x_wconf 87' lang='lat' dir='ltr'>habuere</span> <span class='ocrx_word' id='word_1_77' title='bbox 1807 1361 1873 1408; x_wconf 91' lang='lat' dir='ltr'>cot</span> <span class='ocrx_word' id='word_1_78' title='bbox 1884 1361 1987 1420; x_wconf 77' lang='lat' dir='ltr'>unum,</span> 
     </span>
     <span class='ocr_line' id='line_1_9' title="bbox 508 1427 1988 1526; baseline 0.005 -25"><span class='ocrx_word' id='word_1_79' title='bbox 508 1433 545 1508; x_wconf 81' lang='lat' dir='ltr'>dt</span> <span class='ocrx_word' id='word_1_80' title='bbox 562 1434 833 1508; x_wconf 87' lang='lat' dir='ltr'>animamunam,</span> <span class='ocrx_word' id='word_1_81' title='bbox 857 1453 1026 1524; x_wconf 83' lang='lat' dir='ltr'>quotquot</span> <span class='ocrx_word' id='word_1_82' title='bbox 1049 1427 1241 1526; x_wconf 72' lang='lat' dir='ltr'>possessores</span> <span class='ocrx_word' id='word_1_83' title='bbox 1263 1456 1421 1522; x_wconf 83' lang='lat' dir='ltr'>agrorum</span> <span class='ocrx_word' id='word_1_84' title='bbox 1442 1454 1560 1514; x_wconf 88' lang='lat' dir='ltr'>erant,</span> <span class='ocrx_word' id='word_1_85' title='bbox 1594 1433 1777 1507; x_wconf 81' lang='lat' dir='ltr'>vendentes</span> <span class='ocrx_word' id='word_1_86' title='bbox 1800 1432 1988 1508; x_wconf 75' lang='lat' dir='ltr'>offerebant</span> 
     </span>
     <span class='ocr_line' id='line_1_10' title="bbox 506 1525 1902 1630; baseline 0 -28"><span class='ocrx_word' id='word_1_87' title='bbox 506 1533 841 1630; x_wconf 72' lang='lat' dir='ltr'>pretiosorumque</span> <span class='ocrx_word' id='word_1_88' title='bbox 855 1525 1052 1601; x_wconf 83' lang='lat' dir='ltr'>tendebant.</span> <span class='ocrx_word' id='word_1_89' title='bbox 1073 1535 1145 1600; x_wconf 70' lang='lat' dir='ltr'>Asi.</span> <span class='ocrx_word' id='word_1_90' title='bbox 1157 1530 1262 1623; x_wconf 74' lang='lat' dir='ltr'>Apoll.</span> <span class='ocrx_word' id='word_1_91' title='bbox 1275 1556 1307 1601; x_wconf 82' lang='lat'>2.</span> <span class='ocrx_word' id='word_1_92' title='bbox 1320 1555 1359 1602; x_wconf 84' lang='lat' dir='ltr'>v·</span> <span class='ocrx_word' id='word_1_93' title='bbox 1372 1556 1499 1610; x_wconf 67' lang='lat'>44045·</span> <span class='ocrx_word' id='word_1_94' title='bbox 1524 1565 1592 1586; x_wconf 93' lang='lat'>···</span> <span class='ocrx_word' id='word_1_95' title='bbox 1610 1573 1622 1586; x_wconf 93' lang='lat'><strong>·</strong></span> <span class='ocrx_word' id='word_1_96' title='bbox 1651 1559 1686 1607; x_wconf 82' lang='grc'>4.</span> <span class='ocrx_word' id='word_1_97' title='bbox 1704 1556 1747 1604; x_wconf 86' lang='lat' dir='ltr'>v.</span> <span class='ocrx_word' id='word_1_98' title='bbox 1760 1559 1828 1620; x_wconf 88' lang='lat'>3²·</span> <span class='ocrx_word' id='word_1_99' title='bbox 1839 1560 1902 1621; x_wconf 78' lang='lat'>3⁴·</span> 
     </span>
    </p>
   </div>
   <div class='ocr_carea' id='block_1_5' title="bbox 503 1668 1989 2168">
    <p class='ocr_par' dir='ltr' id='par_1_5' title="bbox 503 1668 1989 2168">
     <span class='ocr_line' id='line_1_11' title="bbox 623 1668 1989 1768; baseline 0.007 -22"><span class='ocrx_word' id='word_1_100' title='bbox 623 1668 828 1746; x_wconf 86' lang='lat' dir='ltr'>Cessantibus</span> <span class='ocrx_word' id='word_1_101' title='bbox 850 1669 1161 1767; x_wconf 76' lang='lat' dir='ltr'>persecutionibus,</span> <span class='ocrx_word' id='word_1_102' title='bbox 1188 1673 1221 1745; x_wconf 84' lang='lat' dir='ltr'>dt</span> <span class='ocrx_word' id='word_1_103' title='bbox 1246 1674 1513 1768; x_wconf 77' lang='lat' dir='ltr'>imperatoribus</span> <span class='ocrx_word' id='word_1_104' title='bbox 1537 1675 1577 1747; x_wconf 91' lang='lat' dir='ltr'>ad</span> <span class='ocrx_word' id='word_1_105' title='bbox 1599 1673 1687 1750; x_wconf 89' lang='lat' dir='ltr'>sacra</span> <span class='ocrx_word' id='word_1_106' title='bbox 1710 1677 1989 1755; x_wconf 86' lang='lat' dir='ltr'>Chrislianacou·</span> 
     </span>
     <span class='ocr_line' id='line_1_12' title="bbox 506 1767 1988 1866; baseline 0.004 -19"><span class='ocrx_word' id='word_1_107' title='bbox 506 1767 626 1853; x_wconf 81' lang='lat' dir='ltr'>versis,</span> <span class='ocrx_word' id='word_1_108' title='bbox 649 1795 764 1841; x_wconf 88' lang='lat' dir='ltr'>return</span> <span class='ocrx_word' id='word_1_109' title='bbox 786 1768 1011 1841; x_wconf 86' lang='lat' dir='ltr'>immobilium</span> <span class='ocrx_word' id='word_1_110' title='bbox 1026 1773 1068 1841; x_wconf 88' lang='lat' dir='ltr'>ad</span> <span class='ocrx_word' id='word_1_111' title='bbox 1089 1771 1247 1842; x_wconf 76' lang='lat' dir='ltr'>Ecclesiae</span> <span class='ocrx_word' id='word_1_112' title='bbox 1274 1777 1514 1866; x_wconf 86' lang='lat' dir='ltr'>pertinentium</span> <span class='ocrx_word' id='word_1_113' title='bbox 1536 1799 1694 1848; x_wconf 87' lang='lat' dir='ltr'>numerus</span> <span class='ocrx_word' id='word_1_114' title='bbox 1720 1778 1913 1852; x_wconf 86' lang='lat' dir='ltr'>admodum</span> <span class='ocrx_word' id='word_1_115' title='bbox 1927 1805 1988 1854; x_wconf 84' lang='lat' dir='ltr'>cre·</span> 
     </span>
     <span class='ocr_line' id='line_1_13' title="bbox 505 1868 1987 1967; baseline 0.004 -23"><span class='ocrx_word' id='word_1_116' title='bbox 505 1873 574 1953; x_wconf 79' lang='lat' dir='ltr'>vit&#39;,</span> <span class='ocrx_word' id='word_1_117' title='bbox 600 1875 645 1941; x_wconf 89' lang='lat' dir='ltr'>ita</span> <span class='ocrx_word' id='word_1_118' title='bbox 660 1891 787 1948; x_wconf 85' lang='lat' dir='ltr'>tamen,</span> <span class='ocrx_word' id='word_1_119' title='bbox 805 1888 842 1939; x_wconf 92' lang='lat' dir='ltr'>ut</span> <span class='ocrx_word' id='word_1_120' title='bbox 860 1868 1008 1955; x_wconf 70' lang='lat' dir='ltr'>crescente</span> <span class='ocrx_word' id='word_1_121' title='bbox 1024 1870 1193 1962; x_wconf 75' lang='lat' dir='ltr'>fundatam</span> <span class='ocrx_word' id='word_1_122' title='bbox 1207 1894 1330 1940; x_wconf 80' lang='lat' dir='ltr'>somaro</span> <span class='ocrx_word' id='word_1_123' title='bbox 1347 1874 1509 1942; x_wconf 76' lang='lat' dir='ltr'>oblationes</span> <span class='ocrx_word' id='word_1_124' title='bbox 1530 1879 1707 1964; x_wconf 83' lang='lat' dir='ltr'>quotidiana</span> <span class='ocrx_word' id='word_1_125' title='bbox 1730 1881 1907 1967; x_wconf 76' lang='lat' dir='ltr'>decrescere</span> <span class='ocrx_word' id='word_1_126' title='bbox 1919 1883 1987 1950; x_wconf 81' lang='lat' dir='ltr'>isti·</span> 
     </span>
     <span class='ocr_line' id='line_1_14' title="bbox 503 1967 1986 2066; baseline 0.003 -24"><span class='ocrx_word' id='word_1_127' title='bbox 503 1972 622 2066; x_wconf 77' lang='lat' dir='ltr'>¹petent.</span> <span class='ocrx_word' id='word_1_128' title='bbox 674 1967 861 2036; x_wconf 88' lang='lat' dir='ltr'>Diminutis</span> <span class='ocrx_word' id='word_1_129' title='bbox 876 1967 989 2062; x_wconf 87' lang='lat' dir='ltr'>itaque</span> <span class='ocrx_word' id='word_1_130' title='bbox 1005 1990 1158 2059; x_wconf 80' lang='lat' dir='ltr'>magnam</span> <span class='ocrx_word' id='word_1_131' title='bbox 1175 1991 1306 2063; x_wconf 83' lang='lat' dir='ltr'>pattena</span> <span class='ocrx_word' id='word_1_132' title='bbox 1332 1967 1576 2053; x_wconf 76' lang='lat' dir='ltr'>oblationibus,</span> <span class='ocrx_word' id='word_1_133' title='bbox 1595 1971 1723 2043; x_wconf 88' lang='lat' dir='ltr'>reditus</span> <span class='ocrx_word' id='word_1_134' title='bbox 1741 1974 1792 2044; x_wconf 87' lang='lat' dir='ltr'>tlli</span> <span class='ocrx_word' id='word_1_135' title='bbox 1819 1999 1863 2046; x_wconf 82' lang='lat' dir='ltr'>ex</span> <span class='ocrx_word' id='word_1_136' title='bbox 1884 1973 1986 2048; x_wconf 88' lang='lat' dir='ltr'>fundis</span> 
     </span>
     <span class='ocr_line' id='line_1_15' title="bbox 505 2064 1987 2168; baseline 0.007 -31"><span class='ocrx_word' id='word_1_137' title='bbox 505 2065 743 2166; x_wconf 82' lang='lat' dir='ltr'>provenientes</span> <span class='ocrx_word' id='word_1_138' title='bbox 759 2065 792 2132; x_wconf 93' lang='lat' dir='ltr'>in</span> <span class='ocrx_word' id='word_1_139' title='bbox 813 2087 960 2158; x_wconf 91' lang='lat' dir='ltr'>quatuor</span> <span class='ocrx_word' id='word_1_140' title='bbox 978 2088 1090 2160; x_wconf 87' lang='lat' dir='ltr'>partes</span> <span class='ocrx_word' id='word_1_141' title='bbox 1112 2064 1421 2146; x_wconf 86' lang='lat' dir='ltr'>distribuebantur,</span> <span class='ocrx_word' id='word_1_142' title='bbox 1446 2090 1589 2164; x_wconf 90' lang='lat' dir='ltr'>quarum</span> <span class='ocrx_word' id='word_1_143' title='bbox 1612 2095 1677 2141; x_wconf 90' lang='lat' dir='ltr'>una</span> <span class='ocrx_word' id='word_1_144' title='bbox 1696 2077 1869 2168; x_wconf 68' lang='lat' dir='ltr'>Episcopo,</span> <span class='ocrx_word' id='word_1_145' title='bbox 1892 2071 1987 2148; x_wconf 78' lang='lat' dir='ltr'>&#39;alten</span> 
     </span>
    </p>
   </div>
   <div class='ocr_carea' id='block_1_6' title="bbox 369 2164 1600 2259">
    <p class='ocr_par' dir='ltr' id='par_1_6' title="bbox 369 2164 1600 2259">
     <span class='ocr_line' id='line_1_16' title="bbox 369 2164 1600 2259; baseline 0.005 -29"><span class='ocrx_word' id='word_1_146' title='bbox 369 2223 374 2230; x_wconf 92' lang='lat'>.</span> <span class='ocrx_word' id='word_1_147' title='bbox 508 2170 615 2248; x_wconf 72' lang='lat' dir='ltr'>Claro,</span> <span class='ocrx_word' id='word_1_148' title='bbox 640 2165 738 2237; x_wconf 90' lang='lat' dir='ltr'>tertia</span> <span class='ocrx_word' id='word_1_149' title='bbox 751 2164 943 2255; x_wconf 80' lang='lat' dir='ltr'>pauperibus,</span> <span class='ocrx_word' id='word_1_150' title='bbox 969 2184 1086 2259; x_wconf 89' lang='lat' dir='ltr'>quarta</span> <span class='ocrx_word' id='word_1_151' title='bbox 1102 2165 1236 2254; x_wconf 79' lang='lat' dir='ltr'>Eetlafiis</span> <span class='ocrx_word' id='word_1_152' title='bbox 1251 2169 1427 2256; x_wconf 80' lang='lat' dir='ltr'>reparandis</span> <span class='ocrx_word' id='word_1_153' title='bbox 1449 2165 1600 2236; x_wconf 78' lang='lat' dir='ltr'>cedebat·</span> 
     </span>
    </p>
   </div>
   <div class='ocr_carea' id='block_1_7' title="bbox 507 2286 1986 2570">
    <p class='ocr_par' dir='ltr' id='par_1_7' title="bbox 507 2286 1986 2570">
     <span class='ocr_line' id='line_1_17' title="bbox 623 2286 1986 2395; baseline 0.006 -27"><span class='ocrx_word' id='word_1_154' title='bbox 623 2296 825 2369; x_wconf 84' lang='lat' dir='ltr'>Adhuedum</span> <span class='ocrx_word' id='word_1_155' title='bbox 843 2316 952 2365; x_wconf 90' lang='lat' dir='ltr'>tamen</span> <span class='ocrx_word' id='word_1_156' title='bbox 968 2286 1064 2364; x_wconf 88' lang='lat' dir='ltr'>fuere</span> <span class='ocrx_word' id='word_1_157' title='bbox 1079 2291 1254 2390; x_wconf 87' lang='lat' dir='ltr'>Episcopi,</span> <span class='ocrx_word' id='word_1_158' title='bbox 1282 2299 1340 2391; x_wconf 93' lang='lat' dir='ltr'>qui</span> <span class='ocrx_word' id='word_1_159' title='bbox 1364 2295 1449 2366; x_wconf 90' lang='lat' dir='ltr'>bona</span> <span class='ocrx_word' id='word_1_160' title='bbox 1465 2295 1522 2369; x_wconf 92' lang='lat' dir='ltr'>sua</span> <span class='ocrx_word' id='word_1_161' title='bbox 1542 2298 1653 2367; x_wconf 92' lang='lat' dir='ltr'>omnia</span> <span class='ocrx_word' id='word_1_162' title='bbox 1672 2296 1705 2366; x_wconf 93' lang='lat' dir='ltr'>in</span> <span class='ocrx_word' id='word_1_163' title='bbox 1728 2322 1907 2395; x_wconf 87' lang='lat' dir='ltr'>pauperes</span> <span class='ocrx_word' id='word_1_164' title='bbox 1921 2323 1986 2376; x_wconf 87' lang='lat' dir='ltr'>ero·</span> 
     </span>
     <span class='ocr_line' id='line_1_18' title="bbox 507 2390 1984 2570; baseline 0.008 -108"><span class='ocrx_word' id='word_1_165' title='bbox 507 2394 757 2570; x_wconf 50' lang='lat' dir='ltr'>qubqqqtgappna</span> <span class='ocrx_word' id='word_1_166' title='bbox 771 2397 871 2470; x_wconf 88' lang='lat' dir='ltr'>etiam</span> <span class='ocrx_word' id='word_1_167' title='bbox 886 2390 1072 2464; x_wconf 87' lang='lat' dir='ltr'>immobilia</span> <span class='ocrx_word' id='word_1_168' title='bbox 1095 2392 1285 2489; x_wconf 90' lang='lat' dir='ltr'>promiscue</span> <span class='ocrx_word' id='word_1_169' title='bbox 1308 2392 1513 2481; x_wconf 85' lang='lat' dir='ltr'>alienabant,</span> <span class='ocrx_word' id='word_1_170' title='bbox 1540 2395 1576 2478; x_wconf 79' lang='lat' dir='ltr'>dt</span> <span class='ocrx_word' id='word_1_171' title='bbox 1595 2397 1746 2493; x_wconf 90' lang='lat' dir='ltr'>pretium</span> <span class='ocrx_word' id='word_1_172' title='bbox 1759 2401 1799 2470; x_wconf 89' lang='lat' dir='ltr'>in</span> <span class='ocrx_word' id='word_1_173' title='bbox 1823 2423 1984 2498; x_wconf 82' lang='lat' dir='ltr'>pauperes</span> 
     </span>
    </p>
   </div>
   <div class='ocr_carea' id='block_1_8' title="bbox 505 2621 1987 2903">
    <p class='ocr_par' dir='ltr' id='par_1_8' title="bbox 505 2621 1987 2903">
     <span class='ocr_line' id='line_1_19' title="bbox 627 2621 1987 2727; baseline 0.002 -27"><span class='ocrx_word' id='word_1_174' title='bbox 627 2629 719 2724; x_wconf 87' lang='lat' dir='ltr'>Qtin</span> <span class='ocrx_word' id='word_1_175' title='bbox 736 2627 821 2712; x_wconf 94' lang='lat' dir='ltr'>imo,</span> <span class='ocrx_word' id='word_1_176' title='bbox 844 2621 995 2720; x_wconf 73' lang='lat' dir='ltr'>neglessa</span> <span class='ocrx_word' id='word_1_177' title='bbox 1015 2625 1116 2699; x_wconf 89' lang='lat' dir='ltr'>etiam</span> <span class='ocrx_word' id='word_1_178' title='bbox 1133 2626 1202 2698; x_wconf 83' lang='lat' dir='ltr'>vita</span> <span class='ocrx_word' id='word_1_179' title='bbox 1223 2627 1410 2708; x_wconf 88' lang='lat' dir='ltr'>communi,</span> <span class='ocrx_word' id='word_1_180' title='bbox 1435 2651 1502 2700; x_wconf 92' lang='lat' dir='ltr'>non</span> <span class='ocrx_word' id='word_1_181' title='bbox 1524 2621 1663 2699; x_wconf 87' lang='lat' dir='ltr'>defuere</span> <span class='ocrx_word' id='word_1_182' title='bbox 1681 2625 1837 2713; x_wconf 86' lang='lat' dir='ltr'>Clerici,</span> <span class='ocrx_word' id='word_1_183' title='bbox 1863 2631 1922 2727; x_wconf 90' lang='lat' dir='ltr'>qui</span> <span class='ocrx_word' id='word_1_184' title='bbox 1938 2627 1987 2703; x_wconf 69' lang='lat' dir='ltr'>liii</span> 
     </span>
     <span class='ocr_line' id='line_1_20' title="bbox 505 2720 1986 2903; baseline -0.003 -99"><span class='ocrx_word' id='word_1_185' title='bbox 505 2729 631 2903; x_wconf 67' lang='lat' dir='ltr'>pendia</span> <span class='ocrx_word' id='word_1_186' title='bbox 647 2729 700 2800; x_wconf 82' lang='lat' dir='ltr'>vel</span> <span class='ocrx_word' id='word_1_187' title='bbox 727 2730 952 2798; x_wconf 71' lang='lat' dir='ltr'>hebdomadalia</span> <span class='ocrx_word' id='word_1_188' title='bbox 967 2730 1022 2795; x_wconf 83' lang='lat' dir='ltr'>vel</span> <span class='ocrx_word' id='word_1_189' title='bbox 1037 2725 1205 2813; x_wconf 79' lang='lat' dir='ltr'>menstrua,</span> <span class='ocrx_word' id='word_1_190' title='bbox 1229 2748 1267 2797; x_wconf 91' lang='lat' dir='ltr'>ur</span> <span class='ocrx_word' id='word_1_191' title='bbox 1287 2727 1415 2820; x_wconf 91' lang='lat' dir='ltr'>populo</span> <span class='ocrx_word' id='word_1_192' title='bbox 1432 2725 1623 2893; x_wconf 65' lang='lat' dir='ltr'>exemplum</span> <span class='ocrx_word' id='word_1_193' title='bbox 1648 2720 1881 2820; x_wconf 81' lang='lat' dir='ltr'>perfe&#39;clionis</span> <span class='ocrx_word' id='word_1_194' title='bbox 1894 2731 1986 2800; x_wconf 85' lang='lat' dir='ltr'>Chri·</span> 
     </span>
    </p>
   </div>
   <div class='ocr_carea' id='block_1_9' title="bbox 372 2820 1987 3022">
    <p class='ocr_par' dir='ltr' id='par_1_9' title="bbox 372 2820 1987 3022">
     <span class='ocr_line' id='line_1_21' title="bbox 372 2820 1987 2921; baseline 0 -21"><span class='ocrx_word' id='word_1_195' title='bbox 372 2889 385 2900; x_wconf 88' lang='lat'><strong><em>.</em></strong></span> <span class='ocrx_word' id='word_1_196' title='bbox 537 2834 617 2902; x_wconf 83' lang='lat' dir='ltr'>ianae</span> <span class='ocrx_word' id='word_1_197' title='bbox 640 2823 852 2898; x_wconf 88' lang='lat' dir='ltr'>ostenderent</span> <span class='ocrx_word' id='word_1_198' title='bbox 876 2825 981 2921; x_wconf 89' lang='lat' dir='ltr'>(Jute</span> <span class='ocrx_word' id='word_1_199' title='bbox 1004 2820 1063 2893; x_wconf 91' lang='lat' dir='ltr'>suo</span> <span class='ocrx_word' id='word_1_200' title='bbox 1085 2822 1171 2920; x_wconf 83' lang='lat' dir='ltr'>saepe</span> <span class='ocrx_word' id='word_1_201' title='bbox 1193 2821 1366 2920; x_wconf 72' lang='lat' dir='ltr'>neglcblo)</span> <span class='ocrx_word' id='word_1_202' title='bbox 1387 2827 1531 2920; x_wconf 87' lang='lat' dir='ltr'>pauperi</span> <span class='ocrx_word' id='word_1_203' title='bbox 1557 2846 1595 2893; x_wconf 86' lang='lat' dir='ltr'>us</span> <span class='ocrx_word' id='word_1_204' title='bbox 1621 2822 1927 2914; x_wconf 84' lang='lat' dir='ltr'>admetiebaatur,</span> <span class='ocrx_word' id='word_1_205' title='bbox 1948 2827 1987 2899; x_wconf 85' lang='lat' dir='ltr'>lt·</span> 
     </span>
     <span class='ocr_line' id='line_1_22' title="bbox 381 2915 1311 3022; baseline -0.019 -14"><span class='ocrx_word' id='word_1_206' title='bbox 381 3002 385 3016; x_wconf 88' lang='grc'><strong>,</strong></span> <span class='ocrx_word' id='word_1_207' title='bbox 409 2983 412 2988; x_wconf 95' lang='grc'>-</span> <span class='ocrx_word' id='word_1_208' title='bbox 506 2927 609 3014; x_wconf 83' lang='lat' dir='ltr'>bote,</span> <span class='ocrx_word' id='word_1_209' title='bbox 629 2922 783 3022; x_wconf 84' lang='lat' dir='ltr'>exemplo</span> <span class='ocrx_word' id='word_1_210' title='bbox 801 2921 912 3002; x_wconf 86' lang='lat' dir='ltr'>Pauli,</span> <span class='ocrx_word' id='word_1_211' title='bbox 928 2915 1061 3015; x_wconf 87' lang='lat' dir='ltr'>seipsos</span> <span class='ocrx_word' id='word_1_212' title='bbox 1086 2918 1311 2992; x_wconf 82' lang='lat' dir='ltr'>sustentantes.</span> 
     </span>
    </p>
   </div>
   <div class='ocr_carea' id='block_1_10' title="bbox 622 3049 2023 3152">
    <p class='ocr_par' dir='ltr' id='par_1_10' title="bbox 622 3049 2023 3152">
     <span class='ocr_line' id='line_1_23' title="bbox 622 3049 2023 3152; baseline 0 -23"><span class='ocrx_word' id='word_1_213' title='bbox 622 3060 706 3138; x_wconf 88' lang='lat' dir='ltr'>Sed,</span> <span class='ocrx_word' id='word_1_214' title='bbox 724 3080 791 3152; x_wconf 91' lang='lat' dir='ltr'>quo</span> <span class='ocrx_word' id='word_1_215' title='bbox 805 3053 912 3147; x_wconf 86' lang='lat' dir='ltr'>major</span> <span class='ocrx_word' id='word_1_216' title='bbox 926 3053 1134 3123; x_wconf 83' lang='lat' dir='ltr'>clericorum</span> <span class='ocrx_word' id='word_1_217' title='bbox 1148 3052 1329 3125; x_wconf 87' lang='lat' dir='ltr'>liberalitas</span> <span class='ocrx_word' id='word_1_218' title='bbox 1344 3049 1427 3135; x_wconf 87' lang='lat' dir='ltr'>suit,</span> <span class='ocrx_word' id='word_1_219' title='bbox 1448 3077 1488 3126; x_wconf 89' lang='lat' dir='ltr'>eo</span> <span class='ocrx_word' id='word_1_220' title='bbox 1502 3050 1621 3148; x_wconf 85' lang='lat' dir='ltr'>majori</span> <span class='ocrx_word' id='word_1_221' title='bbox 1642 3051 1882 3129; x_wconf 83' lang='lat' dir='ltr'>munificentia</span> <span class='ocrx_word' id='word_1_222' title='bbox 1898 3061 1981 3130; x_wconf 83' lang='lat' dir='ltr'>uere</span> <span class='ocrx_word' id='word_1_223' title='bbox 2017 3109 2023 3116; x_wconf 91' lang='lat'>-</span> 
     </span>
    </p>
   </div>
   <div class='ocr_carea' id='block_1_11' title="bbox 362 3147 1980 3252">
    <p class='ocr_par' dir='ltr' id='par_1_11' title="bbox 362 3147 1980 3252">
     <span class='ocr_line' id='line_1_24' title="bbox 362 3147 1980 3252; baseline 0.006 -34"><span class='ocrx_word' id='word_1_224' title='bbox 362 3173 366 3189; x_wconf 88' lang='grc'><em>·</em></span> <span class='ocrx_word' id='word_1_225' title='bbox 504 3161 593 3238; x_wconf 72' lang='lat' dir='ltr'>hene</span> <span class='ocrx_word' id='word_1_226' title='bbox 619 3155 835 3252; x_wconf 81' lang='lat' dir='ltr'>perlbaarum</span> <span class='ocrx_word' id='word_1_227' title='bbox 859 3147 1155 3220; x_wconf 81' lang='lat' dir='ltr'>Eeclessallicarum</span> <span class='ocrx_word' id='word_1_228' title='bbox 1182 3175 1261 3243; x_wconf 87' lang='lat' dir='ltr'>erga</span> <span class='ocrx_word' id='word_1_229' title='bbox 1284 3176 1450 3250; x_wconf 90' lang='lat' dir='ltr'>pauperes</span> <span class='ocrx_word' id='word_1_230' title='bbox 1473 3152 1709 3244; x_wconf 86' lang='lat' dir='ltr'>benignitatem</span> <span class='ocrx_word' id='word_1_231' title='bbox 1739 3153 1980 3252; x_wconf 73' lang='lat' dir='ltr'>compensavit,</span> 
     </span>
    </p>
   </div>
   <div class='ocr_carea' id='block_1_12' title="bbox 398 3247 1992 3940">
    <p class='ocr_par' dir='ltr' id='par_1_12' title="bbox 398 3247 1992 3940">
     <span class='ocr_line' id='line_1_25' title="bbox 505 3247 1983 3358; baseline 0.001 -33"><span class='ocrx_word' id='word_1_232' title='bbox 505 3283 576 3358; x_wconf 84' lang='lat' dir='ltr'>quo</span> <span class='ocrx_word' id='word_1_233' title='bbox 592 3255 699 3350; x_wconf 86' lang='lat' dir='ltr'>major</span> <span class='ocrx_word' id='word_1_234' title='bbox 713 3251 802 3348; x_wconf 91' lang='lat' dir='ltr'>apud</span> <span class='ocrx_word' id='word_1_235' title='bbox 819 3247 966 3318; x_wconf 87' lang='lat' dir='ltr'>Clericus</span> <span class='ocrx_word' id='word_1_236' title='bbox 981 3269 1053 3318; x_wconf 87' lang='lat' dir='ltr'>erat</span> <span class='ocrx_word' id='word_1_237' title='bbox 1068 3251 1305 3346; x_wconf 89' lang='lat' dir='ltr'>temporalium</span> <span class='ocrx_word' id='word_1_238' title='bbox 1322 3273 1550 3345; x_wconf 88' lang='lat' dir='ltr'>contemptus,</span> <span class='ocrx_word' id='word_1_239' title='bbox 1570 3274 1612 3321; x_wconf 90' lang='lat' dir='ltr'>co</span> <span class='ocrx_word' id='word_1_240' title='bbox 1628 3253 1739 3320; x_wconf 89' lang='lat' dir='ltr'>minus</span> <span class='ocrx_word' id='word_1_241' title='bbox 1752 3250 1796 3320; x_wconf 90' lang='lat' dir='ltr'>ab</span> <span class='ocrx_word' id='word_1_242' title='bbox 1814 3250 1895 3350; x_wconf 84' lang='lat' dir='ltr'>ipsis</span> <span class='ocrx_word' id='word_1_243' title='bbox 1911 3275 1983 3325; x_wconf 88' lang='lat' dir='ltr'>tetu-</span> 
     </span>
     <span class='ocr_line' id='line_1_26' title="bbox 398 3341 1981 3459; baseline -0.003 -32"><span class='ocrx_word' id='word_1_244' title='bbox 398 3403 403 3412; x_wconf 90' lang='lat'>·</span> <span class='ocrx_word' id='word_1_245' title='bbox 504 3354 680 3459; x_wconf 89' lang='lat' dir='ltr'>poraltbus</span> <span class='ocrx_word' id='word_1_246' title='bbox 706 3345 1019 3428; x_wconf 87' lang='lat' dir='ltr'>contemnebantur,</span> <span class='ocrx_word' id='word_1_247' title='bbox 1045 3341 1329 3419; x_wconf 74' lang='lat' dir='ltr'>massabanturab</span> <span class='ocrx_word' id='word_1_248' title='bbox 1354 3345 1667 3443; x_wconf 82' lang='lat' dir='ltr'>Imperatoribus&amp;</span> <span class='ocrx_word' id='word_1_249' title='bbox 1689 3348 1849 3440; x_wconf 84' lang='lat' dir='ltr'>Regibus</span> <span class='ocrx_word' id='word_1_250' title='bbox 1873 3352 1981 3450; x_wconf 79' lang='lat' dir='ltr'>praei·</span> 
     </span>
     <span class='ocr_line' id='line_1_27' title="bbox 503 3442 1992 3557; baseline -0.003 -31"><span class='ocrx_word' id='word_1_251' title='bbox 503 3460 583 3557; x_wconf 88' lang='lat' dir='ltr'>puis</span> <span class='ocrx_word' id='word_1_252' title='bbox 601 3442 993 3526; x_wconf 71' lang='lat' dir='ltr'>honoribusreditibua,</span> <span class='ocrx_word' id='word_1_253' title='bbox 1019 3463 1431 3526; x_wconf 79' lang='lat' dir='ltr'>axauartouutus,</span> <span class='ocrx_word' id='word_1_254' title='bbox 1457 3464 1869 3520; x_wconf 77' lang='lat' dir='ltr'>tttmurtrra‘rtuus</span> <span class='ocrx_word' id='word_1_255' title='bbox 1892 3465 1992 3522; x_wconf 72' lang='lat' dir='ltr'>astte·</span> 
     </span>
     <span class='ocr_line' id='line_1_28' title="bbox 503 3540 1982 3638; baseline -0.001 -17"><span class='ocrx_word' id='word_1_256' title='bbox 503 3566 796 3628; x_wconf 74' lang='lat' dir='ltr'>souaatuus,</span> <span class='ocrx_word' id='word_1_257' title='bbox 821 3540 1023 3614; x_wconf 88' lang='lat' dir='ltr'>vocabantur</span> <span class='ocrx_word' id='word_1_258' title='bbox 1044 3540 1084 3610; x_wconf 89' lang='lat' dir='ltr'>ab</span> <span class='ocrx_word' id='word_1_259' title='bbox 1100 3541 1279 3624; x_wconf 87' lang='lat' dir='ltr'>omnibus,</span> <span class='ocrx_word' id='word_1_260' title='bbox 1304 3549 1445 3614; x_wconf 83' lang='lat' dir='ltr'>amabiles</span> <span class='ocrx_word' id='word_1_261' title='bbox 1469 3548 1605 3626; x_wconf 81' lang='lat' dir='ltr'>Partes,</span> <span class='ocrx_word' id='word_1_262' title='bbox 1628 3564 1738 3638; x_wconf 91' lang='lat' dir='ltr'>neque</span> <span class='ocrx_word' id='word_1_263' title='bbox 1762 3546 1893 3618; x_wconf 84' lang='lat' dir='ltr'>modus</span> <span class='ocrx_word' id='word_1_264' title='bbox 1914 3569 1982 3619; x_wconf 84' lang='lat' dir='ltr'>con·</span> 
     </span>
     <span class='ocr_line' id='line_1_29' title="bbox 504 3638 1979 3755; baseline -0.005 -30"><span class='ocrx_word' id='word_1_265' title='bbox 504 3651 610 3726; x_wconf 88' lang='lat' dir='ltr'>tinuis</span> <span class='ocrx_word' id='word_1_266' title='bbox 624 3645 791 3719; x_wconf 91' lang='lat' dir='ltr'>bonorum</span> <span class='ocrx_word' id='word_1_267' title='bbox 810 3639 1034 3713; x_wconf 84' lang='lat' dir='ltr'>immobilium</span> <span class='ocrx_word' id='word_1_268' title='bbox 1048 3640 1082 3709; x_wconf 93' lang='lat' dir='ltr'>in</span> <span class='ocrx_word' id='word_1_269' title='bbox 1099 3639 1257 3711; x_wconf 82' lang='lat' dir='ltr'>Ecclesas</span> <span class='ocrx_word' id='word_1_270' title='bbox 1274 3665 1336 3737; x_wconf 89' lang='lat' dir='ltr'>per</span> <span class='ocrx_word' id='word_1_271' title='bbox 1356 3649 1466 3711; x_wconf 82' lang='lat' dir='ltr'>varios</span> <span class='ocrx_word' id='word_1_272' title='bbox 1490 3642 1606 3713; x_wconf 89' lang='lat' dir='ltr'>titulos</span> <span class='ocrx_word' id='word_1_273' title='bbox 1631 3638 1912 3717; x_wconf 87' lang='lat' dir='ltr'>translationibus</span> <span class='ocrx_word' id='word_1_274' title='bbox 1927 3667 1979 3755; x_wconf 89' lang='lat' dir='ltr'>pu·</span> 
     </span>
     <span class='ocr_line' id='line_1_30' title="bbox 434 3738 1982 3835; baseline -0.008 -11"><span class='ocrx_word' id='word_1_275' title='bbox 434 3807 439 3824; x_wconf 94' lang='lat'><em>.</em></span> <span class='ocrx_word' id='word_1_276' title='bbox 503 3749 659 3823; x_wconf 79' lang='lat' dir='ltr'>uebatur.</span> <span class='ocrx_word' id='word_1_277' title='bbox 717 3741 959 3835; x_wconf 80' lang='lat' dir='ltr'>Exemptionibus</span> <span class='ocrx_word' id='word_1_278' title='bbox 983 3740 1184 3832; x_wconf 77' lang='lat' dir='ltr'>personalibus</span> <span class='ocrx_word' id='word_1_279' title='bbox 1206 3738 1412 3811; x_wconf 88' lang='lat' dir='ltr'>addebantur</span> <span class='ocrx_word' id='word_1_280' title='bbox 1437 3743 1608 3829; x_wconf 77' lang='lat' dir='ltr'>sensuales,</span> <span class='ocrx_word' id='word_1_281' title='bbox 1632 3744 1755 3822; x_wconf 79' lang='lat' dir='ltr'>reales,</span> <span class='ocrx_word' id='word_1_282' title='bbox 1785 3739 1898 3815; x_wconf 85' lang='lat' dir='ltr'>donce</span> <span class='ocrx_word' id='word_1_283' title='bbox 1918 3745 1982 3813; x_wconf 89' lang='lat' dir='ltr'>luc·</span> 
     </span>
     <span class='ocr_line' id='line_1_31' title="bbox 502 3832 1980 3940; baseline -0.006 -18"><span class='ocrx_word' id='word_1_284' title='bbox 502 3843 621 3922; x_wconf 82' lang='lat' dir='ltr'>ceffive</span> <span class='ocrx_word' id='word_1_285' title='bbox 636 3840 750 3916; x_wconf 89' lang='lat' dir='ltr'>fervor</span> <span class='ocrx_word' id='word_1_286' title='bbox 765 3841 821 3910; x_wconf 93' lang='lat' dir='ltr'>ille</span> <span class='ocrx_word' id='word_1_287' title='bbox 836 3861 980 3934; x_wconf 89' lang='lat' dir='ltr'>utraque</span> <span class='ocrx_word' id='word_1_288' title='bbox 998 3861 1037 3908; x_wconf 83' lang='lat' dir='ltr'>cx</span> <span class='ocrx_word' id='word_1_289' title='bbox 1055 3861 1154 3933; x_wconf 88' lang='lat' dir='ltr'>parre</span> <span class='ocrx_word' id='word_1_290' title='bbox 1173 3837 1378 3940; x_wconf 82' lang='lat' dir='ltr'>alanqucrit,</span> <span class='ocrx_word' id='word_1_291' title='bbox 1399 3863 1467 3935; x_wconf 94' lang='lat' dir='ltr'>quo</span> <span class='ocrx_word' id='word_1_292' title='bbox 1481 3833 1550 3913; x_wconf 86' lang='lat' dir='ltr'>fato</span> <span class='ocrx_word' id='word_1_293' title='bbox 1567 3837 1603 3911; x_wconf 93' lang='lat' dir='ltr'>id</span> <span class='ocrx_word' id='word_1_294' title='bbox 1625 3832 1831 3925; x_wconf 72' lang='lat' dir='ltr'>fruamur,</span> <span class='ocrx_word' id='word_1_295' title='bbox 1851 3842 1908 3914; x_wconf 89' lang='lat' dir='ltr'>alii</span> <span class='ocrx_word' id='word_1_296' title='bbox 1924 3861 1980 3939; x_wconf 87' lang='lat' dir='ltr'>pet</span> 
     </span>
    </p>
   </div>
   <div class='ocr_carea' id='block_1_13' title="bbox 503 3946 868 4036">
    <p class='ocr_par' dir='ltr' id='par_1_13' title="bbox 503 3946 868 4036">
     <span class='ocr_line' id='line_1_32' title="bbox 503 3946 868 4036; baseline -0.033 -16"><span class='ocrx_word' id='word_1_297' title='bbox 503 3946 669 4025; x_wconf 82' lang='lat' dir='ltr'>melleet,</span> <span class='ocrx_word' id='word_1_298' title='bbox 692 3959 868 4036; x_wconf 82' lang='lat' dir='ltr'>exponant.</span> 
     </span>
    </p>
   </div>
   <div class='ocr_carea' id='block_1_14' title="bbox 500 4066 1980 4760">
    <p class='ocr_par' dir='ltr' id='par_1_14' title="bbox 500 4066 1980 4660">
     <span class='ocr_line' id='line_1_33' title="bbox 621 4066 1978 4166; baseline -0.001 -21"><span class='ocrx_word' id='word_1_299' title='bbox 621 4074 711 4146; x_wconf 88' lang='lat' dir='ltr'>Mihi</span> <span class='ocrx_word' id='word_1_300' title='bbox 729 4067 867 4143; x_wconf 86' lang='lat' dir='ltr'>sufficiat</span> <span class='ocrx_word' id='word_1_301' title='bbox 882 4068 1047 4149; x_wconf 81' lang='lat' dir='ltr'>rivulum,</span> <span class='ocrx_word' id='word_1_302' title='bbox 1069 4091 1108 4139; x_wconf 84' lang='lat' dir='ltr'>cr</span> <span class='ocrx_word' id='word_1_303' title='bbox 1124 4094 1190 4164; x_wconf 93' lang='lat' dir='ltr'>quo</span> <span class='ocrx_word' id='word_1_304' title='bbox 1207 4070 1384 4166; x_wconf 81' lang='lat' dir='ltr'>Exemptio</span> <span class='ocrx_word' id='word_1_305' title='bbox 1405 4069 1460 4140; x_wconf 89' lang='lat' dir='ltr'>illa</span> <span class='ocrx_word' id='word_1_306' title='bbox 1483 4066 1703 4143; x_wconf 85' lang='lat' dir='ltr'>Ecclestallica</span> <span class='ocrx_word' id='word_1_307' title='bbox 1728 4069 1784 4162; x_wconf 86' lang='lat' dir='ltr'>(ni</span> <span class='ocrx_word' id='word_1_308' title='bbox 1800 4097 1859 4146; x_wconf 89' lang='lat' dir='ltr'>me</span> <span class='ocrx_word' id='word_1_309' title='bbox 1874 4073 1978 4146; x_wconf 88' lang='lat' dir='ltr'>omnia</span> 
     </span>
     <span class='ocr_line' id='line_1_34' title="bbox 503 4165 1980 4270; baseline 0 -26"><span class='ocrx_word' id='word_1_310' title='bbox 503 4171 634 4256; x_wconf 82' lang='lat' dir='ltr'>fallant)</span> <span class='ocrx_word' id='word_1_311' title='bbox 662 4172 895 4266; x_wconf 85' lang='lat' dir='ltr'>promanavit,</span> <span class='ocrx_word' id='word_1_312' title='bbox 930 4167 1069 4262; x_wconf 85' lang='lat' dir='ltr'>ejusque</span> <span class='ocrx_word' id='word_1_313' title='bbox 1091 4169 1285 4260; x_wconf 88' lang='lat' dir='ltr'>qualitatem</span> <span class='ocrx_word' id='word_1_314' title='bbox 1312 4165 1589 4264; x_wconf 84' lang='lat' dir='ltr'>deprehendisse,</span> <span class='ocrx_word' id='word_1_315' title='bbox 1614 4190 1652 4239; x_wconf 93' lang='lat' dir='ltr'>ur</span> <span class='ocrx_word' id='word_1_316' title='bbox 1680 4171 1771 4238; x_wconf 88' lang='lat' dir='ltr'>enirn</span> <span class='ocrx_word' id='word_1_317' title='bbox 1798 4177 1980 4270; x_wconf 83' lang='lat' dir='ltr'>exemptio·</span> 
     </span>
     <span class='ocr_line' id='line_1_35' title="bbox 502 4262 1980 4361; baseline -0.002 -17"><span class='ocrx_word' id='word_1_318' title='bbox 502 4296 581 4344; x_wconf 90' lang='lat' dir='ltr'>nem</span> <span class='ocrx_word' id='word_1_319' title='bbox 604 4268 856 4340; x_wconf 82' lang='lat' dir='ltr'>Ecclcsallicam</span> <span class='ocrx_word' id='word_1_320' title='bbox 872 4263 936 4335; x_wconf 82' lang='lat' dir='ltr'>fite</span> <span class='ocrx_word' id='word_1_321' title='bbox 956 4263 1161 4361; x_wconf 78' lang='lat' dir='ltr'>personalem</span> <span class='ocrx_word' id='word_1_322' title='bbox 1179 4262 1242 4334; x_wconf 79' lang='lat' dir='ltr'>sve</span> <span class='ocrx_word' id='word_1_323' title='bbox 1258 4265 1380 4336; x_wconf 87' lang='lat' dir='ltr'>realem</span> <span class='ocrx_word' id='word_1_324' title='bbox 1396 4271 1471 4361; x_wconf 90' lang='lat' dir='ltr'>Juri</span> <span class='ocrx_word' id='word_1_325' title='bbox 1486 4270 1612 4337; x_wconf 91' lang='lat' dir='ltr'>Divino</span> <span class='ocrx_word' id='word_1_326' title='bbox 1627 4270 1703 4336; x_wconf 85' lang='lat' dir='ltr'>novi</span> <span class='ocrx_word' id='word_1_327' title='bbox 1724 4263 1917 4342; x_wconf 85' lang='lat' dir='ltr'>testamenti</span> <span class='ocrx_word' id='word_1_328' title='bbox 1930 4271 1980 4341; x_wconf 89' lang='lat' dir='ltr'>ad·</span> 
     </span>
     <span class='ocr_line' id='line_1_36' title="bbox 500 4359 1979 4475; baseline 0.001 -37"><span class='ocrx_word' id='word_1_329' title='bbox 500 4368 666 4449; x_wconf 77' lang='lat' dir='ltr'>¹scribam,</span> <span class='ocrx_word' id='word_1_330' title='bbox 687 4390 775 4436; x_wconf 90' lang='lat' dir='ltr'>ame</span> <span class='ocrx_word' id='word_1_331' title='bbox 792 4366 865 4459; x_wconf 89' lang='lat' dir='ltr'>iplo</span> <span class='ocrx_word' id='word_1_332' title='bbox 886 4370 1066 4475; x_wconf 42' lang='lat' dir='ltr'>impert*</span> <span class='ocrx_word' id='word_1_333' title='bbox 1089 4387 1155 4431; x_wconf 92' lang='lat' dir='ltr'>non</span> <span class='ocrx_word' id='word_1_334' title='bbox 1178 4359 1325 4459; x_wconf 80' lang='lat' dir='ltr'>polium,</span> <span class='ocrx_word' id='word_1_335' title='bbox 1353 4371 1448 4435; x_wconf 90' lang='lat' dir='ltr'>unice</span> <span class='ocrx_word' id='word_1_336' title='bbox 1469 4362 1658 4456; x_wconf 86' lang='lat' dir='ltr'>persuasus,</span> <span class='ocrx_word' id='word_1_337' title='bbox 1681 4389 1719 4434; x_wconf 83' lang='lat' dir='ltr'>ex</span> <span class='ocrx_word' id='word_1_338' title='bbox 1741 4366 1805 4437; x_wconf 92' lang='lat' dir='ltr'>illo</span> <span class='ocrx_word' id='word_1_339' title='bbox 1821 4372 1911 4464; x_wconf 89' lang='lat' dir='ltr'>Jurc</span> <span class='ocrx_word' id='word_1_340' title='bbox 1925 4392 1979 4462; x_wconf 90' lang='lat' dir='ltr'>po·</span> 
     </span>
     <span class='ocr_line' id='line_1_37' title="bbox 504 4457 1979 4562; baseline -0.001 -25"><span class='ocrx_word' id='word_1_341' title='bbox 504 4469 572 4538; x_wconf 87' lang='lat' dir='ltr'>rius</span> <span class='ocrx_word' id='word_1_342' title='bbox 593 4488 727 4536; x_wconf 87' lang='lat' dir='ltr'>omnem</span> <span class='ocrx_word' id='word_1_343' title='bbox 750 4466 891 4532; x_wconf 88' lang='lat' dir='ltr'>animant</span> <span class='ocrx_word' id='word_1_344' title='bbox 922 4457 1170 4532; x_wconf 89' lang='lat' dir='ltr'>sublimtoribus</span> <span class='ocrx_word' id='word_1_345' title='bbox 1196 4460 1412 4558; x_wconf 86' lang='lat' dir='ltr'>(Principum</span> <span class='ocrx_word' id='word_1_346' title='bbox 1435 4465 1534 4533; x_wconf 91' lang='lat' dir='ltr'>etiarn</span> <span class='ocrx_word' id='word_1_347' title='bbox 1559 4460 1787 4556; x_wconf 84' lang='lat' dir='ltr'>saecularium)</span> <span class='ocrx_word' id='word_1_348' title='bbox 1814 4464 1979 4562; x_wconf 82' lang='lat' dir='ltr'>potestati·</span> 
     </span>
     <span class='ocr_line' id='line_1_38' title="bbox 503 4556 1977 4660; baseline -0.004 -20"><span class='ocrx_word' id='word_1_349' title='bbox 503 4561 567 4641; x_wconf 87' lang='lat' dir='ltr'>bus</span> <span class='ocrx_word' id='word_1_350' title='bbox 588 4560 753 4639; x_wconf 87' lang='lat' dir='ltr'>subditam</span> <span class='ocrx_word' id='word_1_351' title='bbox 767 4556 848 4647; x_wconf 85' lang='lat' dir='ltr'>elle,</span> <span class='ocrx_word' id='word_1_352' title='bbox 871 4558 906 4637; x_wconf 78' lang='lat' dir='ltr'>dt</span> <span class='ocrx_word' id='word_1_353' title='bbox 927 4558 1077 4637; x_wconf 88' lang='lat' dir='ltr'>Clericus</span> <span class='ocrx_word' id='word_1_354' title='bbox 1091 4559 1127 4631; x_wconf 88' lang='lat' dir='ltr'>ia</span> <span class='ocrx_word' id='word_1_355' title='bbox 1141 4557 1313 4657; x_wconf 87' lang='lat' dir='ltr'>republica</span> <span class='ocrx_word' id='word_1_356' title='bbox 1336 4559 1513 4658; x_wconf 82' lang='lat' dir='ltr'>degentes,</span> <span class='ocrx_word' id='word_1_357' title='bbox 1537 4559 1791 4660; x_wconf 78' lang='lat' dir='ltr'>praescindendo</span> <span class='ocrx_word' id='word_1_358' title='bbox 1816 4562 1860 4638; x_wconf 82' lang='lat' dir='ltr'>ab</span> <span class='ocrx_word' id='word_1_359' title='bbox 1876 4587 1977 4637; x_wconf 84' lang='lat' dir='ltr'>cren·</span> 
     </span>
    </p>

    <p class='ocr_par' dir='ltr' id='par_1_15' title="bbox 1864 4683 1978 4760">
     <span class='ocr_line' id='line_1_39' title="bbox 1864 4683 1978 4760; baseline 0.026 -25"><span class='ocrx_word' id='word_1_360' title='bbox 1864 4683 1978 4760; x_wconf 76' lang='lat' dir='ltr'>pttuoe</span> 
     </span>
    </p>
   </div>
   <div class='ocr_carea' id='block_1_15' title="bbox 0 0 2514 5592">
    <p class='ocr_par' dir='ltr' id='par_1_16' title="bbox 0 0 2514 5592">
     <span class='ocr_line' id='line_1_40' title="bbox 0 0 2514 5592; baseline 0 0"><span class='ocrx_word' id='word_1_361' title='bbox 0 0 2514 5592; x_wconf 95' lang='lat' dir='ltr'> </span> 
     </span>
    </p>
   </div>
  </div>
 </body>
</html>
