5017 5592
576 573 1456 728 otrJuuacntrsnarorutatnntnttuu
1477 592 1754 732 auncuur'
1817 663 1887 744 ,ος

1056 831 1093 916 a.
1142 825 1238 907 xu.
1825 815 1828 822 ’

524 1005 611 1075 Hac
630 991 814 1080 concluso,
843 990 901 1069 etfi
921 1016 983 1092 pet
1003 996 1142 1071 modum
1173 1001 1298 1094 regula
1329 997 1508 1086 inserviat,
1545 1028 1622 1079 erce
1649 1009 1756 1085 tioner
1775 963 1889 1094 tamen

410 1101 570 1205 quaedam
585 1125 621 1172 ert
639 1097 798 1171 sententia
818 1094 917 1174 habet
933 1120 1073 1179 corum,
1115 1098 1206 1172 uide
1232 1101 1405 1197 primariis
1429 1100 1585 1197 precibus
1604 1030 1731 1204 aliquid
1752 1112 1887 1214 scriptia

409 1202 628 1280 mandarunt,
649 1195 691 1268 fic
706 1199 734 1267 1.
749 1190 889 1290 precilla
905 1199 1075 1292 acceptato
1091 1123 1195 1269 semel
1216 1222 1285 1269 uno
1304 1194 1486 1285 heresum
1504 1202 1596 1274 aliud
1616 1203 1748 1280 rursum
1771 1233 1889 1308 petere

408 1298 539 1398 potest,
565 1295 700 1393 quando
721 1293 904 1384 acceptatio
920 1286 985 1365 suit
1007 1292 1167 1376 invalida,
1188 1295 1291 1366 veluti
1314 1293 1337 1366 fi
1358 1296 1501 1370 necdum
1523 1297 1663 1375 vacasset
1687 1302 1889 1388 beneficium

409 1400 512 1478 illud,
534 1393 557 1466 fi
575 1400 725 1465 immune
738 1384 891 1462 ertitillet
905 1387 946 1460 ab
967 1413 1070 1462 onere
1087 1415 1246 1489 precum,
1265 1416 1322 1466 aut
1337 1390 1432 1465 simili
1446 1419 1486 1465 ex
1505 1395 1599 1469 causa
1622 1404 1667 1471 11.
1689 1408 1823 1499 quando
1838 1435 1889 1483 ac·

409 1519 548 1666 llll
563 1483 1891 1681 lltlll‘lllllllllsslll,l⁰¹‡ls{lllqll,lll³cl³llllllll·

412 1716 484 1765 tore
504 1614 696 1765 orbinlrto,
718 1709 763 1781 pn
790 1703 822 1754 et
843 1685 943 1754 etiarn
964 1680 1037 1776 post
1059 1611 1343 1762 tue'bineficiom
1370 1618 1901 1788 acceptarumbederc'iurilubl·

413 1793 494 1885 quin
514 1789 673 1880 deinceps
693 1780 859 1854 excideret
873 1776 996 1851 effeiiu
1019 1805 1170 1876 precum.
1221 1788 1305 1853 Non
1325 1785 1414 1854 enim
1437 1788 1535 1855 tantia
1560 1784 1761 1885 sumptibus,
1785 1797 1890 1871 &via

413 1890 479 1958 litia
498 1886 614 1954 aliaaa
634 1886 684 1952 Sa.
707 1875 899 1951 canonibus
915 1877 1020 1947 altena
1039 1882 1072 1948 iu
1094 1876 1245 1950 beneficii
1273 1882 1446 1974 cujusdam
1472 1879 1698 1978 posseffionetn
1721 1887 1788 1966 sese
1812 1901 1889 1989 quia

413 1983 618 2083 protrudere
634 1999 783 2055 tenetur,
804 1973 881 2045 licet
896 1980 1099 2072 ceteroquin
1116 1977 1193 2071 jurc
1208 1977 1248 2048 ad
1272 1973 1470 2049 beneficium
1491 1980 1554 2051 tale
1570 2006 1635 2053 non
1652 2008 1780 2072 careat,
1797 1991 1889 2064 secur
1983 2005 1986 2012 '

413 2106 522 2154 tamen
539 2077 743 2160 arbitrarer,
760 2069 784 2143 li
804 2070 844 2141 ab
858 2072 942 2155 alio,
962 2097 1062 2168 quam
1079 2076 1238 2147 collatore
1252 2074 1292 2144 lia
1308 2077 1395 2146 circa
1417 2073 1635 2151 obtinendum
1659 2080 1890 2163 beneficiuma

413 2176 556 2278 precisla
580 2194 786 2268 acceptatum
808 2168 1178 2250 moveretur„debcret
1199 2171 1338 2243 eandem
1361 2170 1576 2267 prosequi&
1601 2179 1704 2252 modo
1729 2179 1890 2259 sententia

413 2300 528 2351 contra
543 2298 622 2346 eum
636 2271 717 2351 lata,
743 2267 833 2338 aliud
854 2264 973 2363 pollea-
990 2292 1106 2339 vacans
1130 2272 1163 2340 vi
1185 2292 1325 2364 precum
1352 2292 1523 2365 acceptare
1542 2270 1660 2365 posset.
1712 2282 1796 2352 Duae
1818 2286 1890 2357 aliae

413 2377 625 2469 exceptiones
638 2369 703 2439 huc
721 2362 848 2462 possent
865 2388 903 2434 ert
918 2359 1068 2435 Cbokier
1084 2364 1221 2446 adduci,
1246 2363 1300 2436 sed
1319 2390 1394 2436 cum
1412 2361 1525 2459 reapse
1537 2367 1595 2439 sub
1612 2373 1782 2467 prioribus
1798 2404 1891 2452 com.

414 2469 686 2570 prehendantur,
704 2463 984 2561 supervacaneum
1002 2465 1036 2532 id
1058 2458 1165 2545 foret,
1186 2459 1286 2554 liquis
1310 2487 1392 2534 vero
1405 2487 1461 2535 eaa
1481 2463 1602 2540 rescire
1619 2475 1731 2567 cupit,
1746 2478 1891 2553 eundem

415 2571 529 2656 adeat,
546 2565 600 2643 vel
614 2565 772 2659 Pirbtng,
787 2556 1044 2657 Wagnereck&
1064 2561 1166 2645 altor,
1184 2566 1243 2658 qui
1265 2584 1342 2634 eum
1358 2556 1460 2636 secuti
1475 2560 1561 2638 sunt.

1053 2796 1089 2884 c.
1139 2785 1262 2864 xttt.

530 2965 598 3037 Pro
611 2960 771 3035 coronide
788 2960 888 3059 hujus
904 2961 1022 3059 capitit
1040 2958 1202 3060 subjicere
1215 2983 1282 3035 non
1297 2961 1518 3055 incongruum
1535 2961 1601 3036 erit
1612 2957 1826 3135 questionem
1850 2967 1897 3047 ab'

415 3067 487 3142 aliia
504 3066 606 3137 etiam
624 3058 797 3132 canonistia
813 3067 845 3149 a)
869 3062 937 3156 jam
956 3061 1082 3132 dutlum
1099 3063 1306 3141 ventilatam,
1330 3085 1444 3131 utrum
1462 3060 1600 3157 precilla
1643 3063 1819 3139 eueslcium
1835 3095 1893 3142 aa·

416 3190 513 3245 cana,
535 3161 626 3257 quod
642 3163 673 3230 ei
694 3158 867 3254 objicitur,
892 3161 1008 3254 primis
1024 3159 1180 3255 precibus
1195 3156 1361 3230 baud'else
1375 3159 1573 3242 obnoxium,
1599 3159 1720 3233 nmilsts
1736 3163 1800 3235 suis
1817 3191 1893 3264 pre·

417 3264 509 3337 tibus
534 3260 576 3329 ab
595 3258 767 3329 ordinatio
788 3258 947 3327 collatore
970 3278 1106 3352 petere,
1129 3255 1161 3326 dr
1182 3254 1334 3328 obtinete
1358 3277 1468 3354 queat.
1522 3263 1596 3353 Qta
1615 3262 1648 3328 in
1664 3286 1700 3331 rc
1724 3258 1830 3335 facilia
1845 3257 1894 3338 est

417 3354 587 3457 responsio
603 3350 788 3435 affirmant,
806 3352 870 3426 lire
885 3352 990 3425 solum
1007 3355 1040 3425 id
1062 3354 1306 3449 pretendatur,
1331 3351 1396 3425 stre
1416 3377 1493 3427 rere
1514 3354 1550 3425 fir
1571 3359 1720 3428 immune
1739 3365 1893 3456 aprimie
2026 3360 2029 3374 '

418 3456 595 3557 precibus:
619 3451 730 3548 quoad
749 3460 896 3545 primurn
915 3454 1004 3521 enim
1022 3451 1106 3522 nihil
1126 3449 1304 3546 prohibet,
1321 3476 1388 3546 quo
1404 3455 1514 3523 minua
1529 3454 1561 3522 id
1580 3451 1676 3546 pellit
1692 3477 1809 3547 agere,
1824 3460 1894 3550 jori

419 3560 507 3629 enim
526 3551 585 3623 fibi
606 3545 741 3645 questro
761 3555 953 3622 renuntiare
971 3546 1097 3644 potell,
1126 3550 1159 3619 dt
1181 3550 1463 3646 quemadmodum
1480 3574 1497 3619 a
1520 3571 1662 3645 patrono
1678 3553 1902 3647 presentatus·

419 3657 457 3725 ad
476 3649 648 3747 quoddam
668 3644 883 3730 beneficium,
903 3644 1046 3737 litigioso
1064 3670 1173 3717 tamen
1186 3646 1263 3741 jure
1280 3668 1475 3743 patronatus
1495 3642 1667 3730 exiliente,
1689 3648 1743 3743 joa
1764 3649 1894 3749 fiquod

420 3749 521 3822 babet
544 3771 583 3819 cx
607 3742 881 3841 presentatione,
913 3744 1131 3815 dimittere&
1153 3769 1172 3815 a
1192 3742 1351 3818 collatore
1376 3742 1466 3812 idem
1486 3740 1685 3816 beneficium
1711 3750 1895 3844 impetrare

421 3845 548 3945 potest,
575 3849 619 3913 ita
635 3844 698 3913 lroc
716 3842 805 3913 idem
829 3839 977 3939 precillar
998 3841 1257 3938 haudquaquam
1280 3843 1344 3914 erit
1373 3838 1609 3926 interdiilum3
1631 3846 1818 3942 nequejuri
1835 3848 1894 3920 ob·

421 3944 464 4017 ell
481 3941 652 4020 Caesareo,
673 3962 791 4035 utpote
804 3939 895 4037 quod
909 3939 1057 4011 nondum
1074 3941 1183 4036 quoad
1199 3937 1291 4011 islam
1309 3937 1485 4012 Ecclesiam
1500 3940 1552 4013 vel
1576 3937 1659 4013 illud
1681 3941 1831 4017 beneficii
1839 3970 1896 4041 ge·
1994 3955 2002 3960 ”

423 4068 484 4115 nus
503 4064 597 4114 extra
619 4036 760 4109 dubium
775 4036 822 4109 cll
892 4035 999 4109 strum.
1048 4043 1124 4133 Qua
1144 4063 1184 4111 er
1205 4061 1243 4110 re
1264 4033 1434 4126 confilium
1456 4033 1604 4134 precislae
1628 4063 1748 4137 capere
1763 4039 1896 4141 possunt

421 4159 742 4310 rattruut
756 4062 1375 4306 caltararum
1391 4133 1897 4315 luturlulutul

422 4361 537 4410 contra
555 4260 759 4428 Episcopum
772 4259 1038 4426 requapitu'om
1054 4331 1274 4413 cathedrale,
1293 4332 1345 4404 rel
1361 4331 1463 4401 alium
1488 4257 1660 4427 pbttubem
1687 4321 1897 4424 collatorem,

421 4460 485 4505 non
507 4434 593 4505 adeo
609 4425 715 4500 facilia
731 4433 796 4501 erit
817 4431 986 4508 executio,
1010 4427 1041 4498 dr
1058 4428 1080 4499 fi
1101 4429 1233 4501 landem
1259 4430 1318 4501 hac
1337 4426 1512 4501 accedente
1532 4426 1757 4525 polielstoncm
1773 4433 1897 4510 benesi-

421 4536 460 4604 cii
488 4526 754 4625 consequantur,
776 4527 888 4599 mulne
914 4527 1021 4597 adhuc
1045 4523 1311 4608 difficultatibus,
1333 4525 1420 4597 odiis
1442 4524 1476 4599 dt
1497 4526 1701 4625 praejudiciis
1722 4554 1837 4604 contra
1861 4530 1896 4607 se

421 4626 642 4705 militantibus
663 4650 724 4724 per
741 4648 846 4700 totam
862 4627 964 4702 uitam
979 4621 1012 4700 se
1026 4648 1209 4800 erponcpta
1231 4625 1319 4697 unde
1332 4621 1423 4704 relic
1438 4626 1522 4705 nanc
1542 4624 1737 4709 sententiam
1751 4627 1786 4702 ln
1800 4631 1897 4803 praxi

1198 4746 1262 4820 t‘·3
1824 4750 1898 4829 epe
