5017 5592
859 492 930 571 nn
951 434 1253 574 invocaris
1274 439 1678 580 rccnnstaa'ricia.
1888 531 1993 608 μς

509 670 663 790 perpelli
678 673 877 788 cpolitanlns
892 678 1137 774 Imperatores,
1156 677 1272 752 Veluti
1294 679 1368 752 suos
1383 681 1570 758 Advocatoa
1589 708 1626 754 ac
1649 659 1851 758 Defensores
1867 686 1902 759 in
1916 686 1991 760 lub-
2012 767 2015 772 ,
2088 653 2095 672 ⁵

510 771 631 848 lidium
654 771 886 888 sape-sepius
910 773 1223 892 lupplertuocabat,
1247 775 1292 849 ast
1314 777 1426 852 amisso
1449 777 1587 852 subinde
1610 785 1793 855 Erarchatu
1821 785 1992 859 Ravenna·

512 869 592 946 tensi
609 866 730 986 frustra
743 899 777 942 tn
800 875 958 989 luporum
981 869 1132 991 faucibus
1146 900 1280 971 jamjam
1298 878 1427 948 harena
1448 877 1571 949 Cbrilli
1599 882 1730 952 ovicula
1755 877 1920 977 pallorem
1938 886 1989 955 in·

511 971 1570 1168 :llll‘nlllllllllilliltss’2‘ll{⁵,l:l¹‘dlllll
1586 1002 1673 1050 '¹²⁰⁰
1690 1006 1757 1075 ⁷⁵³
1763 1035 1772 1052 ’
1795 980 1837 1051 ’ἀ
1860 984 1934 1079 ⁰⁰¹²
1936 1005 1991 1056 ‘⁰'
2078 1055 2089 1064 ·

630 1242 752 1311 ΧΧΧΙ.
787 1243 1007 1337 Qrapropter
1026 1239 1177 1312 laudatus
1200 1246 1290 1339 Papa
1317 1244 1541 1341 Stephanus'a
1562 1241 1627 1318 suia
1647 1242 1828 1317 Advocatio
1852 1245 1991 1319 omnino

512 1335 665 1412 desertus
681 1335 714 1409 se
725 1336 766 1407 ad
787 1341 993 1411 Ptetntunr
1016 1343 1223 1411 Francorum
1244 1343 1371 1434 Regem
1392 1338 1575 1424 co'naerrit,
1596 1342 1759 1440 illumque
1774 1340 1845 1437 ipse
1859 1347 1891 1413 in
1909 1344 1991 1418 Gal·

514 1438 570 1510 liis
588 1436 691 1517 adiit,
718 1435 829 1506 druna
852 1460 926 1506 cum
950 1437 1080 1508 duobus
1101 1434 1178 1507 filiis
1203 1442 1326 1512 Carnlo
1351 1440 1384 1511 dt
1406 1442 1655 1511 Carolomanno
1679 1437 1808 1510 Parisiis
1829 1445 1863 1511 in
1881 1444 1997 1534 Reges¹

513 1538 706 1613 coronavit,
726 1537 777 1604 cui
793 1537 930 1629 Pipinua
953 1532 1142 1629 interposita
1163 1537 1387 1633 Jurisjurantli
1404 1535 1469 1610 fide
1491 1538 1583 1610 urbis
1608 1542 1765 1610 Romanae
1787 1537 1820 1608 dt
1842 1537 1991 1612 Ecclesia

514 1629 740 1704 defensionem
757 1628 933 1724 largissime
952 1631 1163 1727 appromilit.
1191 1632 1300 1731 sicque
1315 1635 1456 1708 Ecclesia
1473 1637 1682 1708 Advocatum
1703 1636 1735 1707 dt
1758 1631 1992 1720 Defensorent,

494 1754 618 1828 uquem
633 1731 667 1800 in
686 1732 829 1836 Oriente
845 1738 1017 1826 antiquum
1040 1729 1163 1813 amisit,
1183 1730 1337 1825 singulari
1362 1739 1525 1808 Numinis
1543 1736 1848 1836 providentiorem
1869 1733 1993 1831 guber·

513 1849 634 1940 nante,
653 1828 688 1900 in
703 1827 897 1901 occidente·
908 1851 1033 1900 novum
1051 1825 1197 1903 feliciter
1217 1833 1356 1906 invenit·
1946 1837 1948 1842 ’

681 2012 800 2079 Boron.
815 2011 858 2076 ad
875 2030 948 2079 ann.
961 2033 1034 2098 753.
1055 2012 1095 2078 δ’
1110 2029 1187 2099 754.
1281 2087 1285 2092 ,

632 2173 772 2243 xxxii.
820 2173 1015 2242 Piaiuus
1041 2172 1111 2241 Rex
1127 2164 1291 2265 promiffia
1304 2170 1474 2243 Germana
1488 2166 1555 2243 fide
1574 2163 1772 2244 etesiissime
1787 2162 1892 2254 lletit,
1914 2189 1993 2243 natn
2100 2213 2107 2226 ·

516 2267 682 2368 superetis
697 2269 836 2363 Alpium
858 2265 1016 2359 angustiis
1034 2289 1111 2337 cum
1126 2268 1237 2338 valido
1253 2275 1402 2339 exercitu
1423 2271 1554 2341 ltaliam
1569 2266 1729 2361 ingressus
1749 2266 1868 2339 eodem
1885 2266 1995 2339 adbuc
2043 2339 2048 2345 ,

517 2391 607 2440 anno
623 2366 836 2462 Aillulphum
851 2373 883 2435 in
900 2363 1064 2457 angulliaa
1077 2365 1227 2456 redegit,
1251 2367 1501 2462 conipulitquc,
1520 2389 1558 2438 ut
1578 2367 1737 2438 Romania
1760 2389 1876 2460 pacem
1892 2364 1992 2434 dona·
2100 2451 2106 2460 Ι

497 2473 592 2542 rer.
613 2463 767 2540 &ablata
781 2461 814 2535 se
832 2461 1061 2535 restituturum
1084 2460 1275 2559 sponderet.
1324 2464 1389 2534 Sed
1409 2489 1485 2535 cum
1511 2458 1711 2555 retrogrelso
1735 2466 1856 2558 Pipino
1874 2457 1996 2534 Aislul·

515 2566 608 2664 phua
625 2558 779 2660 promilla
794 2586 861 2632 non
877 2563 1043 2657 expleret,
1061 2585 1098 2631 ac
1117 2584 1202 2631 ttova
1224 2557 1360 2656 insuper
1375 2559 1545 2632 obsidione
1569 2564 1713 2631 Romam
1736 2564 1904 2650 cingeret,
1928 2551 2003 2628 ter·‘

518 2686 576 2734 raa
592 2657 841 2757 circumpobtas
859 2658 1037 2754 expilaret,
1060 2684 1097 2729 ac
1111 2654 1204 2730 ferro
1227 2655 1429 2756 flammaque
1446 2657 1586 2730 vallaret
1603 2709 1612 2740 ,
1638 2660 1777 2752 Pipinua
1794 2661 1860 2728 iter
1877 2658 1911 2727 in
1928 2659 1995 2727 lta·

515 2759 599 2834 liam
621 2757 761 2848 relegit,
787 2783 823 2826 ac
847 2754 1107 2849 longobardum
1128 2759 1257 2842 coegit,
1279 2782 1346 2826 nnn
1368 2757 1471 2829 modo
1492 2754 1695 2829 Pontifici&
1716 2757 1876 2826 Romania
1892 2751 2004 2844 exin-p
2149 2841 2152 2848 Ι

507 2878 620 2947 aegro
637 2849 841 2933 satisfacere,
860 2879 976 2925 verum
992 2857 1093 2924 etiam
1110 2855 1331 2925 Exarchrtum
1345 2854 1645 2939 Ravennatensem,
1662 2877 1765 2951 quem
1779 2847 1995 2945 Langobardi

519 2957 650 3029 Gtaecta
673 2957 883 3049 eripuerant,
905 2949 1053 3024 Ecclesia
1070 2951 1190 3024 ditioni
1211 2951 1369 3047 adjicere.
2025 2947 2029 2954 ’

636 3124 795 3194 XXXlll.
831 3120 935 3220 Quod
957 3116 1118 3189 auxilium
1147 3119 1334 3209 Stephanus
1367 3124 1455 3217 Papa
1478 3120 1569 3216 apud
1598 3124 1756 3220 Pipinum
1781 3140 1897 3192 contra
1925 3116 1995 3188 viru

518 3217 691 3318 Aillulplti
707 3222 825 3310 Regia,
853 3222 917 3290 hoc
940 3218 1106 3287 Adrianus
1125 3220 1151 3287 Ι.
1176 3241 1291 3289 contra
1314 3216 1481 3289 Desiderii
1508 3223 1598 3290 inter
1619 3217 1862 3311 Longobardiae
1885 3219 1995 3303 Reges

517 3318 682 3418 poslremi
706 3320 887 3412 potentiam
904 3317 937 3385 u
956 3318 1101 3409 impetus
1117 3316 1150 3384 in
1166 3316 1290 3385 Carolo
1311 3317 1423 3411 Ptpini
1448 3313 1518 3387 filio
1532 3341 1620 3386 antio
1645 3342 1727 3407 77²·
1748 3315 1891 3394 invenit3
1918 3332 1995 3380 natu

520 3422 549 3491 ia
572 3441 634 3512 per
651 3420 792 3504 Legatos
813 3417 980 3483 Romanos
994 3415 1027 3482 in
1042 3436 1143 3507 opem
1159 3435 1295 3484 vocatus
1309 3437 1385 3484 cum
1401 3416 1505 3483 multa
1528 3413 1674 3484 militum
1694 3436 1793 3483 manu
1807 3412 1841 3479 in
1863 3408 1996 3478 ltaliam

520 3519 658 3586 veniens
674 3510 883 3582 Desidetium
902 3514 1010 3606 Papiae
1025 3510 1084 3580 diu
1104 3507 1267 3582 obsessum
1287 3513 1395 3604 cepit,
1420 3510 1452 3581 dt
1475 3508 1624 3582 Ecclefiae
1643 3534 1709 3582 tam
1731 3504 1886 3578 infestum
1907 3508 1997 3575 Lon·

522 3611 692 3706 gabardiar
710 3632 851 3702 regnum
871 3614 1001 3703 penitus
1025 3608 1157 3680 excidit.
1205 3613 1300 3679 Tum
1322 3608 1464 3679 Carolus
1485 3610 1627 3679 Romam
1650 3604 1763 3679 faullta
1789 3604 1995 3675 acclamatio·

512 3709 622 3781 ,nibus
642 3703 802 3800 ingressus
824 3709 1040 3778 donationem
1055 3730 1165 3800 nuper
1179 3730 1198 3774 a
1212 3705 1271 3777 suo
1293 3709 1430 3796 Parente
1444 3699 1566 3776 fabiani
1583 3704 1684 3803 super
1697 3727 1822 3800 corpus
1842 3705 1879 3772 Β.
1903 3709 1998 3795 Apno'

521 3806 598 3880 slnli
615 3810 756 3876 Parni
784 3804 921 3874 lolemni
940 3803 1065 3898 scripto
1086 3798 1314 3886 confirmavit,
1337 3827 1373 3875 ac
1388 3801 1524 3899 insuper
1543 3802 1677 3898 copiose
1697 3808 1798 3874 auxit.
1852 3802 1937 3870 Haec
1955 3796 1998 3871 de
2039 3807 2043 3830 '

519 3902 788 4000 imperatoribus
808 3898 955 3974 Ecclesiae
979 3898 1229 3973 Protessoribua
1253 3924 1328 3972 ante
1352 3926 1505 3999 tempora
1529 3904 1641 3972 Caroli
1660 3902 1778 3990 Magni
1800 3900 1833 3968 in
1855 3917 1998 3992 utraque

519 4003 621 4100 plaga
642 4004 791 4072 Orientis
814 3999 1017 4071 videlicet&
1038 4000 1245 4074 Occidentis·
1297 4003 1400 4073 Nunc
1421 4000 1463 4073 de
1483 3997 1749 4095 imperatoribus
1777 3992 1852 4095 poll
1873 3991 1997 4069 instan-

521 4124 636 4173 ratum
654 4105 688 4171 in
712 4097 895 4172 Occidente
910 4099 1108 4196 Imperium.
