5017 5592
392 687 394 692 .
503 656 575 733 ..a
801 589 1532 727 ·‘-o.1ssrttrarto-

463 893 471 907 ,,
503 848 582 900 nem
597 819 755 894 iuducere
770 815 826 892 seu
844 814 1009 892 inssallare
1024 820 1170 901 debeant,
1191 818 1226 890 in
1248 842 1395 914 quorum
1421 815 1579 890 sententia
1599 814 1777 892 necessario
1794 815 1987 916 qucslionia

502 920 647 1026 prefixae
663 917 783 992 deciso
799 920 833 987 in
853 913 1031 990 affirmativ
1107 913 1197 990 foret
1220 914 1429 999 resolvenda,
1459 914 1505 986 asl
1521 919 1651 989 veritati
1670 918 1703 989 dc
1720 922 1866 1015 aequitati
1886 920 1992 1012 louge

504 1016 717 1096 conformius
729 1016 774 1090 est
790 1013 950 1106 iudicium
967 942 1129 1099 aliofflm,
1151 1012 1347 1109 potestatem
1363 1018 1552 1086 nominatos
1574 1013 1785 1097 inslituendi,
1808 1016 1841 1087 dt
1866 1014 1996 1094 benesi-

505 1125 616 1202 cium,
638 1115 680 1186 ad
695 1115 785 1211 quod
806 1116 969 1203 nominati
985 1113 1077 1194 sunt,
1097 1109 1293 1185 conserendi
1309 1109 1482 1210 Episcopis
1499 1112 1533 1183 dt
1551 1113 1625 1186 aliis
1645 1114 1825 1200 ordinariis
1853 1114 1995 1188 collato·

413 1288 420 1294 .
506 1216 601 1291 ribus
629 1210 869 1284 adstruentium
884 1211 918 1304 b)
945 1210 981 1283 id
1007 1236 1049 1285 uc
1070 1214 1098 1282 1.
1118 1213 1282 1283 evincitur
1305 1234 1344 1281 ex
1370 1205 1527 1282 formulis
1576 1214 1788 1283 rimariatum
1814 1207 1995 1308 precum'a

508 1308 693 1388 Cesaribus
712 1309 815 1405 usquc
834 1310 936 1381 modo
958 1236 1101 1390 uitatis,
1124 1310 1221 1404 queis
1239 1307 1419 1380 collatores
1440 1307 1481 1378 ab
1503 1234 1622 1380 iissem
1650 1333 1714 1405 pro
1736 1310 1914 1381 collatione
1936 1308 1996 1383 seu

400 1433 404 1441 '
509 1408 701 1511 provisione
719 1403 869 1479 facienda
884 1409 1104 1504 requiruntur
1129 1411 1172 1478 ll.
1190 1431 1228 1477 ex
1245 1430 1305 1487 eo,
1328 1407 1419 1502 quod
1441 1431 1507 1475 non
1529 1402 1567 1475 sit
1587 1406 1781 1489 verisimile,
1803 1433 1865 1504 per
1879 1403 1997 1502 *sacul-

425 1527 428 1539 “
510 1532 614 1583 tatem
637 1509 824 1605 primarum
842 1529 981 1601 precum
1005 1501 1069 1576 esse
1094 1504 1284 1575 Ordinatiis
1307 1503 1358 1593 jus
1380 1499 1575 1575 conserendi
1599 1503 1812 1602 ademptum,
1841 1506 1998 1602 illudque

510 1611 546 1681 in
565 1627 756 1679 executores
774 1603 971 1673 translatum
997 1605 1059 1674 Ill.
1078 1625 1117 1673 ex
1133 1605 1224 1697 praxi
1244 1604 1277 1672 in
1298 1604 1447 1699 imperio
1467 1606 1617 1683 notoria,
1633 1626 1699 1698 qua
1712 1603 1857 1698 capitula
1875 1604 1908 1675 dt
1925 1606 1997 1676 col·

510 1706 635 1777 latores
655 1697 815 1773 beneficia
830 1699 871 1770 ad
890 1698 980 1771 suatn
1000 1698 1210 1771 collationem
1234 1701 1436 1794 pertinentia
1462 1702 1640 1770 nominatis
1662 1697 1810 1798 precislis
1836 1696 1997 1775 conferre

510 1800 629 1875 solent.
680 1799 782 1869 Unde
807 1796 908 1869 verba
927 1797 1134 1872 indultorum
1150 1824 1163 1881 a,
1184 1798 1337 1890 postquam
1356 1798 1422 1891 ipſsa
1439 1800 1475 1866 de
1495 1803 1532 1866 iit
1554 1805 1691 1868 canonice
1707 1797 1864 1890 provisam
1874 1801 1996 1888 suerit:

512 1900 555 1972 ad
571 1897 759 1970 ordinarios
774 1894 950 1968 collatores
969 1890 1163 1977 reserenda,
1181 1895 1232 1966 vel
1250 1891 1272 1963 st
1292 1889 1482 1966 reserantur
1497 1894 1537 1964 ad
1556 1919 1768 1979 executores,
1791 1897 1999 1968 excudenda

364 2019 367 2024 ’
493 1996 589 2069 sunt
614 1993 656 2066 de
678 1988 870 2075 beneficiis,
895 2016 970 2089 quae
999 1995 1178 2064 nominatis
1200 1991 1377 2064 collatores
1405 1992 1568 2063 ordinarii
1597 1988 1753 2078 conferre
1789 1993 1999 2067 recusarunt.

514 2099 683 2167 Ceterum
713 2114 925 2187 nequaquam
952 2085 1123 2173 diffiteor,
1152 2091 1345 2161 eiccurorea
1367 2087 1557 2185 apostolica
1588 2089 1785 2163 auslotitate
1813 2091 1996 2187 ¹deputatos
2036 2082 2040 2088 ⁴

513 2191 571 2290 jus
588 2187 713 2265 habere
731 2182 926 2260 conferendi
944 2183 1103 2259 beneficia
1121 2188 1155 2258 in
1170 2185 1336 2259 mcttbbus
1351 2187 1525 2285 papalibus
1541 2192 1705 2269 vacantia,
1720 2213 1798 2260 cunt
1816 2193 1908 2262 euim
1926 2190 1997 2263 haec

515 2289 559 2363 ad
583 2287 811 2386 capitulorum
826 2310 883 2359 aut
902 2286 1046 2357 aliorum
1070 2285 1270 2357 collatorum
1290 2285 1502 2359 collationem
1526 2290 1558 2356 vi
1583 2290 1873 2359 concordatorum
1891 2287 2003 2359 nulla·

516 2381 798 2483 tenusspessent,
817 2408 878 2457 nec
893 2407 931 2456 ea
952 2378 1107 2456 conserte
1124 2404 1303 2480 poterunt,
1322 2407 1394 2479 quo
1410 2388 1444 2453 in
1465 2382 1540 2454 casu
1562 2385 1716 2456 duntaxat
1737 2380 1856 2481 Episco
1883 2388 1915 2466 i,
1937 2389 2001 2457 Ca·

545 2484 647 2563 itula,
671 2505 728 2553 aut
754 2482 810 2552 alii
833 2482 1009 2554 collatores
1030 2478 1186 2578 precislaa
1205 2481 1248 2553 de
1267 2478 1435 2575 ejusmodi
1459 2479 1628 2555 beneficiis
1652 2480 1805 2580 provisos
1828 2410 1881 2556 as
1891 2478 2003 2556 aslue-

500 2509 588 2657 -lem
607 2576 834 2680 possessionem
852 2578 1030 2651 admittere
1051 2600 1216 2653 tenentur.
1922 2609 1926 2616 ·

480 2755 483 2761 ’
560 2746 602 2829 a)
623 2745 698 2815 Vid.
717 2741 964 2829 Waguetecks.
982 2744 1067 2829 4.V.
1093 2744 1285 2831 Conferre&
1300 2744 1489 2829 Pithingtit.
1504 2746 1545 2810 de
1559 2748 1654 2830 ptaeb.
1671 2768 1701 2814 rt.
1719 2760 1791 2833 384.
1965 2797 1978 2829 ,

561 2863 597 2948 s)
617 2860 758 2926 Choltier
772 2864 827 2930 cit.
839 2862 922 2932 διὰ
936 2862 978 2933 11.
992 2882 1022 2949 q.
1040 2882 1087 2933 11.
1135 2864 1241 2948 Engel
1256 2866 1306 2932 tit.
1330 2866 1371 2930 de
1390 2867 1485 2950 praeb.
1505 2886 1536 2933 n.
1558 2886 1609 2950 70.
1631 2865 1944 2936 wistremaro.
1965 2888 2020 2970 n.⁴

639 2954 712 3021 181.

1179 3034 1215 3123 a
1266 3029 1336 3105 vt.

641 3165 727 3259 Qtae
742 3158 845 3234 modo
860 3158 932 3233 sunt
950 3160 1075 3245 adlata,
1100 3187 1137 3236 ex
1160 3163 1297 3236 indultis
1315 3162 1515 3262 aspostolicis
1536 3161 1752 3262 comprobata
1772 3163 1926 3239 dedimus
1936 3185 1956 3272 ².
1980 3162 2020 3246 si,

525 3283 607 3333 vero
622 3281 773 3334 tenorem
798 3283 936 3355 precum
984 3264 1215 3343 rimamarum,
1246 3286 1349 3359 prout
1370 3288 1388 3334 a
1415 3262 1597 3335 Caesaribus
1620 3263 1861 3357 expediuntur..
1895 3271 2004 3334 intro-

525 3356 702 3456 spicimus,
727 3358 811 3429 nihil
827 3284 981 3453 caprasii
998 3357 1107 3429 verbis
1127 3358 1258 3453 dejure
1272 3356 1467 3433 conserendi
1483 3359 1639 3432 slatutum
1654 3364 1836 3456 reperitur.
1893 3362 2005 3457 Quip-

525 3480 571 3555 pe
592 3457 799 3530 executionis
817 3456 989 3548 negotium
1013 3455 1170 3528 duntaxat
1189 3458 1230 3527 iis
1251 3455 1458 3530 commissum
1482 3458 1693 3543 advertitur,
1740 3458 1774 3530 dt
1796 3460 2006 3531 contumacia

526 3555 627 3628 etiam
648 3556 818 3651 primariis
837 3552 992 3648 precibus
1016 3551 1169 3649 opposita
1189 3553 1242 3626 vel
1265 3554 1356 3649 juxta
1387 3553 1634 3628 constitutiones
1665 3558 1803 3651 lmpetii
1831 3555 1884 3628 vel
1913 3555 2005 3655 juata

527 3678 645 3726 omnes
659 3652 744 3749 juris
761 3655 829 3723 vias
845 3655 880 3722 in
895 3646 1110 3723 restaslarios
1124 3649 1302 3725 collatores
1317 3648 1379 3726 esse
1396 3652 1437 3724 ab
1453 3654 1572 3726 iisdem
1588 3652 1921 3726 animadvertendum
1938 3652 2007 3726 edi·

529 3753 634 3823 citur:
688 3772 815 3820 uaenam
835 3770 947 3819 autem
967 3771 1079 3822 extent
1099 3747 1351 3822 constitutiones
1370 3753 1511 3847 Imperii
1534 3775 1645 3847 ponas
1664 3754 1698 3820 in
1718 3746 1921 3846 teluslantes
1940 3750 2008 3823 col·

529 3775 866 3924 latorealnoemea,
890 3844 1008 3915 nullibi
1024 3844 1193 3942 speciatim
1209 3846 1351 3931 conslat,
1376 3873 1437 3920 nec
1450 3847 1518 3919 ulla
1532 3850 1566 3920 in
1585 3847 1658 3939 lege
1672 3851 1813 3945 Imperii
1836 3851 2009 3946 quicpiant

529 3948 720 4041 comperire
735 3940 801 4022 ess,
834 3941 912 4011 hinc
934 3939 1183 4015 constitutiones
1205 3948 1345 4042 Imperii
1369 3945 1564 4036 generales,
1601 3948 1752 4041 queiain
1773 3944 2012 4045 prejudicium

509 4040 759 4114 ¹caesareorum
780 4038 908 4136 jurium
933 4037 1163 4135 delinquentea
1189 4064 1345 4113 coercete
1367 4042 1461 4127 licet,
1499 4042 1723 4136 intelligendae
1746 4045 1921 4128 venirent,
1954 4063 2011 4115 aut

532 4139 625 4235 quod
639 4142 750 4210 verius
767 4140 906 4210 omnino
918 4136 1049 4232 judico,
1075 4161 1189 4231 poenas
1210 4135 1296 4235 ipsas
1314 4164 1375 4236 per
1398 4141 1581 4238 diplomata
1598 4142 1735 4238 precum
1755 4138 1921 4238 expressae
1937 4164 2011 4215 ece·

532 4258 668 4306 cutorca
682 4235 862 4307 ordinariis
872 4233 1088 4314 collatoribus
1104 4234 1257 4327 infligere
1273 4235 1422 4333 possunt,
1447 4239 1549 4310 veluti
1565 4237 1586 4309 st
1602 4244 1626 4310 ii
1640 4244 1787 4312 animum
1803 4243 2012 4338 pertinacem

533 4331 688 4412 fleslere‚
712 4327 935 4430 frangereque
950 4334 1075 4416 nolint,
1101 4332 1241 4406 durante
1254 4359 1318 4431 per
1331 4335 1476 4412 mensem
1492 4339 1685 4409 continuum
1702 4341 1927 4419 contumacia,
1953 4360 2012 4407 eos

533 4428 721 4528 privilegiis
739 4429 894 4501 omnibus
903 4428 1059 4503 Caesareis
1072 4457 1219 4527 unquam
1235 4429 1388 4504 concessas
1404 4431 1475 4529 ipso
1490 4429 1580 4505 fasso
1595 4437 1741 4528 privatos
1755 4458 1941 4531 exutosque
1957 4433 2016 4506 de·

533 4526 681 4599 clarandi
700 4524 893 4622 potestatem
908 4527 1048 4601 habent:
1073 4527 1128 4601 sed
1145 4530 1282 4602 hicnon
1298 4536 1480 4623 incongrua
1499 4533 1615 4605 incidit
1628 4533 1712 4604 mibi
1728 4532 1884 4629 quaestio:
1910 4529 1934 4604 st
1948 4535 2015 4603 Ec·

534 4622 630 4702 elesa
645 4622 832 4726 privilegiis
846 4622 947 4698 nullia
961 4624 1003 4700 ab
1017 4626 1283 4727 ltnperatoribus
1298 4626 1336 4704 stt
1356 4629 1593 4717 condecorata,
1618 4653 1675 4706 aut
1689 4628 1872 4724 sincollator
1890 4631 2034 4729 ejusce·¹

1672 4778 1679 4792 ·
1796 4833 1799 4846 μ
1921 4727 2018 4804 modi
