5017 5592
491 643 679 730 avano
696 643 768 722 ur
786 642 1026 724 canarno
1041 621 1235 726 ararad.
1259 645 1396 727 acca.
1412 627 1573 728 onam
1594 647 1833 745 mnatre.
1853 674 1927 785 ,77
1960 757 1973 766 ,

491 832 542 927 pi,
566 853 604 901 ea
619 827 765 900 illorum
786 825 927 903 olleadit
941 825 1127 911 modestia,
1152 853 1217 927 que
1245 829 1366 927 placita
1387 845 1502 904 mutua
1524 830 1765 909 deliberatione
1787 833 1924 910 discuffa
2039 831 2046 835 ’
2070 833 2093 888 ·’

491 954 512 999 n
530 929 628 1000 aliter
645 926 814 1022 publicare
830 925 862 998 se
877 926 967 1025 posse
984 925 1149 1010 farentur,
1172 952 1271 1023 quam
1289 931 1390 1024 Regia
1407 928 1581 1004 accedente
1593 928 1735 1014 assensu,
1754 934 1925 1029 cujusnon

491 1049 573 1098 rrum
600 1021 871 1107 confirmationi,
900 1026 954 1108 sed
975 1026 1008 1099 de
1031 1026 1256 1098 emendationi
1274 1052 1309 1099 ac
1337 1025 1538 1099 correslioni
1562 1051 1600 1100 ea
1623 1026 1860 1115 submiserunt,
1883 1031 1925 1104 ab

498 1148 579 1196 ecto
594 1120 664 1195 solo
687 1127 797 1194 omnis
813 1125 853 1195 iia
875 1124 959 1217 legis
987 1123 1172 1196 authoritas
1199 1123 1447 1197 conciliabatur.
1463 1122 1500 1223 l)
1526 1126 1628 1199 Unde
1650 1130 1749 1201 etiam
1774 1128 1815 1200 ab
1833 1152 1875 1201 eo
1890 1132 1925 1202 in

491 1226 548 1293 :nis
566 1222 720 1293 Corniriis
737 1216 802 1291 seve
824 1221 931 1293 tribus
950 1219 1178 1296 conventibus
1194 1220 1228 1291 in
1256 1247 1361 1294 unum
1383 1228 1592 1317 congregatis
1614 1225 1823 1322 promulgari
1842 1222 1927 1298 sole·

491 1342 539 1403 nr,
559 1319 594 1491 dp
603 1315 679 1488 ipsae
695 1320 865 1393 rariorum
879 1324 1053 1394 Canonum
1068 1319 1236 1393 Formulae
1252 1323 1395 1415 Regium
1413 1339 1595 1420 propterea
1613 1347 1737 1396 nomen
1746 1330 1926 1397 enuntiant

501 1419 784 1518 pmemmno

567 1556 645 1624 Nec
663 1545 733 1646 ipse
752 1570 863 1621 tamen
879 1551 1071 1645 Imperator
1094 1570 1186 1622 eatra
1206 1549 1396 1624 Concilium
1419 1549 1476 1623 libi
1500 1548 1687 1625 vindicabat
1704 1551 1844 1626 eandem
1866 1567 1929 1638 aui,

491 1649 663 1729 aritatcm,
688 1670 761 1728 aur,
784 1671 884 1741 quant
899 1646 1056 1729 habebat,
1081 1671 1236 1720 exercere
1256 1646 1289 1720 se
1303 1645 1373 1722 solo
1390 1648 1568 1722 ambiebat.
1620 1650 1685 1722 Sed
1703 1676 1776 1747 quae
1799 1651 1834 1725 in
1850 1675 1928 1750 par·

492 1746 638 1818 ularibus
652 1745 811 1816 conciliis
832 1741 1032 1837 lingularum
1053 1744 1502 1831 Provinciarumconsulrata
1516 1742 1668 1832 suerent,
1692 1744 1926 1824 referebantur
2061 1811 2071 1824 .

505 1829 810 1940 Imperatorem'illi
832 1840 997 1936 superiori
1019 1841 1248 1937 perfidentem
1262 1841 1399 1915 confilio
1416 1841 1481 1917 stre
1496 1845 1649 1918 Concilio
1671 1847 1838 1940 generali,
1871 1847 1927 1920 cui

491 1963 631 2013 :ercrant
645 1938 874 2010 conciliorum
891 1942 1144 2035 particularium
1161 1941 1304 2032 delegati
1323 1938 1498 2038 Episcopi,
1536 1943 1569 2017 dr
1589 1942 1645 2013 ubi
1670 1950 1813 2017 Decreta
1836 1941 1928 2017 cum·

491 2040 596 2135 trium
614 2040 843 2108 conciliorum
869 2036 1123 2131 particularium
1144 2040 1189 2107 ite
1214 2038 1504 2134 temperabantur,
1536 2040 1657 2111 oralia
1684 2041 1777 2123 aliis,
1813 2045 1927 2114 omnia

491 2135 604 2207 rnibua
621 2135 882 2212 concordarent,
907 2132 1126 2229 existeretque
1146 2134 1178 2206 de
1199 2133 1385 2212 obtineret.
1412 2135 1503 2232 quod
1520 2136 1560 2207 ad
1577 2160 1711 2231 pacem,
1729 2137 1770 2208 ad
1786 2137 1932 2233 discipli·

492 2257 526 2305 m
542 2234 721 2329 puriorem
740 2228 888 2300 Ecclesiae
913 2230 1098 2326 plurimum
1119 2229 1300 2310 conferret.
1359 2237 1403 2305 Er
1424 2235 1501 2304 hinc
1521 2229 1693 2307 maniselle
1715 2233 1929 2333 perspicitur,

493 2355 530 2403 re
551 2336 609 2402 Cn
623 2349 731 2401 nour
756 2334 808 2399 M.
834 2327 866 2397 de
885 2324 1100 2399 successorum
1118 2353 1187 2402 aero
1203 2333 1390 2427 imperium
1406 2329 1616 2404 sacerdotale
1632 2326 1728 2405 sutlse
1746 2333 1779 2404 de
1802 2333 1929 2427 Regale

491 2426 699 2512 cerdorium,
724 2424 815 2496 nulla
829 2448 905 2497 tunc
924 2425 1144 2500 emulationis
1159 2426 1322 2503 nubecula
1338 2425 1491 2504 screnum
1505 2426 1577 2525 ejus
1590 2431 1726 2529 pacit&
1743 2431 1932 2530 tranquilli·
2053 2457 2059 2482 ι

1848 2531 1926 2603 tatio

491 2698 530 2786 i)
550 2692 804 2776 Antiquiffimutn
832 2694 1047 2760 testimonium
1067 2694 1111 2761 est
1129 2696 1160 2760 io
1186 2695 1285 2864 Epist.
1303 2697 1342 2761 ad
1364 2695 1668 2772 Cuooovuunr,
1694 2715 1766 2803 oute
1789 2695 1931 2782 Synodo

561 2778 921 2845 Aunautnnunsr
940 2777 966 2840 1.
989 2780 1184 2860 praefigitur:
1243 2787 1297 2844 ala
1316 2789 1404 2844 tanto
1425 2780 1467 2842 od
1487 2779 1661 2862 Religionis
1691 2781 1850 2845 catholica
1865 2782 1930 2843 reel-

563 2871 628 2925 tam
648 2859 789 2941 gaer-losa
811 2860 881 2932 fidei
897 2878 971 2923 raro
985 2879 1038 2923 vos
1053 2866 1186 2932 excitat,
1207 2873 1242 2923 ut
1253 2861 1449 2941 socerdotalir
1462 2854 1694 2945 mentisoffedre
1709 2862 1879 2944 sacerdotes
1894 2862 1932 2926 de
2054 2883 2061 2890 ·

562 2944 651 3008 rebar
669 2939 837 3021 neteffieeee'r
849 2940 1034 3005 tradaturoe
1045 2947 1079 3008 e'ee
1099 2965 1194 3008 anam
1206 2948 1309 3026 collegi
1323 2941 1494 3030 jaffere'lt're
1511 2933 1678 3028 secundum
1693 2948 1861 3010 voluntatis
1877 2962 1932 3007 tee-
2017 2963 2027 2976 ¹·

556 3026 632 3112 siro
650 3028 892 3103 contreltate'oaem
908 3022 946 3088 Θ
962 3029 1084 3100 titulos,
1105 3047 1179 3109 qaas
1195 3028 1334 3111 dedistis,
1357 3045 1411 3099 ea,
1426 3045 1494 3111 qua
1515 3026 1602 3090 nobis
1616 3025 1785 3111 vilescent,
1807 3027 1932 3111 respon-
1999 3085 2007 3094 ,

563 3109 684 3180 dimas,
707 3110 753 3168 e'ta
772 3116 824 3170 at.
838 3107 865 3189 fi
880 3125 936 3178 eo,
963 3128 1031 3187 quo
1044 3128 1100 3170 not
1110 3111 1299 3191 llataimrer,
1327 3129 1447 3173 urtam
1469 3129 1610 3172 vuarno
1633 3130 1747 3178 narra
1765 3130 1848 3175 assu
1870 3109 1931 3188 Ju-

565 3208 670 3256 mcro
691 3208 1003 3260 conroaonarcrun,
1025 3194 1105 3252 tanti
1122 3190 1277 3272 consensus
1293 3191 1387 3273 Regis
1406 3209 1441 3255 at
1461 3192 1593 3255 Domini
1610 3192 1727 3276 majori
1751 3193 1933 3260 oeiloritale

559 3270 745 3356 seruandam
765 3280 920 3330 tantorum
934 3270 1045 3353 firmat
1054 3270 1238 3352 sententiam
1261 3272 1469 3339 Sacerdotem.
1520 3272 1558 3336 ln
1577 3272 1714 3337 Concilii
1741 3271 1933 3338 Arelatensis
1985 3277 1991 3284 '

567 3357 607 3419 Α.
626 3350 820 3415 llCCCXlll.
836 3352 922 3413 calce
935 3354 1073 3432 legitur:
1096 3352 1168 3415 Har
1182 3355 1283 3433 igilur
1292 3351 1347 3431 sale
1362 3355 1520 3426 lrrereilrele,
1537 3371 1605 3436 qeeoe
1617 3354 1823 3418 emendatione
1834 3356 1868 3416 ee'
1891 3370 1934 3417 red

564 3434 798 3521 perspeximus,
821 3452 912 3516 qaam
932 3433 1092 3518 breuiffime
1115 3436 1354 3510 adnotavimus,
1377 3431 1416 3500 ὅ
1436 3435 1570 3498 Domino
1598 3435 1784 3516 Imperatori
1801 3374 1934 3519 prasen-

568 3519 665 3586 taredo
685 3517 886 3587 decrevimus,
905 3514 1053 3598 poscentes
1079 3514 1146 3598 ejus
1164 3519 1350 3580 eleneentiaee
1365 3559 1375 3589 ,
1392 3514 1493 3600 fiqne'd
1512 3515 1560 3577 lrir
1578 3519 1682 3579 minat
1694 3515 1751 3610 est,
1771 3515 1838 3601 ejas
1853 3535 1933 3599 pree·

569 3602 674 3665 dantia
683 3597 883 3681 supplentem
900 3596 1113 3681 fiqaiesecas,
1134 3616 1226 3683 qaam
1243 3600 1276 3676 le
1294 3601 1378 3664 ratio
1398 3597 1506 3667 babet,
1528 3595 1594 3680 ejus
1609 3597 1728 3681 judicto
1749 3598 1933 3676 eenendetrer.

569 3682 613 3753 Et
633 3683 666 3745 in
692 3678 815 3764 Synodi
838 3681 1037 3760 llloguntinae
1057 3681 1145 3766 supra
1166 3681 1330 3753 laudatae,
1362 3696 1434 3760 quae
1454 3678 1569 3742 eodem
1589 3698 1675 3741 anno
1706 3679 1860 3742 celebrata
1877 3679 1934 3753 est,

569 3763 782 3834 Praelatiooe:
807 3763 856 3825 De
870 3763 918 3824 leit
934 3773 1035 3829 tomen
1051 3761 1190 3828 omnibus
1207 3765 1294 3825 valde
1315 3763 1489 3843 indigemus
1500 3759 1596 3846 vesleo
1609 3757 1774 3844 ¹adjectorio
1786 3760 1935 3843 claresce
2048 3739 2074 3812 ἰ

570 3866 613 3912 na
631 3844 788 3918 doilrino,
810 3864 878 3927 qaae
894 3843 933 3910 dd
946 3866 1001 3909 nos
1009 3846 1133 3928 jugiter
1155 3844 1317 3907 admoneat
1338 3854 1428 3927 atqree
1449 3845 1601 3906 elementer
1617 3844 1759 3917 ereede‘m,
1786 3850 1937 3928 quaterue

572 3949 624 4002 eo,
647 3947 714 4011 qaae
725 3924 943 4010 paucissubter
959 3927 1199 4011 perstrinximus
1219 3925 1388 4007 Capitalis,
1407 3942 1428 3989 o
1444 3943 1479 3986 ve
1503 3940 1542 3988 ra
1560 3923 1740 3989 oafforitote
1747 3924 1934 4009 firmentare
1977 4002 1980 4007 p

574 4014 710 4088 filamen
724 4010 820 4093 oestro
838 4014 936 4089 pietas
948 4016 996 4075 ito
1015 4010 1145 4092 dignam
1161 4003 1215 4090 effe
1239 4006 1435 4078 'udiraveril,
1513 4006 1664 4089 qaidqteid
1681 4009 1715 4069 in
1732 4012 1776 4069 eir
1794 4006 1935 4070 terrenda·

575 4097 655 4158 lione
667 4096 796 4173 dignam
808 4095 980 4175 reperitur,
994 4092 1093 4175 aestro
1107 4028 1273 4174 magiriscia
1293 4090 1467 4173 imperialis
1481 4087 1620 4170 dignitas
1628 4087 1735 4171 jubeat
1747 4089 1916 4154 emendare.

628 4211 716 4272 Adde
740 4209 906 4291 Syuodum
928 4209 1146 4275 Turoneulem
1172 4208 1206 4275 in
1232 4207 1423 4276 Praeletioua
1445 4204 1479 4269 dc
1499 4204 1576 4276 Cau.
1594 4225 1645 4290 51.
1667 4204 1701 4270 dt
1723 4205 1936 4274 eabssoaeafie

580 4292 703 4358 Praesat.
719 4291 752 4354 de
765 4292 841 4357 Can.
854 4291 906 4356 66.

493 4416 531 4499 e)
555 4410 662 4474 Plures
675 4410 707 4473 id
721 4410 843 4493 Synodi
854 4385 1140 4473 ¹Francol'ordieusra
1155 4406 1208 4470 sub
1219 4405 1307 4470 Care
1318 4426 1339 4469 o
1349 4382 1401 4469 uo
1418 4404 1461 4471 M.
1477 4406 1574 4469 Anno
1587 4403 1783 4475 DCCXCIV.
1800 4407 1938 4471 celebra·

578 4505 621 4557 tra
641 4492 804 4568 Cauonea,
828 4501 956 4569 quartus
973 4493 1138 4564 videlicet,
1163 4488 1292 4561 sextus,
1312 4489 1478 4571 septimus,
1501 4485 1651 4550 nonne&
1670 4487 1809 4552 decimus
1824 4489 1939 4552 testau-

540 4625 544 4632 .
581 4588 650 4638 tur:
670 4576 789 4639 Statuit
804 4573 954 4658 piissimus
967 4574 1037 4638 Rex
1057 4571 1177 4670 noster,
1200 4571 1360 4635 Statuturre
1377 4570 1421 4634 est
1435 4591 1451 4633 a
1466 4571 1607 4636 Domino
1617 4567 1704 4649 Repe
1717 4570 1750 4635 de
1763 4568 1860 4632 lautia
1873 4568 1940 4649 Sy·

792 4652 1644 4823 ”llll-¹,²strtltllttdistillabit?
1667 4652 1731 4726 ⁸¹⁰·
1781 4650 1852 4718 ¹³⁶*
1874 4649 1939 4735 ,t

581 4762 640 4823 que
687 4761 773 4825 oque
791 4760 889 4810 vete
932 4757 997 4809 ct:
1637 4775 1648 4805 ο

513 4820 644 4916 Tereus
666 4823 715 4908 V.
1213 4812 1284 4901 ud
1308 4820 1368 4899 dd
