5017 5592
665 671 734 751 oo
754 647 885 772 June
906 657 1249 751 courrronusr
1271 667 1828 761 ruonnucrncnsacna,
1944 701 1995 780 at

871 835 896 884 ο
1044 875 1047 880 -
1156 851 1191 941 ς.
1243 843 1336 930 xv,
1671 849 1675 856 ’

625 983 812 1077 Eugeuioe
832 983 915 1054 vivia
930 1005 1008 1054 mox
1029 979 1188 1065 abeunte,
1209 974 1368 1053 successor
1385 977 1550 1051 Nicolaus
1564 984 1609 1057 V.
1632 982 1667 1054 iu
1686 987 1807 1084 primis
1830 990 1918 1060 turis
1934 985 1990 1062 ha·
2015 1013 2119 1079 maet.
2129 1015 2157 1081 A

520 1075 607 1160 buit.
627 1105 665 1152 ut
686 1079 855 1179 praedisse
873 1081 1069 1153 concordie
1084 1080 1244 1153 articulus
1263 1081 1381 1150 tertius
1398 1081 1583 1152 executioni
1600 1079 1753 1170 daretur3
1770 1082 1857 1158 mist
1874 1089 1988 1182 itaque
2001 1080 2154 1161 [chassen-

519 1180 546 1249 iu
567 1179 787 1252 Germaniam
796 1175 1006 1351 ¹ptaedissum
1029 1178 1236 1278 Carvajslcm
1260 1202 1348 1249 nunc
1368 1181 1534 1275 Joannem
1556 1181 1589 1251 8.
1611 1180 1733 1274 Augeli
1764 1184 1986 1270 eododem,
1999 1178 2157 1328 burgensis

517 1281 565 1372 qui
584 1281 619 1348 in
634 1281 743 1349 Diaeta
764 1276 1041 1373 Achaffenburgi
1060 1275 1100 1350 ab
1119 1281 1331 1377 Imperatore
1359 1272 1482 1348 insisto
1509 1285 1551 1351 Α.
1573 1301 1676 1370 ¹447·
1703 1278 1921 1379 presentibus
1948 1261 2141 1409 erffirdm‘

540 1479 818 1564 urisMoguntini
838 1477 1048 1547 Theudorici
1065 1477 1124 1569 (a)
1148 1475 1368 1547 celeberrima
1385 1473 1442 1544 issa
1464 1476 1550 1544 circa
1571 1473 1816 1551 Beneficiorum
1838 1427 2130 1576 colsano-ffiss‘fm‘

511 1596 578 1642 uem
595 1572 630 1644 dr
646 1597 781 1645 annataa
802 1574 1011 1645 Concordata
1026 1599 1101 1645 cum
1120 1575 1321 1646 Germanica
1341 1572 1491 1641 Natioue
1507 1571 1705 1666 composuit.
1738 1573 1985 1673 (i)·-Equidem

511 1669 590 1740 haud
616 1696 735 1743 omnes
753 1676 785 1742 in
810 1676 916 1744 Diaeta
939 1667 1270 1763 Aschaffeoburgensr
1288 1665 1466 1766 presentet
1495 1692 1590 1739 erant
1612 1672 1747 1752 Status,
1777 1675 1861 1768 quin
1881 1673 1985 1770 aliqui

510 1773 602 1838 etiam
617 1770 830 1842 concordatis
847 1772 913 1841 iliis
930 1766 1157 1841 contradixisse
1180 1770 1355 1849 dicuntur,
1377 1763 1513 1863 insuper
1536 1765 1689 1864 quaedam
1715 1769 1865 1843 Ecciefiae
1883 1773 1987 1869 parti·

511 1867 630 1937 toleres
650 1869 842 1940 Germaniae
857 1891 964 1939 autea
980 1890 1278 1964 noureceperunt.
1301 1887 1358 1937 aut
1377 1862 1583 1937 observantia
1602 1870 1769 1939 contraria
1792 1868 1912 1940 iisdem
1927 1868 1984 1943 de·

511 1987 685 2058 rogantum
709 1967 844 2039 interim
860 1969 1071 2039 concordata
1086 1963 1118 2037 dr
1135 1961 1378 2046 Ecclesiastico,
1397 1961 1587 2035 &Publicae
1605 1967 1744 2064 Imperii
1760 1965 1846 2062 legia
1862 1967 1984 2042 nihilo·

511 2064 610 2134 minus
627 2067 697 2135 tim
713 2064 854 2147 habere,
873 2088 971 2162 atque
986 2059 1027 2135 a'd
1042 2062 1230 2162 supremam
1246 2063 1329 2155 legis
1345 2060 1443 2157 hujus
1469 2058 1661 2136 Custodiam
1680 2062 1844 2140 cesarem
1855 2063 1896 2139 ab
1910 2065 1987 2142 Ele·

513 2155 650 2236 dotibus
672 2164 706 2234 in
728 2163 974 2260 capitulatione
989 2159 1147 2256 adssringi
1167 2184 1285 2233 notum
1306 2156 1352 2231 est
1376 2156 1546 2236 omnibus.

544 2294 602 2379 (a)
622 2294 888 2361 Gonrnrnur
908 2295 929 2359 s.
948 2295 999 2359 rit.
1021 2314 1054 2379 p.
1070 2314 1120 2377 14.
1153 2292 1353 2368 Jonntrts
1376 2294 1428 2357 sor.
1449 2294 1499 2356 tis.
1521 2290 1563 2357 N.
1581 2310 1629 2356 11.
1657 2292 1840 2360 Miserere
1859 2295 1913 2362 sot.
1934 2298 1986 2363 cis.

532 2441 534 2446 .
668 2395 751 2443 .2.
794 2426 802 2444 .
838 2426 847 2444 .

545 2491 597 2575 (s)
610 2395 746 2558 ἴκειηῖῑ
765 2389 870 2576 gessur
886 2455 968 2582 apud
992 2497 1243 2566 Muranum
1265 2498 1330 2564 loc.
1354 2497 1408 2562 eit.
1428 2493 1463 2560 ἂ
1482 2494 1567 2562 alibi.
1610 2471 1702 2557 Burri
1722 2466 1986 2566 eonfirortiousr

609 2595 684 2724 ἕνα
703 2578 838 2661 incipit:
860 2581 903 2644 aas
914 2580 1052 2683 suasam:
1071 2581 1105 2648 ἃ
1117 2581 1393 2682 concordatorum
1419 2580 1550 2643 nomine
1575 2575 1769 2675 potissimum
1787 2582 1879 2649 venit
1899 2581 1995 2670 apudr

645 2679 926 2728 uenuntnurr
948 2675 1003 2733 ert.
1025 2677 1109 2731 anter
1128 2663 1235 2731 Bullas
1253 2663 1380 2730 Nrcolaa
1396 2659 1437 2728 V.
1452 2659 1497 2725 est
1515 2658 1626 2724 ordroe
1647 2677 1727 2726 ιω.

1141 2803 1174 2907 a.
1223 2805 1342 2879 xvr.

616 2929 693 3006 1³0st
716 2931 943 3021 concordata,
968 2966 1042 3038 quae
1059 2935 1159 3037 super
1181 2936 1373 3012 manserunt
1394 2934 1489 3017 litet,
1508 2934 1563 3027 (a)
1586 2929 1637 3005 ves
1660 2931 1701 3003 ad
1719 2931 1865 3005 Comitia
1885 2929 1985 3030 plene
2009 2981 2058 3048 De
2080 2981 2157 3047 effi

517 3029 750 3118 ron„.ve1s1ne
771 3034 894 3108 effetha
912 3029 1026 3111 delatae
1043 3036 1132 3121 sunt,
1160 3038 1215 3129 (b)
1237 3037 1390 3131 adeoque
1411 3034 1517 3131 hujus!
1533 3033 1597 3126 ioci
1621 3054 1686 3102 non
1706 3026 1791 3105 sunt.
1842 3032 1918 3104 Asia
1934 3056 1982 3103 ta·
1996 3003 2157 3130 σπερῶ

513 3147 677 3201 mentone
691 3135 791 3204 etiam
809 3139 961 3227 Negotia
981 3134 1199 3209 Ecciefiassica
1214 3137 1370 3208 Comitiis
1386 3134 1560 3204 materiam
1577 3128 1760 3224 prebuere.
1807 3127 1983 3227 Depositio
1996 3143 2097 3211 susum

465 3309 466 3328 χ
512 3225 659 3299 monheri
683 3231 974 3331 Archi-Episcopi
1000 3239 1211 3327 Mogontiui‚
1231 3257 1332 3332 quam
1356 3231 1501 3328 probare
1525 3226 1912 3325 videbatutsmperator
1933 3251 1977 3301 tu·
1992 3233 2126 3330 (ierant-

511 3343 565 3396 tam
583 3328 807 3402 Germaniam
824 3334 857 3402 iu
873 3357 984 3429 partes
1001 3338 1115 3415 traxit,
1140 3337 1173 3404 in
1190 3355 1254 3429 qua
1271 3354 1414 3402 nontam
1432 3329 1474 3400 de
1492 3325 1653 3423 Adolpho
1668 3348 1704 3394 ac
1723 3326 1891 3399 Diethero
1907 3350 1967 3421 age
1993 3311 2157 3413 ΨΜ

465 3433 466 3440 ’
511 3417 622 3506 satur,
649 3450 751 3522 quam
774 3428 815 3501 de
844 3428 1015 3503 Pontificio
1037 3432 1069 3503 dr
1094 3432 1267 3528 imperiali
1290 3429 1523 3508 Auritoritate,
1554 3448 1655 3522 quam
1678 3417 1780 3495 fassio
1804 3425 1907 3497 altera
1921 3449 1979 3520 op·
1993 3396 2157 3543 fflffl*

509 3522 696 3615 pugnabat,
722 3524 824 3598 altera
850 3527 1007 3601 asserebat
1032 3529 1084 3628 (c)
1110 3529 1240 3602 summo
1263 3531 1313 3598 rei
1341 3527 1552 3617 Mogontinae
1582 3524 1715 3594 damno.
1780 3526 1859 3595 Huc
1880 3526 1981 3595 etiam
2135 3522 2146 3544 ⁰

511 3625 674 3713 pertinent
696 3623 789 3695 causa
804 3626 941 3700 decimae
960 3627 1128 3700 redituum
1149 3627 1320 3699 sacrorum
1341 3630 1373 3695 iu
1396 3622 1521 3693 bellum
1541 3624 1727 3691 Tutcicum
1750 3619 1983 3713 impendenda

511 3718 541 3788 rd
561 3723 710 3793 Comitia
729 3723 847 3797 delata.
875 3731 931 3821 (d)
958 3725 1061 3799 Causa
1078 3750 1243 3799 attentatae
1268 3718 1483 3820 depastionis
1505 3718 1609 3789 Archi
1638 3713 1793 3814 Episcopi
1821 3719 1985 3792 Saliabur·
2036 3713 2041 3725 ’

512 3813 609 3906 genss
623 3824 766 3917 Joaunis
783 3822 826 3895 ob
839 3824 1038 3918 denegatum
1055 3825 1197 3922 spolium
1216 3817 1433 3921 supeisessilis
1451 3811 1598 3887 defundi
1616 3812 1908 3915 Archi-Episcopi
1925 3817 1983 3917 (e)

513 3916 740 3992 Controversia
759 3920 1009 4018 Juriadisiiouis
1032 3921 1280 4007 Ecclesrassicae,
1305 3944 1407 4016 quam
1434 3919 1575 3987 nimium
1598 3911 1728 3984 extendi
1749 3915 1885 4010 quidam
1899 3940 1982 4012 que·

467 4019 474 4028 '
512 4011 663 4088 rebantur
680 4020 714 4088 in'
733 4023 888 4093 comitiis
908 4018 1177 4094 Lindaviensrbus
1196 4028 1235 4092 A.
1259 4026 1364 4107 1496.
1388 4017 1421 4089 dr
1443 4038 1544 4109 1497·
1574 4015 1633 4105 (f)
1656 4007 1785 4082 Abusus
1799 4014 1879 4084 item
1894 4040 1983 4111 quae·

512 4107 758 4198 siciniorum,
779 4118 820 4191 de
847 4120 967 4216 quibus
988 4125 1022 4193 in
1038 4122 1156 4191 iisdem
1178 4123 1336 4192 Comitiis
1361 4114 1588 4193 conventum,
1614 4135 1655 4180 ne
1677 4111 1772 4180 nimii
1795 4115 1983 4186 terminorii

513 4229 561 4280 tut
575 4209 758 4287 stationarii
773 4222 931 4310 regiones
952 4243 1194 4316 pervagentur,
1216 4218 1342 4312 aliique
1367 4212 1483 4285 abusus
1505 4211 1769 4282 committantur.
1793 4206 1850 4307 (g)
1877 4210 1983 4285 Causa

513 4311 581 4416 novi
602 4307 784 4386 schismatis
800 4338 952 4417 tempore
967 4309 1187 4391 Conciliabuli
1208 4312 1319 4387 Pisoni
1336 4308 1542 4409 praecivendi
1558 4306 1620 4379 dte.
1648 4307 1708 4401 (b)
1859 4325 1870 4342 ⁴

545 4441 583 4525 ι)
604 4441 683 4530 Legi
706 4447 832 4532 possunt
854 4449 915 4518 hro
936 4451 1076 4535 superte
1097 4449 1222 4515 Martini
1245 4448 1368 4529 Mayeti
1392 4442 1577 4507 Cancellarii
1599 4441 1747 4527 Magone.
1767 4451 1889 4505 mutuae
1911 4460 1984 4507 cum

614 4527 719 4593 AEnea
735 4533 852 4616 Sylvio
867 4534 983 4602 littetae
1003 4535 1170 4619 ptaesertim
1187 4529 1379 4613 Responsum
1398 4526 1494 4610 hujus
1516 4527 1553 4587 ad
1572 4524 1761 4588 Gravamina
1783 4523 1897 4587 uosttae
1915 4524 1985 4588 Na·

612 4614 716 4677 tionis
730 4619 765 4679 ἐκ
786 4615 883 4683 staff.
906 4621 943 4683 se
957 4623 1038 4691 ritu,
1070 4627 1135 4694 rsa,
1159 4612 1222 4685 &a
1250 4613 1448 4688 Germania,
1474 4615 1694 4692 excetptoura
1713 4605 1843 4672 Bzovio
1862 4607 1983 4672 Annos.
2076 4695 2092 4707 ,

614 4695 979 4846 ΙΕιιὶοί.1ὀιιι.ιε.ἰρετς“.
1055 4748 1065 4770 .
1256 4788 1286 4859 F
1311 4809 1335 4863 β
1874 4750 1985 4839 uvea

512 1398 601 1543 parte
611 1360 750 1448 casaria
765 1382 871 1449 AEnea
888 1377 1021 1474 sylvio,
1043 1373 1334 1476 &jurisconsulto
1356 1377 1556 1467 Hartuogo‚
1578 1399 1682 1472 opera
1704 1378 1889 1474 presertim
1911 1381 1984 1456 Ele·
