5017 5592
506 660 578 736 144
945 599 1528 716 brssrn‘rnrro

386 876 390 884 ,
506 814 653 888 solennia
673 812 859 899 exulcerem
880 814 971 910 quod
990 840 1065 888 cum
1080 814 1124 887 ob
1139 813 1244 900 bella,
1260 816 1356 909 queis
1378 815 1575 907 Hungorio,
1597 815 1831 890 Germania&
1855 818 1935 889 univ

506 913 580 986 lum
602 917 790 1009 Imperium
808 914 1038 998 inundabant,
1063 915 1103 986 nb
1121 939 1189 985 uno
1206 916 1238 983 in
1266 914 1357 998 eliud
1381 937 1513 1008 ternpus
1536 912 1676 1004 dilatum
1700 909 1820 1000 fuerit,
1844 921 1935 1016 Leop

507 1013 570 1083 dus
594 1011 812 1083 nihilominus
836 1013 1014 1108 primarias
1038 1036 1177 1111 precer,
1192 1036 1273 1083 .non
1292 1015 1508 1107 imperrnron
1532 1008 1608 1081 sede
1630 1010 1822 1109 Apostolice
1843 1015 1935 1089 indul

502 1111 545 1183 nd
565 1109 949 1182 collororea·Germeniae
967 1113 1105 1193 direxit,
1123 1108 1178 1181 sed
1193 1093 1404 1205 opinioned‘r
1425 1107 1613 1181 testimonio
1633 1111 1782 1203 Oligcnii
1809 1114 1848 1206 b)
1873 1113 1935 1185 adn

433 1286 437 1294 ,
503 1207 584 1280 dum
601 1200 1006 1304 perceeojureusurest.
1061 1213 1182 1282 Comes
1198 1206 1417 1300 Lambergius
1432 1229 1503 1278 turn
1518 1207 1682 1305 Leopoldi
1702 1211 1935 1305 principalisl

502 1303 605 1377 nister
623 1329 687 1403 pro
701 1305 833 1377 indulto
849 1302 1001 1399 singulari
1020 1306 1052 1378 dr
1069 1332 1132 1404 pro
1147 1331 1215 1378 uno
1235 1310 1440 1378 canonicatu
1463 1305 1717 1396 salisburgensis
1739 1308 1935 1404 Ecclefim

505 1428 575 1501 quo
591 1405 625 1474 in
642 1398 793 1476 fororem
810 1400 870 1474 filii
910 1401 1134 1476 romillionem
1152 1411 1338 1501 primorum
1356 1427 1494 1500 precum
1510 1428 1527 1472 n
1545 1401 1672 1475 Caesore
1689 1403 1897 1489 obtinuerat,
1913 1407 1935 1478 st

532 1503 662 1583 licerit,
685 1498 739 1572 sed
755 1429 950 1596 responssrnr
973 1502 1070 1584 tulit,
1095 1500 1164 1574 sedi
1186 1498 1386 1597 Apostolicae
1410 1526 1476 1572 non
1500 1497 1562 1572 esse
1586 1503 1618 1571 in
1640 1526 1735 1572 more
1761 1502 1922 1600 positum.

504 1526 672 1691 sigillatim
693 1598 888 1691 indulgere,
909 1595 1084 1674 utconssct
1105 1625 1145 1675 ex
1166 1597 1315 1697 epistolis
1336 1599 1452 1673 ltrliee
1475 1598 1631 1697 scriptia,
1659 1595 1733 1697 qu'ae
1758 1602 1848 1700 opud
1872 1603 1935 1692 Oli

423 1717 427 1722 ·
505 1702 600 1770 nium
622 1717 731 1770 extant
759 1703 803 1790 r).

547 1865 586 1949 a)
602 1864 793 2013 Ptepppppnem
806 1866 934 1934 Caesarir
951 1867 1122 1936 Cardinrlir
1133 1869 1172 1934 de
1184 1867 1289 1934 Hassra
1310 1867 1349 1931 ad
1366 1867 1582 1932 Alexndrum
1604 1865 1715 1950 Papam
1733 1864 1783 1931 hia
1803 1866 1927 1932 verbio·

505 2133 507 2142 ,
591 2065 854 2149 '‘L'lmperrdore
881 2068 947 2132 rnio
966 2069 1091 2149 signore
1107 2066 1150 2132 sm
1169 2069 1220 2131 dal
1238 2069 1395 2151 principio
1416 2110 1426 2141 ,
1458 2066 1517 2131 che
1534 2065 1568 2130 sir
1594 2065 1696 2129 eletto
1716 2062 1762 2125 Re
1781 2061 1832 2126 de’
1841 2061 1935 2128 Roma

623 2151 701 2211 ebbe
716 2150 833 2232 sempre
849 2159 901 2213 un’
917 2151 1129 2213 ardentissimo
1146 2150 1298 2214 deliderio
1313 2151 1343 2213 di
1360 2151 1506 2212 mandare
1520 2152 1536 2211 d
1555 2148 1655 2211 Roma
1673 2150 1725 2208 un‘
1746 2145 1935 2209 Ambascied

624 2232 656 2294 di
675 2231 891 2306 Ubbidienzn‚
913 2234 965 2296 col
986 2252 1103 2296 rnezzo
1124 2234 1174 2295 del
1196 2234 1289 2314 quale
1307 2231 1482 2314 impetrasse
1497 2232 1596 2294 anche
1614 2232 1644 2293 la
1665 2228 1826 2290 conferma
1838 2228 1924 2292 della

621 2314 781 2380 elezione.
800 2364 809 2381 .
830 2360 839 2377 .
860 2316 910 2380 nl·
938 2330 1057 2397 quanto
1078 2317 1235 2379 l’accende
1256 2321 1272 2379 rt
1300 2318 1348 2378 cib
1364 2316 1504 2398 eleguire
1521 2315 1549 2376 la
1566 2313 1615 2376 sur
1636 2309 1870 2394 fingolrrillirna
1894 2311 1935 2393 pir

624 2396 796 2459 eltretanto
815 2399 845 2460 la
863 2400 942 2461 riten
970 2416 1036 2458 ono
1055 2398 1085 2460 le
1103 2399 1256 2460 continue
1291 2398 1434 2461 erlomltt
1460 2397 1606 2478 detempi
1628 2410 1745 2478 troppo
1773 2405 1852 2472 note
1870 2394 1888 2454 a
1904 2403 1935 2455 tn

624 2478 648 2539 Ρ
663 2476 816 2562 Europa,
850 2497 917 2540 nnn
939 2500 956 2540 c
981 2499 999 2542 e
1018 2481 1035 2541 d
1058 2480 1163 2542 vostra
1186 2479 1384 2542 Beatitudine
1407 2493 1497 2541 tanto
1520 2477 1706 2549 informata,
1732 2479 1764 2539 in
1783 2473 1843 2536 che
1862 2474 1935 2538 stat<

538 2626 544 2636 ,
625 2567 722 2622 trova
744 2577 800 2621 ora
817 2559 846 2621 la
862 2560 1028 2624 Germania
1044 2562 1126 2623 circa
1142 2562 1172 2624 le
1191 2561 1263 2624 cose
1280 2580 1344 2622 non
1367 2560 1537 2624 solamente
1557 2558 1730 2642 politiclre,
1754 2577 1803 2618 ma
1819 2556 1901 2620 della
1917 2576 1935 2618 r·

627 2644 726 2723 gione
744 2641 920 2714 Cattolica.
940 2640 963 2704 fi
985 2640 1199 2706 miseramente
1214 2644 1348 2706 lacerata
1369 2642 1401 2703 dr
1422 2644 1603 2724 impugnata
1621 2641 1704 2724 dagli
1721 2639 1837 2702 Eretici
1854 2640 1935 2702 edin

627 2724 708 2796 deli,
732 2725 858 2807 dsegno
874 2724 1011 2788 thenon
1028 2726 1063 2787 ri
1083 2725 1198 2788 vedere
1217 2725 1268 2787 sua
1289 2724 1419 2795 blaestd,
1449 2745 1542 2787 come
1561 2722 1646 2806 posse
1672 2722 1717 2784 tri
1736 2723 1765 2784 le
1789 2721 1935 2784 turbolen

628 2805 710 2869 dalle
726 2809 810 2888 quali
833 2806 854 2870 li
873 2804 1035 2869 essorbisce
1062 2807 1244 2870 uu’insrnita
1267 2807 1297 2869 dl
1318 2806 1421 2889 spese,
1453 2806 1569 2888 palesar
1596 2825 1658 2867 con
1677 2805 1704 2867 la
1726 2806 1849 2867 dovutn
1875 2823 1935 2887 pou

628 2889 712 2951 d'un'
731 2888 974 2952 Ambasciadore
989 2888 1012 2950 il
1029 2886 1393 2970 Zelofilsrrnoossequio,
1414 2888 1473 2951 che
1488 2888 1580 2961 deve,
1597 2908 1615 2950 e
1631 2899 1721 2965 porta
1737 2889 1753 2949 d
1768 2885 1874 2949 vostra
1888 2884 1935 2951 Sar

623 2970 672 3043 tl,
695 2969 855 3034 verissimo
869 2970 997 3036 Vicario
1012 2971 1044 3033 di
1062 2969 1171 3035 Cristo.
1196 3011 1206 3034 .
1227 3019 1235 3035 .
1256 3017 1265 3035 .
1314 2970 1371 3034 Cib
1387 2969 1533 3042 essendo,
1557 2969 1737 3034 Bertiliimo
1757 2966 1871 3042 Prdre,
1902 2989 1922 3031 e

624 3052 677 3114 sua
691 3051 804 3115 Maesta
823 3052 950 3116 Cesarea
970 3054 1066 3117 viene
1082 3052 1327 3135 impossibilitate
1340 3055 1371 3117 di
1386 3063 1584 3118 trasmettere
1597 3058 1650 3116 un‘
1668 3053 1751 3115 nlt'ro
1768 3049 1935 3114 Ambascin

627 3151 662 3196 re
677 3133 915 3209 straordimrio,
935 3154 1027 3197 corne
1043 3136 1065 3198 il
1084 3135 1227 3200 Cordinnl
1241 3137 1270 3198 d'
1282 3133 1363 3200 Asfi·
1379 3137 1396 3198 d
1411 3157 1506 3200 nome
1516 3138 1547 3199 di
1559 3136 1609 3198 sua
1626 3133 1737 3198 Maesti
1753 3152 1792 3196 ne
1809 3132 1841 3196 sd
1850 3133 1935 3198 river

628 3227 662 3278 te
676 3215 876 3280 attestatione
894 3218 910 3280 l
925 3216 1032 3280 vostra
1046 3220 1184 3292 bentitd;
1203 3239 1221 3280 e
1242 3219 1301 3282 che
1314 3220 1508 3282 nondimeno
1525 3217 1648 3281 sorebbe
1664 3218 1695 3280 di
1712 3226 1798 3280 tanta
1814 3216 1935 3300 import

526 3393 539 3416 .
628 3294 1935 3463 :iturorumr,⁶lt:ornnitrienrescierint<

629 3482 680 3528 ma
695 3463 855 3545 prudenza
869 3464 901 3528 di
915 3463 1019 3527 vostre
1032 3464 1231 3528 beatitudine
1251 3464 1432 3527 dritlettere
1449 3467 1691 3546 benignamente
1709 3461 1877 3544 danlche
1897 3483 1935 3546 pa

631 3547 721 3610 colar
735 3548 836 3611 modo
851 3548 882 3611 di
894 3546 1090 3612 conformare
1103 3548 1131 3610 ln
1146 3548 1232 3609 detta
1245 3548 1393 3610 elenione
1405 3545 1531 3610 Cesnrea
1544 3566 1598 3627 per
1611 3546 1730 3617 Breve,
1754 3546 1772 3608 ὁ
1789 3546 1821 3608 in
1835 3546 1916 3609 altra
1929 3567 1936 3610 r

631 3632 717 3700 niera
733 3625 796 3695 &n
813 3671 835 3703 „
879 3629 928 3692 lte
946 3629 1041 3693 refert
1059 3629 1227 3713 Oligenius
1239 3633 1292 3694 cit.
1308 3628 1433 3694 Dissert.
1451 3637 1478 3704 t.
1495 3630 1593 3693 lxx.
1607 3649 1637 3711 p.
1653 3648 1722 3707 104.
1739 3624 1773 3689 δι
1793 3647 1865 3712 ¹05·

560 3748 594 3833 st)
616 3744 704 3809 Idem
723 3765 793 3827 pag.
811 3765 880 3810 110.
896 3747 938 3810 itn
952 3744 1079 3810 disserit.
1137 3752 1157 3785 ‘⁴
1169 3745 1292 3836 Scimus
1311 3746 1345 3810 dr
1364 3748 1463 3830 palam
1475 3746 1538 3820 est,
1561 3747 1646 3828 quod
1661 3745 1852 3809 affirmamur
1874 3746 1935 3809 int

632 3827 720 3890 versa
740 3829 927 3896 Germania,
950 3848 1021 3890 eum
1039 3828 1291 3906 Augustirlimurn
1305 3831 1531 3914 imperatorem
1550 3830 1578 3891 se
1593 3828 1767 3894 abstinuisse
1781 3827 1935 3911 abhiseep

632 3910 721 3974 cibus
742 3910 941 3994 porrigendis
961 3911 1102 3991 pluribus
1124 3921 1218 3991 etque
1237 3913 1377 3993 pluribus
1401 3912 1578 3976 ordinariis.
1641 3913 1788 3975 Coloniae
1807 3912 1935 3994 Agrippi

631 3992 1013 4076 praeterllletropolitanae
1028 3989 1175 4055 Ecclesiae
1186 3991 1417 4059 illustriffimum
1433 3991 1613 4078 Capitulum
1635 3995 1722 4078 plura
1741 3992 1810 4057 sunt
1825 3991 1935 4077 insrgni

623 4075 878 4156 ‚collegiatarum
904 4072 1065 4154 capitula,
1097 4074 1134 4134 ad
1159 4094 1230 4158 qnae
1249 4079 1351 4139 nullae
1368 4076 1566 4158 tLeopoldo
1586 4096 1696 4160 precer
1715 4073 1891 4159 pervenisse
1908 4095 1935 4139 ‘o

634 4154 702 4220 stat.
744 4155 792 4217 De
809 4156 878 4219 aliirr
900 4155 1042 4237 plurimis
1059 4174 1124 4216 non
1147 4157 1324 4239 loquimur,
1349 4178 1421 4221 cunr
1441 4158 1514 4221 sotir
1529 4158 1725 4223 manifestum
1747 4156 1799 4231 fir,
1833 4176 1929 4240 parce

630 4239 691 4299 min
706 4233 903 4319 Leopoldum
917 4238 1061 4320 precibus
1076 4237 1181 4313 usum,
1205 4240 1291 4320 quod
1310 4243 1337 4303 la
1357 4244 1479 4324 optime
1497 4241 1587 4304 sciret
1601 4242 1665 4305 fine
1684 4241 1811 4306 indulto
1830 4239 1935 4323 apost*

631 4336 673 4381 co
687 4316 863 4382 Germanos
875 4321 1040 4385 Antistiter
1053 4320 1087 4384 dr
1104 4322 1224 4405 inclyta
1238 4321 1383 4405 Capitula
1405 4342 1470 4385 nou
1487 4324 1531 4386 ita
1551 4323 1644 4388 facile
1660 4324 1721 4388 suin
1742 4321 1889 4406 precibus
1902 4325 1935 4386 ol

630 4411 752 4465 cuturn
795 4400 867 4463 lmo
883 4414 1079 4483 compertum
1092 4403 1152 4480 est,
1172 4404 1279 4488 plurer
1293 4418 1389 4488 atque
1401 4406 1506 4489 plures
1524 4407 1700 4491 imperirles
1714 4406 1874 4490 leopoldi
1885 4424 1935 4490 pre

634 4501 755 4547 vacuae
772 4484 810 4545 ad
828 4486 961 4547 eundem
975 4483 1104 4551 rediisse.
1120 4527 1141 4561 „

520 4699 528 4724 I
562 4600 596 4689 ι)
617 4600 691 4675 Vid.
706 4600 789 4689 apud
801 4601 936 4672 eundern
947 4605 1001 4671 eit.
1014 4602 1137 4674 Diliert.
1150 4607 1184 4690 5.
1203 4602 1320 4674 LXXI.
1333 4624 1367 4692 p.
1383 4603 1453 4672 106.
1469 4622 1539 4690 107.
1556 4602 1590 4670 dr
1602 4604 1687 4692 seqq.

1802 4728 1833 4820 i.
1858 4725 1935 4804 XX*
