<?xml version="1.0" encoding="UTF-8"?>
<!DOCTYPE html PUBLIC "-//W3C//DTD XHTML 1.0 Transitional//EN"
    "http://www.w3.org/TR/xhtml1/DTD/xhtml1-transitional.dtd">
<html xmlns="http://www.w3.org/1999/xhtml" xml:lang="en" lang="en">
 <head>
  <title>
</title>
<meta http-equiv="Content-Type" content="text/html;charset=utf-8" />
  <meta name='ocr-system' content='tesseract 3.04.00' />
  <meta name='ocr-capabilities' content='ocr_page ocr_carea ocr_par ocr_line ocrx_word'/>
</head>
<body>
  <div class='ocr_page' id='page_1' title='image "./thesavrvsivrise01schmgoog_0482.png"; bbox 0 0 5017 5592; ppageno 0'>
   <div class='ocr_carea' id='block_1_1' title="bbox 767 625 2014 798">
    <p class='ocr_par' dir='ltr' id='par_1_1' title="bbox 767 625 2014 798">
     <span class='ocr_line' id='line_1_1' title="bbox 767 625 2014 798; baseline 0.006 -46"><span class='ocrx_word' id='word_1_1' title='bbox 767 671 839 752; x_wconf 86' lang='lat' dir='ltr'>oa:</span> <span class='ocrx_word' id='word_1_2' title='bbox 861 672 1161 752; x_wconf 76' lang='lat' dir='ltr'>invocaris</span> <span class='ocrx_word' id='word_1_3' title='bbox 1189 625 1620 798; x_wconf 56' lang='lat' dir='ltr'>accirsinsricis(</span> <span class='ocrx_word' id='word_1_4' title='bbox 1833 705 1905 778; x_wconf 82' lang='lat'>471</span> <span class='ocrx_word' id='word_1_5' title='bbox 2011 647 2014 652; x_wconf 76' lang='grc'><strong>’</strong></span> 
     </span>
    </p>
   </div>
   <div class='ocr_carea' id='block_1_2' title="bbox 545 850 1907 1020">
    <p class='ocr_par' dir='ltr' id='par_1_2' title="bbox 545 850 1907 1020">
     <span class='ocr_line' id='line_1_2' title="bbox 545 850 1907 942; baseline 0.001 -24"><span class='ocrx_word' id='word_1_6' title='bbox 545 853 624 918; x_wconf 80' lang='lat' dir='ltr'>facit</span> <span class='ocrx_word' id='word_1_7' title='bbox 639 853 760 935; x_wconf 85' lang='lat' dir='ltr'>judicio</span> <span class='ocrx_word' id='word_1_8' title='bbox 775 853 1021 932; x_wconf 73' lang='lat' dir='ltr'>Religiosissimae</span> <span class='ocrx_word' id='word_1_9' title='bbox 1040 850 1183 937; x_wconf 86' lang='lat' dir='ltr'>Synodi,¹</span> <span class='ocrx_word' id='word_1_10' title='bbox 1201 853 1308 934; x_wconf 76' lang='lat' dir='ltr'>liquis</span> <span class='ocrx_word' id='word_1_11' title='bbox 1331 853 1425 920; x_wconf 85' lang='lat' dir='ltr'>semel</span> <span class='ocrx_word' id='word_1_12' title='bbox 1442 855 1583 937; x_wconf 80' lang='lat' dir='ltr'>judicata</span> <span class='ocrx_word' id='word_1_13' title='bbox 1598 876 1635 920; x_wconf 84' lang='lat' dir='ltr'>ae</span> <span class='ocrx_word' id='word_1_14' title='bbox 1654 853 1738 921; x_wconf 71' lang='lat' dir='ltr'>teste</span> <span class='ocrx_word' id='word_1_15' title='bbox 1759 855 1907 942; x_wconf 82' lang='lat' dir='ltr'>disposita</span> 
     </span>
     <span class='ocr_line' id='line_1_3' title="bbox 545 937 1353 1020; baseline 0.004 -21"><span class='ocrx_word' id='word_1_16' title='bbox 545 938 718 1002; x_wconf 81' lang='lat' dir='ltr'>revolvere</span> <span class='ocrx_word' id='word_1_17' title='bbox 737 938 770 999; x_wconf 75' lang='lat' dir='ltr'>dt</span> <span class='ocrx_word' id='word_1_18' title='bbox 786 939 912 1019; x_wconf 85' lang='lat' dir='ltr'>publice</span> <span class='ocrx_word' id='word_1_19' title='bbox 932 937 1088 1020; x_wconf 86' lang='lat' dir='ltr'>disputate</span> <span class='ocrx_word' id='word_1_20' title='bbox 1108 940 1274 1001; x_wconf 86' lang='lat' dir='ltr'>contendit</span> <span class='ocrx_word' id='word_1_21' title='bbox 1290 937 1353 1003; x_wconf 77' lang='lat' dir='ltr'>dcc.</span> 
     </span>
    </p>
   </div>
   <div class='ocr_carea' id='block_1_3' title="bbox 547 1053 1912 1272">
    <p class='ocr_par' dir='ltr' id='par_1_3' title="bbox 547 1053 1912 1272">
     <span class='ocr_line' id='line_1_4' title="bbox 606 1053 1059 1139; baseline 0.007 -20"><span class='ocrx_word' id='word_1_22' title='bbox 606 1053 724 1122; x_wconf 81' lang='lat' dir='ltr'>Baton.</span> <span class='ocrx_word' id='word_1_23' title='bbox 740 1058 869 1122; x_wconf 74' lang='lat' dir='ltr'>adarim</span> <span class='ocrx_word' id='word_1_24' title='bbox 887 1076 961 1139; x_wconf 83' lang='lat'><strong>452.</strong></span> <span class='ocrx_word' id='word_1_25' title='bbox 980 1078 1012 1122; x_wconf 88' lang='lat' dir='ltr'>ii.</span> <span class='ocrx_word' id='word_1_26' title='bbox 1028 1077 1059 1137; x_wconf 79' lang='lat'>3.</span> 
     </span>
     <span class='ocr_line' id='line_1_5' title="bbox 547 1171 1912 1272; baseline 0.004 -26"><span class='ocrx_word' id='word_1_27' title='bbox 547 1178 623 1249; x_wconf 86' lang='lat' dir='ltr'>XX.</span> <span class='ocrx_word' id='word_1_28' title='bbox 655 1181 698 1247; x_wconf 87' lang='lat' dir='ltr'>Et</span> <span class='ocrx_word' id='word_1_29' title='bbox 721 1181 872 1272; x_wconf 87' lang='lat' dir='ltr'>quamvis</span> <span class='ocrx_word' id='word_1_30' title='bbox 894 1172 1185 1249; x_wconf 79' lang='lat' dir='ltr'>christianissimus</span> <span class='ocrx_word' id='word_1_31' title='bbox 1207 1177 1366 1272; x_wconf 80' lang='lat' dir='ltr'>Princeps</span> <span class='ocrx_word' id='word_1_32' title='bbox 1387 1198 1464 1246; x_wconf 90' lang='lat' dir='ltr'>cuni</span> <span class='ocrx_word' id='word_1_33' title='bbox 1485 1171 1633 1270; x_wconf 81' lang='lat' dir='ltr'>Augusta</span> <span class='ocrx_word' id='word_1_34' title='bbox 1657 1172 1800 1272; x_wconf 83' lang='lat' dir='ltr'>conjuge</span> <span class='ocrx_word' id='word_1_35' title='bbox 1823 1176 1912 1252; x_wconf 84' lang='lat' dir='ltr'>inter</span> 
     </span>
    </p>
   </div>
   <div class='ocr_carea' id='block_1_4' title="bbox 492 1271 2048 1373">
    <p class='ocr_par' dir='ltr' id='par_1_4' title="bbox 492 1271 2048 1373">
     <span class='ocr_line' id='line_1_6' title="bbox 492 1271 2048 1373; baseline 0.003 -30"><span class='ocrx_word' id='word_1_36' title='bbox 492 1298 546 1345; x_wconf 87' lang='lat' dir='ltr'>res</span> <span class='ocrx_word' id='word_1_37' title='bbox 567 1275 749 1371; x_wconf 87' lang='lat' dir='ltr'>Synodales</span> <span class='ocrx_word' id='word_1_38' title='bbox 772 1275 977 1359; x_wconf 58' lang='lat' dir='ltr'>confiderem</span> <span class='ocrx_word' id='word_1_39' title='bbox 1002 1277 1084 1345; x_wconf 90' lang='lat' dir='ltr'>nihil</span> <span class='ocrx_word' id='word_1_40' title='bbox 1104 1299 1212 1346; x_wconf 89' lang='lat' dir='ltr'>tamen</span> <span class='ocrx_word' id='word_1_41' title='bbox 1229 1271 1295 1346; x_wconf 86' lang='lat' dir='ltr'>sese</span> <span class='ocrx_word' id='word_1_42' title='bbox 1311 1271 1513 1346; x_wconf 86' lang='lat' dir='ltr'>immiscuit:</span> <span class='ocrx_word' id='word_1_43' title='bbox 1539 1275 1771 1370; x_wconf 86' lang='lat' dir='ltr'>interpellatus</span> <span class='ocrx_word' id='word_1_44' title='bbox 1785 1273 1907 1373; x_wconf 83' lang='lat' dir='ltr'>sepius</span> <span class='ocrx_word' id='word_1_45' title='bbox 1948 1307 1953 1314; x_wconf 92' lang='lat'>·</span> <span class='ocrx_word' id='word_1_46' title='bbox 2042 1273 2048 1280; x_wconf 74' lang='grc'><strong>’</strong></span> 
     </span>
    </p>
   </div>
   <div class='ocr_carea' id='block_1_5' title="bbox 492 1371 1913 1470">
    <p class='ocr_par' dir='ltr' id='par_1_5' title="bbox 492 1371 1913 1470">
     <span class='ocr_line' id='line_1_7' title="bbox 492 1371 1913 1470; baseline 0.004 -29"><span class='ocrx_word' id='word_1_47' title='bbox 492 1375 566 1454; x_wconf 86' lang='lat' dir='ltr'>eis,</span> <span class='ocrx_word' id='word_1_48' title='bbox 588 1398 732 1467; x_wconf 88' lang='lat' dir='ltr'>quorum</span> <span class='ocrx_word' id='word_1_49' title='bbox 758 1372 917 1446; x_wconf 76' lang='lat' dir='ltr'>doslrine</span> <span class='ocrx_word' id='word_1_50' title='bbox 947 1371 1179 1469; x_wconf 85' lang='lat' dir='ltr'>disquisitione¹</span> <span class='ocrx_word' id='word_1_51' title='bbox 1197 1374 1284 1442; x_wconf 85' lang='lat' dir='ltr'>lacta</span> <span class='ocrx_word' id='word_1_52' title='bbox 1308 1372 1597 1454; x_wconf 66' lang='lat' dir='ltr'>examinabantur,</span> <span class='ocrx_word' id='word_1_53' title='bbox 1624 1397 1793 1470; x_wconf 87' lang='lat' dir='ltr'>nunquam</span> <span class='ocrx_word' id='word_1_54' title='bbox 1811 1377 1913 1445; x_wconf 87' lang='lat' dir='ltr'>inter·</span> 
     </span>
    </p>
   </div>
   <div class='ocr_carea' id='block_1_6' title="bbox 493 1465 2050 1568">
    <p class='ocr_par' dir='ltr' id='par_1_6' title="bbox 493 1453 2095 1568">
     <span class='ocr_line' id='line_1_8' title="bbox 493 1465 2050 1568; baseline 0.004 -28"><span class='ocrx_word' id='word_1_55' title='bbox 493 1474 528 1540; x_wconf 94' lang='lat' dir='ltr'>ui</span> <span class='ocrx_word' id='word_1_56' title='bbox 554 1474 678 1554; x_wconf 89' lang='lat' dir='ltr'>voluit,</span> <span class='ocrx_word' id='word_1_57' title='bbox 700 1469 754 1541; x_wconf 86' lang='lat' dir='ltr'>sed</span> <span class='ocrx_word' id='word_1_58' title='bbox 770 1498 904 1542; x_wconf 88' lang='lat' dir='ltr'>omnem</span> <span class='ocrx_word' id='word_1_59' title='bbox 926 1471 1027 1544; x_wconf 87' lang='lat' dir='ltr'>causae</span> <span class='ocrx_word' id='word_1_60' title='bbox 1047 1467 1273 1541; x_wconf 83' lang='lat' dir='ltr'>disculbonem</span> <span class='ocrx_word' id='word_1_61' title='bbox 1289 1494 1325 1541; x_wconf 89' lang='lat' dir='ltr'>ae</span> <span class='ocrx_word' id='word_1_62' title='bbox 1342 1465 1538 1542; x_wconf 82' lang='lat' dir='ltr'>dccibonem</span> <span class='ocrx_word' id='word_1_63' title='bbox 1555 1471 1707 1542; x_wconf 85' lang='lat' dir='ltr'>Concilio</span> <span class='ocrx_word' id='word_1_64' title='bbox 1729 1467 1914 1568; x_wconf 81' lang='lat' dir='ltr'>plenillime</span> <span class='ocrx_word' id='word_1_65' title='bbox 2047 1549 2050 1554; x_wconf 76' lang='grc'><strong>,</strong></span> 
     </span>
    </p>
   </div>
   <div class='ocr_carea' id='block_1_7' title="bbox 491 1566 1965 2150">
    <p class='ocr_par' dir='ltr' id='par_1_7' title="bbox 491 1566 1965 2150">
     <span class='ocr_line' id='line_1_9' title="bbox 492 1566 1914 1665; baseline 0.004 -29"><span class='ocrx_word' id='word_1_66' title='bbox 492 1573 594 1662; x_wconf 76' lang='lat' dir='ltr'>quit,</span> <span class='ocrx_word' id='word_1_67' title='bbox 621 1567 703 1640; x_wconf 89' lang='lat' dir='ltr'>bene</span> <span class='ocrx_word' id='word_1_68' title='bbox 718 1594 858 1661; x_wconf 79' lang='lat' dir='ltr'>gnarus.</span> <span class='ocrx_word' id='word_1_69' title='bbox 880 1572 1019 1640; x_wconf 63' lang='lat' dir='ltr'>Laia-abs</span> <span class='ocrx_word' id='word_1_70' title='bbox 1039 1570 1200 1641; x_wconf 82' lang='lat' dir='ltr'>Advocati</span> <span class='ocrx_word' id='word_1_71' title='bbox 1215 1567 1278 1639; x_wconf 88' lang='lat' dir='ltr'>elle</span> <span class='ocrx_word' id='word_1_72' title='bbox 1293 1566 1510 1639; x_wconf 86' lang='lat' dir='ltr'>Ecclesiarum</span> <span class='ocrx_word' id='word_1_73' title='bbox 1524 1568 1599 1665; x_wconf 87' lang='lat' dir='ltr'>jura</span> <span class='ocrx_word' id='word_1_74' title='bbox 1616 1571 1723 1651; x_wconf 89' lang='lat' dir='ltr'>tueri,</span> <span class='ocrx_word' id='word_1_75' title='bbox 1742 1566 1914 1642; x_wconf 87' lang='lat' dir='ltr'>nonusur·</span> 
     </span>
     <span class='ocr_line' id='line_1_10' title="bbox 491 1663 1913 1762; baseline 0 -25"><span class='ocrx_word' id='word_1_76' title='bbox 491 1692 534 1746; x_wconf 84' lang='lat' dir='ltr'>e,</span> <span class='ocrx_word' id='word_1_77' title='bbox 555 1668 705 1737; x_wconf 82' lang='lat' dir='ltr'>Concilio</span> <span class='ocrx_word' id='word_1_78' title='bbox 723 1692 917 1761; x_wconf 78' lang='lat' dir='ltr'>protegere,</span> <span class='ocrx_word' id='word_1_79' title='bbox 936 1694 1002 1739; x_wconf 90' lang='lat' dir='ltr'>iton</span> <span class='ocrx_word' id='word_1_80' title='bbox 1024 1667 1176 1748; x_wconf 89' lang='lat' dir='ltr'>turbate,</span> <span class='ocrx_word' id='word_1_81' title='bbox 1200 1663 1301 1736; x_wconf 84' lang='lat' dir='ltr'>fidem</span> <span class='ocrx_word' id='word_1_82' title='bbox 1324 1664 1539 1749; x_wconf 85' lang='lat' dir='ltr'>conservare,</span> <span class='ocrx_word' id='word_1_83' title='bbox 1561 1669 1755 1762; x_wconf 81' lang='lat' dir='ltr'>neutiquam</span> <span class='ocrx_word' id='word_1_84' title='bbox 1780 1691 1913 1757; x_wconf 86' lang='lat' dir='ltr'>tegete.</span> 
     </span>
     <span class='ocr_line' id='line_1_11' title="bbox 491 1763 1914 1860; baseline 0.004 -28"><span class='ocrx_word' id='word_1_85' title='bbox 491 1764 598 1835; x_wconf 79' lang='lat' dir='ltr'>ixit&amp;</span> <span class='ocrx_word' id='word_1_86' title='bbox 626 1765 767 1836; x_wconf 79' lang='lat' dir='ltr'>alierum</span> <span class='ocrx_word' id='word_1_87' title='bbox 785 1769 930 1836; x_wconf 88' lang='lat' dir='ltr'>editlum</span> <span class='ocrx_word' id='word_1_88' title='bbox 948 1777 1013 1858; x_wconf 90' lang='lat' dir='ltr'>pro&#39;</span> <span class='ocrx_word' id='word_1_89' title='bbox 1033 1765 1214 1836; x_wconf 78' lang='lat' dir='ltr'>Catholicis</span> <span class='ocrx_word' id='word_1_90' title='bbox 1238 1763 1444 1836; x_wconf 77' lang='lat' dir='ltr'>Alexandriae</span> <span class='ocrx_word' id='word_1_91' title='bbox 1469 1789 1586 1836; x_wconf 90' lang='lat' dir='ltr'>contra</span> <span class='ocrx_word' id='word_1_92' title='bbox 1609 1763 1914 1860; x_wconf 81' lang='lat' dir='ltr'>Apollinarillas&amp;</span> 
     </span>
     <span class='ocr_line' id='line_1_12' title="bbox 491 1860 1965 1960; baseline 0.003 -28"><span class='ocrx_word' id='word_1_93' title='bbox 491 1863 662 1958; x_wconf 84' lang='lat' dir='ltr'>tychianos</span> <span class='ocrx_word' id='word_1_94' title='bbox 678 1866 767 1937; x_wconf 88' lang='lat' dir='ltr'>HH.</span> <span class='ocrx_word' id='word_1_95' title='bbox 795 1868 930 1935; x_wconf 76' lang='lat' dir='ltr'>(Ilerutn</span> <span class='ocrx_word' id='word_1_96' title='bbox 946 1866 979 1934; x_wconf 93' lang='lat' dir='ltr'>in</span> <span class='ocrx_word' id='word_1_97' title='bbox 1004 1863 1174 1960; x_wconf 88' lang='lat' dir='ltr'>prillinam</span> <span class='ocrx_word' id='word_1_98' title='bbox 1190 1860 1403 1948; x_wconf 84' lang='lat' dir='ltr'>libertatem,</span> <span class='ocrx_word' id='word_1_99' title='bbox 1429 1886 1529 1956; x_wconf 89' lang='lat' dir='ltr'>quam</span> <span class='ocrx_word' id='word_1_100' title='bbox 1545 1862 1696 1935; x_wconf 89' lang='lat' dir='ltr'>laudatus</span> <span class='ocrx_word' id='word_1_101' title='bbox 1710 1864 1913 1937; x_wconf 89' lang='lat' dir='ltr'>Valentinia-</span> <span class='ocrx_word' id='word_1_102' title='bbox 1961 1885 1965 1892; x_wconf 86' lang='lat'>&#39;</span> 
     </span>
     <span class='ocr_line' id='line_1_13' title="bbox 491 1956 1913 2058; baseline 0.006 -29"><span class='ocrx_word' id='word_1_103' title='bbox 491 1987 498 2029; x_wconf 84' lang='lat' dir='ltr'>t</span> <span class='ocrx_word' id='word_1_104' title='bbox 516 1961 643 2032; x_wconf 84' lang='lat' dir='ltr'>ultimis</span> <span class='ocrx_word' id='word_1_105' title='bbox 666 1984 738 2030; x_wconf 80' lang='lat' dir='ltr'>vite</span> <span class='ocrx_word' id='word_1_106' title='bbox 757 1987 847 2031; x_wconf 88' lang='lat' dir='ltr'>annis</span> <span class='ocrx_word' id='word_1_107' title='bbox 864 1966 897 2031; x_wconf 93' lang='lat' dir='ltr'>in</span> <span class='ocrx_word' id='word_1_108' title='bbox 912 1966 989 2032; x_wconf 84' lang='lat' dir='ltr'>viiia</span> <span class='ocrx_word' id='word_1_109' title='bbox 1006 1963 1179 2058; x_wconf 83' lang='lat' dir='ltr'>prolapsus</span> <span class='ocrx_word' id='word_1_110' title='bbox 1201 1956 1388 2040; x_wconf 88' lang='lat' dir='ltr'>allliitetat,</span> <span class='ocrx_word' id='word_1_111' title='bbox 1413 1960 1613 2033; x_wconf 78' lang='lat' dir='ltr'>vindicavit:</span> <span class='ocrx_word' id='word_1_112' title='bbox 1639 1965 1846 2038; x_wconf 83' lang='lat' dir='ltr'>Donationes</span> <span class='ocrx_word' id='word_1_113' title='bbox 1860 1987 1913 2036; x_wconf 82' lang='lat' dir='ltr'>ec·</span> 
     </span>
     <span class='ocr_line' id='line_1_14' title="bbox 491 2053 1858 2150; baseline -0.001 -19"><span class='ocrx_word' id='word_1_114' title='bbox 491 2057 542 2131; x_wconf 85' lang='lat' dir='ltr'>siis</span> <span class='ocrx_word' id='word_1_115' title='bbox 567 2054 669 2129; x_wconf 75' lang='lat' dir='ltr'>saslas</span> <span class='ocrx_word' id='word_1_116' title='bbox 687 2060 804 2129; x_wconf 81' lang='lat' dir='ltr'>habuit</span> <span class='ocrx_word' id='word_1_117' title='bbox 822 2086 926 2138; x_wconf 85' lang='lat' dir='ltr'>ratas,</span> <span class='ocrx_word' id='word_1_118' title='bbox 951 2059 1076 2130; x_wconf 77' lang='lat' dir='ltr'>llttutis</span> <span class='ocrx_word' id='word_1_119' title='bbox 1092 2061 1269 2130; x_wconf 80' lang='lat' dir='ltr'>contrariis</span> <span class='ocrx_word' id='word_1_120' title='bbox 1286 2057 1442 2129; x_wconf 87' lang='lat' dir='ltr'>omnibus</span> <span class='ocrx_word' id='word_1_121' title='bbox 1463 2059 1644 2150; x_wconf 86' lang='lat' dir='ltr'>abrogatis.</span> <span class='ocrx_word' id='word_1_122' title='bbox 1769 2093 1788 2128; x_wconf 64' lang='lat' dir='ltr'>x</span> <span class='ocrx_word' id='word_1_123' title='bbox 1850 2053 1858 2064; x_wconf 84' lang='grc'><strong>’</strong></span> 
     </span>
    </p>
   </div>
   <div class='ocr_carea' id='block_1_8' title="bbox 491 2185 2020 3655">
    <p class='ocr_par' dir='ltr' id='par_1_8' title="bbox 491 2185 2020 3655">
     <span class='ocr_line' id='line_1_15' title="bbox 555 2185 1923 2283; baseline 0.004 -22"><span class='ocrx_word' id='word_1_124' title='bbox 555 2195 643 2261; x_wconf 88' lang='grc' dir='ltr'><strong>ΧΧΙ.</strong></span> <span class='ocrx_word' id='word_1_125' title='bbox 669 2191 740 2260; x_wconf 79' lang='lat' dir='ltr'>Poll</span> <span class='ocrx_word' id='word_1_126' title='bbox 760 2188 823 2260; x_wconf 86' lang='lat' dir='ltr'>fata</span> <span class='ocrx_word' id='word_1_127' title='bbox 841 2193 1003 2261; x_wconf 77' lang='lat' dir='ltr'>Marciani</span> <span class='ocrx_word' id='word_1_128' title='bbox 1022 2193 1237 2283; x_wconf 87' lang='lat' dir='ltr'>imperatoris</span> <span class='ocrx_word' id='word_1_129' title='bbox 1256 2194 1289 2260; x_wconf 92' lang='lat' dir='ltr'>iti</span> <span class='ocrx_word' id='word_1_130' title='bbox 1305 2190 1427 2261; x_wconf 87' lang='lat' dir='ltr'>tuendi</span> <span class='ocrx_word' id='word_1_131' title='bbox 1445 2189 1584 2262; x_wconf 83' lang='lat' dir='ltr'>Ecclesia</span> <span class='ocrx_word' id='word_1_132' title='bbox 1602 2193 1735 2262; x_wconf 87' lang='lat' dir='ltr'>maximi</span> <span class='ocrx_word' id='word_1_133' title='bbox 1752 2213 1831 2265; x_wconf 90' lang='lat' dir='ltr'>tunc</span> <span class='ocrx_word' id='word_1_134' title='bbox 1845 2185 1923 2266; x_wconf 56' lang='lat' dir='ltr'>lms</span> 
     </span>
     <span class='ocr_line' id='line_1_16' title="bbox 491 2279 1912 2385; baseline 0.004 -27"><span class='ocrx_word' id='word_1_135' title='bbox 491 2291 525 2358; x_wconf 86' lang='lat' dir='ltr'>tii</span> <span class='ocrx_word' id='word_1_136' title='bbox 542 2279 603 2359; x_wconf 84' lang='lat' dir='ltr'>Ebi</span> <span class='ocrx_word' id='word_1_137' title='bbox 620 2289 733 2359; x_wconf 71' lang='lat' dir='ltr'>Fasces</span> <span class='ocrx_word' id='word_1_138' title='bbox 752 2295 839 2360; x_wconf 78' lang='lat' dir='ltr'>La·</span> <span class='ocrx_word' id='word_1_139' title='bbox 859 2295 885 2358; x_wconf 93' lang='lat' dir='ltr'>l.</span> <span class='ocrx_word' id='word_1_140' title='bbox 910 2312 1134 2379; x_wconf 87' lang='lat' dir='ltr'>cognomento</span> <span class='ocrx_word' id='word_1_141' title='bbox 1156 2294 1302 2380; x_wconf 85' lang='lat' dir='ltr'>Magnus</span> <span class='ocrx_word' id='word_1_142' title='bbox 1323 2295 1474 2385; x_wconf 88' lang='lat' dir='ltr'>accepit:</span> <span class='ocrx_word' id='word_1_143' title='bbox 1499 2288 1802 2382; x_wconf 66' lang='lat' dir='ltr'>hancdignitatem</span> <span class='ocrx_word' id='word_1_144' title='bbox 1820 2296 1912 2364; x_wconf 72' lang='lat' dir='ltr'>Lito</span> 
     </span>
     <span class='ocr_line' id='line_1_17' title="bbox 492 2383 1914 2484; baseline 0.004 -28"><span class='ocrx_word' id='word_1_145' title='bbox 492 2391 590 2460; x_wconf 83' lang='lat' dir='ltr'>Rom.</span> <span class='ocrx_word' id='word_1_146' title='bbox 614 2383 780 2466; x_wconf 80' lang='lat' dir='ltr'>Pontifex,</span> <span class='ocrx_word' id='word_1_147' title='bbox 800 2388 918 2457; x_wconf 89' lang='lat' dir='ltr'>eodem</span> <span class='ocrx_word' id='word_1_148' title='bbox 939 2387 1137 2476; x_wconf 87' lang='lat' dir='ltr'>cognomine</span> <span class='ocrx_word' id='word_1_149' title='bbox 1154 2390 1308 2475; x_wconf 79' lang='lat' dir='ltr'>&#39;Magnus</span> <span class='ocrx_word' id='word_1_150' title='bbox 1331 2387 1533 2484; x_wconf 85' lang='lat' dir='ltr'>appellatus,</span> <span class='ocrx_word' id='word_1_151' title='bbox 1554 2391 1659 2458; x_wconf 89' lang='lat' dir='ltr'>Leoni</span> <span class='ocrx_word' id='word_1_152' title='bbox 1685 2413 1772 2460; x_wconf 94' lang='lat' dir='ltr'>novo</span> <span class='ocrx_word' id='word_1_153' title='bbox 1792 2387 1914 2462; x_wconf 80' lang='lat' dir='ltr'>Caesari</span> 
     </span>
     <span class='ocr_line' id='line_1_18' title="bbox 491 2480 2020 2581; baseline 0.004 -29"><span class='ocrx_word' id='word_1_154' title='bbox 491 2486 625 2556; x_wconf 86' lang='lat' dir='ltr'>itulatus</span> <span class='ocrx_word' id='word_1_155' title='bbox 655 2482 900 2577; x_wconf 75' lang='lat' dir='ltr'>protcslionem</span> <span class='ocrx_word' id='word_1_156' title='bbox 923 2480 1072 2554; x_wconf 82' lang='lat' dir='ltr'>Ecclesiae</span> <span class='ocrx_word' id='word_1_157' title='bbox 1094 2505 1215 2554; x_wconf 79' lang='lat' dir='ltr'>contra·</span> <span class='ocrx_word' id='word_1_158' title='bbox 1237 2488 1450 2567; x_wconf 83' lang='lat' dir='ltr'>Heretieos,</span> <span class='ocrx_word' id='word_1_159' title='bbox 1475 2483 1597 2581; x_wconf 87' lang='lat' dir='ltr'>quibus</span> <span class='ocrx_word' id='word_1_160' title='bbox 1629 2507 1707 2556; x_wconf 91' lang='lat' dir='ltr'>tunc</span> <span class='ocrx_word' id='word_1_161' title='bbox 1743 2485 1915 2558; x_wconf 86' lang='lat' dir='ltr'>universus</span> <span class='ocrx_word' id='word_1_162' title='bbox 2016 2531 2020 2548; x_wconf 88' lang='lat'>·</span> 
     </span>
     <span class='ocr_line' id='line_1_19' title="bbox 491 2579 1915 2676; baseline 0.004 -26"><span class='ocrx_word' id='word_1_163' title='bbox 491 2589 565 2654; x_wconf 87' lang='lat' dir='ltr'>iens</span> <span class='ocrx_word' id='word_1_164' title='bbox 583 2579 742 2662; x_wconf 82' lang='lat' dir='ltr'>scatebat,</span> <span class='ocrx_word' id='word_1_165' title='bbox 770 2581 918 2674; x_wconf 82' lang='lat' dir='ltr'>impense</span> <span class='ocrx_word' id='word_1_166' title='bbox 942 2581 1197 2652; x_wconf 88' lang='lat' dir='ltr'>commendavit.</span> <span class='ocrx_word' id='word_1_167' title='bbox 1247 2586 1383 2654; x_wconf 78' lang='lat' dir='ltr'>littere</span> <span class='ocrx_word' id='word_1_168' title='bbox 1413 2582 1715 2664; x_wconf 80' lang='lat' dir='ltr'>commendatitiae,</span> <span class='ocrx_word' id='word_1_169' title='bbox 1736 2608 1791 2653; x_wconf 85' lang='lat' dir='ltr'>aut</span> <span class='ocrx_word' id='word_1_170' title='bbox 1808 2589 1915 2676; x_wconf 87' lang='lat' dir='ltr'>magis</span> 
     </span>
     <span class='ocr_line' id='line_1_20' title="bbox 494 2678 1917 2775; baseline 0.005 -28"><span class='ocrx_word' id='word_1_171' title='bbox 494 2682 683 2775; x_wconf 82' lang='lat' dir='ltr'>ploratotire</span> <span class='ocrx_word' id='word_1_172' title='bbox 706 2707 828 2750; x_wconf 86' lang='lat' dir='ltr'>novum</span> <span class='ocrx_word' id='word_1_173' title='bbox 847 2678 995 2751; x_wconf 81' lang='lat' dir='ltr'>Ecclebe</span> <span class='ocrx_word' id='word_1_174' title='bbox 1013 2679 1220 2750; x_wconf 82' lang='lat' dir='ltr'>Advocatum</span> <span class='ocrx_word' id='word_1_175' title='bbox 1241 2681 1281 2749; x_wconf 89' lang='lat' dir='ltr'>ad</span> <span class='ocrx_word' id='word_1_176' title='bbox 1301 2681 1519 2751; x_wconf 86' lang='lat' dir='ltr'>exercendum</span> <span class='ocrx_word' id='word_1_177' title='bbox 1541 2680 1631 2751; x_wconf 89' lang='lat' dir='ltr'>illico</span> <span class='ocrx_word' id='word_1_178' title='bbox 1652 2679 1854 2752; x_wconf 80' lang='lat' dir='ltr'>Proteiloris</span> <span class='ocrx_word' id='word_1_179' title='bbox 1878 2707 1917 2755; x_wconf 88' lang='lat' dir='ltr'>ac</span> 
     </span>
     <span class='ocr_line' id='line_1_21' title="bbox 491 2774 1981 2876; baseline 0.003 -29"><span class='ocrx_word' id='word_1_180' title='bbox 491 2774 637 2849; x_wconf 87' lang='lat' dir='ltr'>:sensatis</span> <span class='ocrx_word' id='word_1_181' title='bbox 656 2804 774 2848; x_wconf 89' lang='lat' dir='ltr'>munus</span> <span class='ocrx_word' id='word_1_182' title='bbox 791 2780 997 2848; x_wconf 64' lang='lat' dir='ltr'>excitabant:</span> <span class='ocrx_word' id='word_1_183' title='bbox 1023 2801 1098 2847; x_wconf 85' lang='lat' dir='ltr'>mox</span> <span class='ocrx_word' id='word_1_184' title='bbox 1120 2781 1210 2848; x_wconf 87' lang='lat' dir='ltr'>enini</span> <span class='ocrx_word' id='word_1_185' title='bbox 1225 2778 1266 2848; x_wconf 87' lang='lat' dir='ltr'>ad</span> <span class='ocrx_word' id='word_1_186' title='bbox 1281 2803 1397 2850; x_wconf 87' lang='lat' dir='ltr'>omncs</span> <span class='ocrx_word' id='word_1_187' title='bbox 1419 2776 1610 2849; x_wconf 86' lang='lat' dir='ltr'>Orientales</span> <span class='ocrx_word' id='word_1_188' title='bbox 1635 2775 1835 2873; x_wconf 81' lang='lat' dir='ltr'>Episcopus,</span> <span class='ocrx_word' id='word_1_189' title='bbox 1854 2781 1916 2876; x_wconf 90' lang='lat' dir='ltr'>qui</span> <span class='ocrx_word' id='word_1_190' title='bbox 1971 2841 1981 2850; x_wconf 75' lang='lat'>.</span> 
     </span>
     <span class='ocr_line' id='line_1_22' title="bbox 491 2872 1917 2971; baseline 0.001 -25"><span class='ocrx_word' id='word_1_191' title='bbox 491 2900 598 2968; x_wconf 87' lang='lat' dir='ltr'>ignam</span> <span class='ocrx_word' id='word_1_192' title='bbox 616 2900 743 2971; x_wconf 85' lang='lat' dir='ltr'>patrem</span> <span class='ocrx_word' id='word_1_193' title='bbox 761 2874 792 2947; x_wconf 92' lang='lat' dir='ltr'>se</span> <span class='ocrx_word' id='word_1_194' title='bbox 807 2877 998 2946; x_wconf 87' lang='lat' dir='ltr'>Cathttlicos</span> <span class='ocrx_word' id='word_1_195' title='bbox 1018 2879 1162 2947; x_wconf 85' lang='lat' dir='ltr'>exterius</span> <span class='ocrx_word' id='word_1_196' title='bbox 1178 2872 1383 2956; x_wconf 89' lang='lat' dir='ltr'>simulantes,</span> <span class='ocrx_word' id='word_1_197' title='bbox 1402 2879 1491 2947; x_wconf 90' lang='lat' dir='ltr'>intus</span> <span class='ocrx_word' id='word_1_198' title='bbox 1505 2899 1586 2946; x_wconf 83' lang='lat' dir='ltr'>vero</span> <span class='ocrx_word' id='word_1_199' title='bbox 1605 2879 1798 2968; x_wconf 86' lang='lat' dir='ltr'>omnigenas</span> <span class='ocrx_word' id='word_1_200' title='bbox 1811 2877 1917 2948; x_wconf 81' lang='lat' dir='ltr'>here·</span> 
     </span>
     <span class='ocr_line' id='line_1_23' title="bbox 509 2969 1917 3090; baseline 0.004 -48"><span class='ocrx_word' id='word_1_201' title='bbox 509 2999 586 3045; x_wconf 93' lang='lat' dir='ltr'>tunc</span> <span class='ocrx_word' id='word_1_202' title='bbox 601 2970 774 3065; x_wconf 86' lang='lat' dir='ltr'>grassantes</span> <span class='ocrx_word' id='word_1_203' title='bbox 791 2980 902 3045; x_wconf 89' lang='lat' dir='ltr'>animo</span> <span class='ocrx_word' id='word_1_204' title='bbox 921 2970 1098 3057; x_wconf 83' lang='lat' dir='ltr'>fovebant,</span> <span class='ocrx_word' id='word_1_205' title='bbox 1118 2974 1298 3045; x_wconf 88' lang='lat' dir='ltr'>circulares</span> <span class='ocrx_word' id='word_1_206' title='bbox 1315 2973 1470 3071; x_wconf 83' lang='lat' dir='ltr'>epistolas</span> <span class='ocrx_word' id='word_1_207' title='bbox 1490 2973 1599 3055; x_wconf 89' lang='lat' dir='ltr'>dedit,</span> <span class='ocrx_word' id='word_1_208' title='bbox 1620 2969 1863 3090; x_wconf 69' lang='lat' dir='ltr'>quibusjullit,</span> <span class='ocrx_word' id='word_1_209' title='bbox 1878 2995 1917 3048; x_wconf 87' lang='lat' dir='ltr'>ut</span> 
     </span>
     <span class='ocr_line' id='line_1_24' title="bbox 491 3069 2011 3168; baseline 0.004 -28"><span class='ocrx_word' id='word_1_210' title='bbox 491 3069 553 3150; x_wconf 70' lang='lat' dir='ltr'>ndi</span> <span class='ocrx_word' id='word_1_211' title='bbox 572 3076 710 3168; x_wconf 88' lang='lat' dir='ltr'>propria</span> <span class='ocrx_word' id='word_1_212' title='bbox 726 3097 825 3142; x_wconf 88' lang='lat' dir='ltr'>manu</span> <span class='ocrx_word' id='word_1_213' title='bbox 849 3071 1049 3149; x_wconf 80' lang='lat' dir='ltr'>scriberent,</span> <span class='ocrx_word' id='word_1_214' title='bbox 1070 3096 1169 3165; x_wconf 89' lang='lat' dir='ltr'>quam</span> <span class='ocrx_word' id='word_1_215' title='bbox 1186 3077 1330 3168; x_wconf 86' lang='lat' dir='ltr'>quisque</span> <span class='ocrx_word' id='word_1_216' title='bbox 1346 3069 1446 3144; x_wconf 85' lang='lat' dir='ltr'>fidem</span> <span class='ocrx_word' id='word_1_217' title='bbox 1466 3094 1612 3152; x_wconf 85' lang='lat' dir='ltr'>teneret,</span> <span class='ocrx_word' id='word_1_218' title='bbox 1639 3095 1676 3143; x_wconf 93' lang='lat' dir='ltr'>ut</span> <span class='ocrx_word' id='word_1_219' title='bbox 1696 3096 1738 3143; x_wconf 88' lang='lat' dir='ltr'>co</span> <span class='ocrx_word' id='word_1_220' title='bbox 1752 3069 1852 3167; x_wconf 73' lang='lat' dir='ltr'>paslo</span> <span class='ocrx_word' id='word_1_221' title='bbox 1869 3077 1919 3146; x_wconf 90' lang='lat' dir='ltr'>iu·.</span> <span class='ocrx_word' id='word_1_222' title='bbox 2008 3093 2011 3098; x_wconf 83' lang='lat'>&#39;</span> 
     </span>
     <span class='ocr_line' id='line_1_25' title="bbox 491 3165 1919 3264; baseline 0 -25"><span class='ocrx_word' id='word_1_223' title='bbox 491 3178 646 3248; x_wconf 86' lang='lat' dir='ltr'>telceret,</span> <span class='ocrx_word' id='word_1_224' title='bbox 675 3196 796 3241; x_wconf 90' lang='lat' dir='ltr'>verene</span> <span class='ocrx_word' id='word_1_225' title='bbox 818 3173 980 3240; x_wconf 77' lang='lat' dir='ltr'>Catholici</span> <span class='ocrx_word' id='word_1_226' title='bbox 1003 3165 1121 3248; x_wconf 84' lang='lat' dir='ltr'>essent,</span> <span class='ocrx_word' id='word_1_227' title='bbox 1142 3195 1181 3237; x_wconf 93' lang='lat' dir='ltr'>aii</span> <span class='ocrx_word' id='word_1_228' title='bbox 1199 3196 1216 3238; x_wconf 87' lang='lat' dir='ltr'>a</span> <span class='ocrx_word' id='word_1_229' title='bbox 1236 3171 1486 3241; x_wconf 80' lang='lat' dir='ltr'>ertholtcorum</span> <span class='ocrx_word' id='word_1_230' title='bbox 1505 3166 1570 3241; x_wconf 85' lang='lat' dir='ltr'>fide</span> <span class='ocrx_word' id='word_1_231' title='bbox 1598 3169 1708 3242; x_wconf 83' lang='lat' dir='ltr'>alieni.</span> <span class='ocrx_word' id='word_1_232' title='bbox 1757 3170 1919 3264; x_wconf 81' lang='lat' dir='ltr'>Aliquan·</span> 
     </span>
     <span class='ocr_line' id='line_1_26' title="bbox 508 3264 1920 3363; baseline 0.001 -27"><span class='ocrx_word' id='word_1_233' title='bbox 508 3267 547 3338; x_wconf 92' lang='lat' dir='ltr'>ab</span> <span class='ocrx_word' id='word_1_234' title='bbox 565 3266 736 3363; x_wconf 85' lang='lat' dir='ltr'>Episcopis</span> <span class='ocrx_word' id='word_1_235' title='bbox 754 3270 857 3337; x_wconf 81' lang='lat' dir='ltr'>aliena</span> <span class='ocrx_word' id='word_1_236' title='bbox 886 3266 1099 3338; x_wconf 70' lang='lat' dir='ltr'>sentientibus</span> <span class='ocrx_word' id='word_1_237' title='bbox 1117 3266 1276 3362; x_wconf 84' lang='lat' dir='ltr'>deceptus</span> <span class='ocrx_word' id='word_1_238' title='bbox 1302 3269 1411 3363; x_wconf 85' lang='lat' dir='ltr'>(quod</span> <span class='ocrx_word' id='word_1_239' title='bbox 1430 3270 1573 3338; x_wconf 91' lang='lat' dir='ltr'>hominis</span> <span class='ocrx_word' id='word_1_240' title='bbox 1591 3264 1658 3354; x_wconf 82' lang='lat' dir='ltr'>esl)</span> <span class='ocrx_word' id='word_1_241' title='bbox 1683 3290 1798 3336; x_wconf 87' lang='lat' dir='ltr'>contra</span> <span class='ocrx_word' id='word_1_242' title='bbox 1813 3272 1920 3359; x_wconf 86' lang='lat' dir='ltr'>Syno-</span> 
     </span>
     <span class='ocr_line' id='line_1_27' title="bbox 495 3360 1919 3461; baseline -0.003 -26"><span class='ocrx_word' id='word_1_243' title='bbox 495 3392 528 3435; x_wconf 92' lang='lat' dir='ltr'>m</span> <span class='ocrx_word' id='word_1_244' title='bbox 550 3364 833 3435; x_wconf 65' lang='lat' dir='ltr'>celebratissimum</span> <span class='ocrx_word' id='word_1_245' title='bbox 857 3360 1157 3436; x_wconf 76' lang='lat' dir='ltr'>Chalcedonensem</span> <span class='ocrx_word' id='word_1_246' title='bbox 1178 3388 1195 3431; x_wconf 96' lang='lat' dir='ltr'>a</span> <span class='ocrx_word' id='word_1_247' title='bbox 1214 3370 1323 3433; x_wconf 84' lang='lat' dir='ltr'>leone</span> <span class='ocrx_word' id='word_1_248' title='bbox 1352 3370 1438 3461; x_wconf 87' lang='lat' dir='ltr'>Papa</span> <span class='ocrx_word' id='word_1_249' title='bbox 1463 3388 1585 3435; x_wconf 94' lang='lat' dir='ltr'>novum</span> <span class='ocrx_word' id='word_1_250' title='bbox 1616 3363 1802 3433; x_wconf 91' lang='lat' dir='ltr'>Concilium</span> <span class='ocrx_word' id='word_1_251' title='bbox 1826 3363 1919 3454; x_wconf 82' lang='lat' dir='ltr'>flagi·</span> 
     </span>
     <span class='ocr_line' id='line_1_28' title="bbox 491 3458 1919 3559; baseline 0.003 -33"><span class='ocrx_word' id='word_1_252' title='bbox 491 3486 545 3543; x_wconf 82' lang='lat' dir='ltr'>tlt,</span> <span class='ocrx_word' id='word_1_253' title='bbox 569 3462 622 3532; x_wconf 72' lang='lat' dir='ltr'>sed</span> <span class='ocrx_word' id='word_1_254' title='bbox 641 3464 813 3532; x_wconf 84' lang='lat' dir='ltr'>abeodem</span> <span class='ocrx_word' id='word_1_255' title='bbox 837 3466 1066 3554; x_wconf 79' lang='lat' dir='ltr'>deceptionem</span> <span class='ocrx_word' id='word_1_256' title='bbox 1082 3458 1218 3534; x_wconf 76' lang='lat' dir='ltr'>edoslus</span> <span class='ocrx_word' id='word_1_257' title='bbox 1236 3461 1359 3534; x_wconf 86' lang='lat' dir='ltr'>delliiit</span> <span class='ocrx_word' id='word_1_258' title='bbox 1373 3488 1390 3532; x_wconf 93' lang='lat' dir='ltr'>a</span> <span class='ocrx_word' id='word_1_259' title='bbox 1404 3463 1584 3559; x_wconf 86' lang='lat' dir='ltr'>petitione,</span> <span class='ocrx_word' id='word_1_260' title='bbox 1608 3458 1689 3530; x_wconf 82' lang='lat' dir='ltr'>&amp;in</span> <span class='ocrx_word' id='word_1_261' title='bbox 1704 3483 1919 3556; x_wconf 86' lang='lat' dir='ltr'>propugnan-</span> 
     </span>
     <span class='ocr_line' id='line_1_29' title="bbox 506 3554 1118 3655; baseline -0.003 -24"><span class='ocrx_word' id='word_1_262' title='bbox 506 3562 643 3655; x_wconf 84' lang='lat' dir='ltr'>Synodo</span> <span class='ocrx_word' id='word_1_263' title='bbox 666 3560 922 3633; x_wconf 86' lang='lat' dir='ltr'>Chalcedonenli</span> <span class='ocrx_word' id='word_1_264' title='bbox 939 3583 1026 3630; x_wconf 90' lang='lat' dir='ltr'>totus</span> <span class='ocrx_word' id='word_1_265' title='bbox 1043 3554 1118 3629; x_wconf 88' lang='lat' dir='ltr'>fuit.</span> 
     </span>
    </p>
   </div>
   <div class='ocr_carea' id='block_1_9' title="bbox 491 3686 1980 3966">
    <p class='ocr_par' dir='ltr' id='par_1_9' title="bbox 491 3686 1980 3966">
     <span class='ocr_line' id='line_1_30' title="bbox 566 3686 1980 3788; baseline -0.001 -26"><span class='ocrx_word' id='word_1_266' title='bbox 566 3698 671 3763; x_wconf 83' lang='lat' dir='ltr'>Xllll.</span> <span class='ocrx_word' id='word_1_267' title='bbox 700 3699 788 3763; x_wconf 90' lang='lat' dir='ltr'>Dum</span> <span class='ocrx_word' id='word_1_268' title='bbox 807 3686 898 3764; x_wconf 82' lang='lat' dir='ltr'>Zeno</span> <span class='ocrx_word' id='word_1_269' title='bbox 916 3693 947 3764; x_wconf 81' lang='lat' dir='ltr'>dt</span> <span class='ocrx_word' id='word_1_270' title='bbox 968 3690 1130 3788; x_wconf 87' lang='lat' dir='ltr'>palleum</span> <span class='ocrx_word' id='word_1_271' title='bbox 1150 3687 1331 3761; x_wconf 80' lang='lat' dir='ltr'>Anastasius</span> <span class='ocrx_word' id='word_1_272' title='bbox 1349 3691 1482 3774; x_wconf 78' lang='lat' dir='ltr'>Orienti</span> <span class='ocrx_word' id='word_1_273' title='bbox 1505 3691 1708 3784; x_wconf 86' lang='lat' dir='ltr'>imperantes</span> <span class='ocrx_word' id='word_1_274' title='bbox 1730 3713 1795 3759; x_wconf 95' lang='lat' dir='ltr'>non</span> <span class='ocrx_word' id='word_1_275' title='bbox 1816 3689 1921 3772; x_wconf 87' lang='lat' dir='ltr'>modo</span> <span class='ocrx_word' id='word_1_276' title='bbox 1977 3723 1980 3728; x_wconf 92' lang='grc'><em>·</em></span> 
     </span>
     <span class='ocr_line' id='line_1_31' title="bbox 491 3787 1922 3885; baseline 0 -25"><span class='ocrx_word' id='word_1_277' title='bbox 491 3791 611 3861; x_wconf 89' lang='lat' dir='ltr'>lvocati</span> <span class='ocrx_word' id='word_1_278' title='bbox 638 3791 849 3862; x_wconf 64' lang='lat' dir='ltr'>Eccleballici</span> <span class='ocrx_word' id='word_1_279' title='bbox 873 3792 1092 3882; x_wconf 85' lang='lat' dir='ltr'>obligationes</span> <span class='ocrx_word' id='word_1_280' title='bbox 1115 3792 1248 3885; x_wconf 83' lang='lat' dir='ltr'>penitus</span> <span class='ocrx_word' id='word_1_281' title='bbox 1280 3790 1513 3881; x_wconf 82' lang='lat' dir='ltr'>negligerent,</span> <span class='ocrx_word' id='word_1_282' title='bbox 1540 3791 1781 3859; x_wconf 87' lang='lat' dir='ltr'>verumetiam</span> <span class='ocrx_word' id='word_1_283' title='bbox 1809 3787 1922 3883; x_wconf 91' lang='lat' dir='ltr'>palam</span> 
     </span>
     <span class='ocr_line' id='line_1_32' title="bbox 491 3882 1920 3966; baseline -0.001 -7"><span class='ocrx_word' id='word_1_284' title='bbox 491 3887 600 3959; x_wconf 66' lang='lat' dir='ltr'>cli-ste</span> <span class='ocrx_word' id='word_1_285' title='bbox 621 3892 744 3959; x_wconf 76' lang='lat' dir='ltr'>bellurn</span> <span class='ocrx_word' id='word_1_286' title='bbox 770 3892 979 3964; x_wconf 83' lang='lat' dir='ltr'>indicerent,</span> <span class='ocrx_word' id='word_1_287' title='bbox 1008 3890 1183 3959; x_wconf 77' lang='lat' dir='ltr'>hereticos</span> <span class='ocrx_word' id='word_1_288' title='bbox 1213 3882 1382 3966; x_wconf 89' lang='lat' dir='ltr'>fovendo,</span> <span class='ocrx_word' id='word_1_289' title='bbox 1409 3912 1444 3957; x_wconf 93' lang='lat' dir='ltr'>ac</span> <span class='ocrx_word' id='word_1_290' title='bbox 1466 3888 1602 3958; x_wconf 84' lang='lat' dir='ltr'>demum</span> <span class='ocrx_word' id='word_1_291' title='bbox 1628 3886 1764 3956; x_wconf 90' lang='lat' dir='ltr'>illorum</span> <span class='ocrx_word' id='word_1_292' title='bbox 1786 3909 1920 3958; x_wconf 84' lang='lat' dir='ltr'>errores</span> 
     </span>
    </p>
   </div>
   <div class='ocr_carea' id='block_1_10' title="bbox 493 3983 2144 4086">
    <p class='ocr_par' dir='ltr' id='par_1_10' title="bbox 493 3983 2144 4086">
     <span class='ocr_line' id='line_1_33' title="bbox 493 3983 2144 4086; baseline 0.001 -31"><span class='ocrx_word' id='word_1_293' title='bbox 493 3989 703 4080; x_wconf 74' lang='lat' dir='ltr'>tpletleiid03</span> <span class='ocrx_word' id='word_1_294' title='bbox 731 3992 917 4058; x_wconf 85' lang='lat' dir='ltr'>Romanum</span> <span class='ocrx_word' id='word_1_295' title='bbox 942 3989 1127 4078; x_wconf 81' lang='lat' dir='ltr'>impet-ium</span> <span class='ocrx_word' id='word_1_296' title='bbox 1147 3989 1179 4054; x_wconf 94' lang='lat' dir='ltr'>in</span> <span class='ocrx_word' id='word_1_297' title='bbox 1203 3985 1386 4055; x_wconf 88' lang='lat' dir='ltr'>Occidente</span> <span class='ocrx_word' id='word_1_298' title='bbox 1401 3984 1441 4056; x_wconf 92' lang='lat' dir='ltr'>ab</span> <span class='ocrx_word' id='word_1_299' title='bbox 1462 3983 1613 4078; x_wconf 81' lang='lat' dir='ltr'>Augusto</span> <span class='ocrx_word' id='word_1_300' title='bbox 1633 4007 1779 4079; x_wconf 75' lang='lat' dir='ltr'>caeptum</span> <span class='ocrx_word' id='word_1_301' title='bbox 1794 3987 1830 4055; x_wconf 94' lang='lat' dir='ltr'>in</span> <span class='ocrx_word' id='word_1_302' title='bbox 1850 3990 1923 4056; x_wconf 86' lang='lat' dir='ltr'>Au·</span> <span class='ocrx_word' id='word_1_303' title='bbox 2008 4081 2011 4086; x_wconf 18' lang='grc' dir='ltr'>Ι</span> <span class='ocrx_word' id='word_1_304' title='bbox 2132 4013 2144 4032; x_wconf 83' lang='lat'>··</span> 
     </span>
    </p>
   </div>
   <div class='ocr_carea' id='block_1_11' title="bbox 491 4082 1394 4180">
    <p class='ocr_par' dir='ltr' id='par_1_11' title="bbox 491 4082 1394 4180">
     <span class='ocr_line' id='line_1_34' title="bbox 491 4082 1394 4180; baseline -0.002 -26"><span class='ocrx_word' id='word_1_305' title='bbox 491 4085 581 4155; x_wconf 79' lang='lat' dir='ltr'>illulo</span> <span class='ocrx_word' id='word_1_306' title='bbox 599 4111 683 4155; x_wconf 88' lang='lat' dir='ltr'>anno</span> <span class='ocrx_word' id='word_1_307' title='bbox 701 4085 770 4180; x_wconf 84' lang='lat' dir='ltr'>pull</span> <span class='ocrx_word' id='word_1_308' title='bbox 789 4084 956 4156; x_wconf 81' lang='lat' dir='ltr'>Christum</span> <span class='ocrx_word' id='word_1_309' title='bbox 979 4109 1091 4154; x_wconf 73' lang='lat' dir='ltr'>natum</span> <span class='ocrx_word' id='word_1_310' title='bbox 1110 4108 1191 4173; x_wconf 76' lang='lat'>475.</span> <span class='ocrx_word' id='word_1_311' title='bbox 1214 4082 1394 4153; x_wconf 83' lang='lat' dir='ltr'>intercidit.</span> 
     </span>
    </p>
   </div>
   <div class='ocr_carea' id='block_1_12' title="bbox 491 4206 1939 4705">
    <p class='ocr_par' dir='ltr' id='par_1_12' title="bbox 491 4206 1939 4705">
     <span class='ocr_line' id='line_1_35' title="bbox 570 4206 1924 4310; baseline -0.004 -21"><span class='ocrx_word' id='word_1_312' title='bbox 570 4222 694 4289; x_wconf 83' lang='lat' dir='ltr'>Xh&#39;lll.</span> <span class='ocrx_word' id='word_1_313' title='bbox 725 4223 847 4288; x_wconf 87' lang='lat' dir='ltr'>Ruinas</span> <span class='ocrx_word' id='word_1_314' title='bbox 872 4215 1071 4307; x_wconf 78' lang='lat' dir='ltr'>Ecclestaein</span> <span class='ocrx_word' id='word_1_315' title='bbox 1098 4220 1238 4286; x_wconf 89' lang='lat' dir='ltr'>Oriente</span> <span class='ocrx_word' id='word_1_316' title='bbox 1263 4240 1324 4310; x_wconf 87' lang='lat' dir='ltr'>per</span> <span class='ocrx_word' id='word_1_317' title='bbox 1345 4219 1513 4288; x_wconf 88' lang='lat' dir='ltr'>Zenonem</span> <span class='ocrx_word' id='word_1_318' title='bbox 1538 4211 1570 4283; x_wconf 85' lang='lat' dir='ltr'>dt</span> <span class='ocrx_word' id='word_1_319' title='bbox 1594 4206 1795 4281; x_wconf 76' lang='lat' dir='ltr'>Anastasium</span> <span class='ocrx_word' id='word_1_320' title='bbox 1816 4210 1924 4283; x_wconf 85' lang='lat' dir='ltr'>illatas</span> 
     </span>
     <span class='ocr_line' id='line_1_36' title="bbox 491 4307 1926 4410; baseline -0.001 -28"><span class='ocrx_word' id='word_1_321' title='bbox 491 4341 641 4410; x_wconf 71' lang='lat' dir='ltr'>apertior</span> <span class='ocrx_word' id='word_1_322' title='bbox 663 4331 676 4406; x_wconf 70' lang='lat' dir='ltr'>J</span> <span class='ocrx_word' id='word_1_323' title='bbox 693 4341 711 4378; x_wconf 81' lang='lat' dir='ltr'>i·</span> <span class='ocrx_word' id='word_1_324' title='bbox 726 4336 778 4388; x_wconf 81' lang='lat' dir='ltr'>ST</span> <span class='ocrx_word' id='word_1_325' title='bbox 792 4343 799 4386; x_wconf 90' lang='lat' dir='ltr'>i</span> <span class='ocrx_word' id='word_1_326' title='bbox 813 4339 892 4388; x_wconf 73' lang='lat' dir='ltr'>ntis</span> <span class='ocrx_word' id='word_1_327' title='bbox 911 4371 920 4398; x_wconf 89' lang='lat'>‚</span> <span class='ocrx_word' id='word_1_328' title='bbox 946 4315 1139 4384; x_wconf 81' lang='lat' dir='ltr'>Hormisdae</span> <span class='ocrx_word' id='word_1_329' title='bbox 1162 4318 1246 4381; x_wconf 89' lang='lat' dir='ltr'>lloni</span> <span class='ocrx_word' id='word_1_330' title='bbox 1286 4312 1452 4382; x_wconf 85' lang='lat' dir='ltr'>Pontificis</span> <span class='ocrx_word' id='word_1_331' title='bbox 1470 4308 1623 4407; x_wconf 79' lang='lat' dir='ltr'>precibus</span> <span class='ocrx_word' id='word_1_332' title='bbox 1640 4307 1672 4378; x_wconf 83' lang='lat' dir='ltr'>dt</span> <span class='ocrx_word' id='word_1_333' title='bbox 1689 4311 1823 4380; x_wconf 85' lang='lat' dir='ltr'>monitis</span> <span class='ocrx_word' id='word_1_334' title='bbox 1842 4313 1926 4381; x_wconf 82' lang='lat' dir='ltr'>exci-</span> 
     </span>
     <span class='ocr_line' id='line_1_37' title="bbox 491 4393 1939 4504; baseline -0.006 -20"><span class='ocrx_word' id='word_1_335' title='bbox 491 4441 539 4484; x_wconf 92' lang='lat' dir='ltr'>tus</span> <span class='ocrx_word' id='word_1_336' title='bbox 557 4439 655 4504; x_wconf 91' lang='lat' dir='ltr'>quam</span> <span class='ocrx_word' id='word_1_337' title='bbox 675 4416 849 4485; x_wconf 85' lang='lat' dir='ltr'>celerrime</span> <span class='ocrx_word' id='word_1_338' title='bbox 866 4412 1044 4484; x_wconf 86' lang='lat' dir='ltr'>inlliurare</span> <span class='ocrx_word' id='word_1_339' title='bbox 1061 4407 1234 4481; x_wconf 69' lang='lat' dir='ltr'>sellinavit.</span> <span class='ocrx_word' id='word_1_340' title='bbox 1286 4415 1398 4479; x_wconf 87' lang='lat' dir='ltr'>Primo</span> <span class='ocrx_word' id='word_1_341' title='bbox 1414 4412 1502 4480; x_wconf 85' lang='lat' dir='ltr'>enini</span> <span class='ocrx_word' id='word_1_342' title='bbox 1525 4406 1630 4478; x_wconf 84' lang='lat' dir='ltr'>slatim</span> <span class='ocrx_word' id='word_1_343' title='bbox 1646 4393 1758 4477; x_wconf 76' lang='lat' dir='ltr'>edisio</span> <span class='ocrx_word' id='word_1_344' title='bbox 1775 4407 1939 4485; x_wconf 72' lang='lat' dir='ltr'>Catholi-v</span> 
     </span>
     <span class='ocr_line' id='line_1_38' title="bbox 494 4503 1926 4607; baseline -0.007 -26"><span class='ocrx_word' id='word_1_345' title='bbox 494 4539 508 4581; x_wconf 87' lang='lat' dir='ltr'>s</span> <span class='ocrx_word' id='word_1_346' title='bbox 525 4537 660 4590; x_wconf 85' lang='lat' dir='ltr'>tttnnes,</span> <span class='ocrx_word' id='word_1_347' title='bbox 685 4518 741 4607; x_wconf 88' lang='lat' dir='ltr'>qui</span> <span class='ocrx_word' id='word_1_348' title='bbox 758 4510 815 4583; x_wconf 93' lang='lat' dir='ltr'>sub</span> <span class='ocrx_word' id='word_1_349' title='bbox 832 4510 996 4594; x_wconf 83' lang='lat' dir='ltr'>Anrslastn</span> <span class='ocrx_word' id='word_1_350' title='bbox 1018 4512 1245 4587; x_wconf 80' lang='lat' dir='ltr'>exulaverant,</span> <span class='ocrx_word' id='word_1_351' title='bbox 1269 4512 1453 4577; x_wconf 90' lang='lat' dir='ltr'>revocavit:</span> <span class='ocrx_word' id='word_1_352' title='bbox 1478 4531 1547 4577; x_wconf 91' lang='lat' dir='ltr'>iuni</span> <span class='ocrx_word' id='word_1_353' title='bbox 1562 4527 1730 4602; x_wconf 82' lang='lat' dir='ltr'>quotquot</span> <span class='ocrx_word' id='word_1_354' title='bbox 1743 4503 1926 4574; x_wconf 86' lang='lat' dir='ltr'>Chalcedo-</span> 
     </span>
     <span class='ocr_line' id='line_1_39' title="bbox 496 4599 1925 4705; baseline -0.013 -25"><span class='ocrx_word' id='word_1_355' title='bbox 496 4610 551 4682; x_wconf 91' lang='lat' dir='ltr'>nse</span> <span class='ocrx_word' id='word_1_356' title='bbox 570 4610 756 4678; x_wconf 74' lang='lat' dir='ltr'>Concilium</span> <span class='ocrx_word' id='word_1_357' title='bbox 774 4609 927 4705; x_wconf 75' lang='lat' dir='ltr'>aniplesli</span> <span class='ocrx_word' id='word_1_358' title='bbox 946 4610 977 4680; x_wconf 81' lang='lat' dir='ltr'>dt</span> <span class='ocrx_word' id='word_1_359' title='bbox 995 4609 1174 4702; x_wconf 62' lang='lat' dir='ltr'>predicare</span> <span class='ocrx_word' id='word_1_360' title='bbox 1196 4601 1440 4684; x_wconf 70' lang='lat' dir='ltr'>detrectabant,</span> <span class='ocrx_word' id='word_1_361' title='bbox 1468 4604 1643 4676; x_wconf 87' lang='lat' dir='ltr'>Cathredis</span> <span class='ocrx_word' id='word_1_362' title='bbox 1668 4599 1730 4671; x_wconf 91' lang='lat' dir='ltr'>suis</span> <span class='ocrx_word' id='word_1_363' title='bbox 1751 4601 1846 4691; x_wconf 81' lang='lat' dir='ltr'>ejecit</span> <span class='ocrx_word' id='word_1_364' title='bbox 1865 4622 1925 4664; x_wconf 88' lang='lat' dir='ltr'>ati.</span> 
     </span>
    </p>
   </div>
   <div class='ocr_carea' id='block_1_13' title="bbox 491 4691 1928 4863">
    <p class='ocr_par' dir='ltr' id='par_1_13' title="bbox 491 4691 1928 4863">
     <span class='ocr_line' id='line_1_40' title="bbox 491 4691 1928 4863; baseline -0.015 -82"><span class='ocrx_word' id='word_1_365' title='bbox 491 4741 495 4775; x_wconf 85' lang='lat' dir='ltr'>t</span> <span class='ocrx_word' id='word_1_366' title='bbox 514 4736 600 4805; x_wconf 85' lang='lat'>519:</span> <span class='ocrx_word' id='word_1_367' title='bbox 621 4707 814 4804; x_wconf 80' lang='lat' dir='ltr'>questiones</span> <span class='ocrx_word' id='word_1_368' title='bbox 831 4709 889 4782; x_wconf 88' lang='lat' dir='ltr'>liiii</span> <span class='ocrx_word' id='word_1_369' title='bbox 904 4708 943 4781; x_wconf 88' lang='lat' dir='ltr'>ab</span> <span class='ocrx_word' id='word_1_370' title='bbox 960 4706 1131 4805; x_wconf 86' lang='lat' dir='ltr'>Episcopis</span> <span class='ocrx_word' id='word_1_371' title='bbox 1153 4706 1317 4791; x_wconf 84' lang='lat' dir='ltr'>hereticis</span> <span class='ocrx_word' id='word_1_372' title='bbox 1332 4701 1457 4776; x_wconf 86' lang='lat' dir='ltr'>oblatas</span> <span class='ocrx_word' id='word_1_373' title='bbox 1470 4704 1512 4776; x_wconf 90' lang='lat' dir='ltr'>ad</span> <span class='ocrx_word' id='word_1_374' title='bbox 1530 4699 1750 4778; x_wconf 88' lang='lat' dir='ltr'>Hormisdani</span> <span class='ocrx_word' id='word_1_375' title='bbox 1768 4691 1928 4863; x_wconf 44' lang='lat' dir='ltr'>deodata</span> 
     </span>
    </p>
   </div>
   <div class='ocr_carea' id='block_1_14' title="bbox 0 0 2527 5588">
    <p class='ocr_par' dir='ltr' id='par_1_14' title="bbox 0 0 2527 5588">
     <span class='ocr_line' id='line_1_41' title="bbox 0 0 2527 5588; baseline 0 0"><span class='ocrx_word' id='word_1_376' title='bbox 0 0 2527 5588; x_wconf 95' lang='lat' dir='ltr'> </span> 
     </span>
    </p>
   </div>
  </div>
 </body>
</html>
