5017 5592
515 577 593 718 ¹nr
609 579 751 717 vano
767 635 1091 718 arnrnutrro
1109 575 1307 719 iterur.
1324 639 1470 740 ,acen
1496 571 1912 733 oriturarum.
1930 577 1995 757 ,71

518 817 771 894 essentialem&
789 823 958 893 internum
983 821 1188 918 sperabatur.
1239 823 1443 899 Nullotenua
1468 803 1617 902 Polluces
1635 827 1694 902 libi
1716 857 1933 928 arrogarunt,
1960 860 2000 910 ut

515 920 712 992 immediate
733 919 935 993 authoritate
958 919 1013 992 sua
1033 923 1073 991 ad
1098 931 1166 993 rim
1187 922 1219 994 dr
1242 921 1421 1010 efficaciam
1445 917 1573 1019 Legiim
1596 953 1814 1025 quoscunque
1839 938 1938 1005 Cives
1958 934 1999 1011 ,dr
2078 971 2083 986 ·

507 1015 728 1110 Magistratus
745 1018 852 1089 civilis
873 1017 1082 1088 adminislros
1107 1044 1165 1092 aot
1191 1023 1339 1095 subditos
1366 1022 1588 1117 obligantium
1618 1023 1674 1101 sua
1694 1029 1751 1099 illa
1775 1028 1910 1103 consilia
1936 1055 1994 1104 aut

513 1115 629 1188 media
643 1115 726 1188 bene
745 1115 810 1186 visa
826 1119 968 1188 evehere
984 1115 1123 1213 pollent.

636 1247 837 1321 Posteriores
858 1275 939 1323 vero
961 1275 1001 1322 eo
1027 1252 1186 1334 tendunt,
1211 1274 1273 1338 ut„
1304 1274 1465 1348 quatenus
1489 1237 1662 1350 poterant,
1685 1261 1914 1332 executionem
1935 1265 2002 1334 Le·

511 1370 599 1440 gum
612 1345 855 1442 supremorum
884 1351 1077 1442 Principum
1103 1347 1386 1440 Christianorum,
1409 1376 1490 1446 quas
1515 1350 1695 1423 utilissimas
1715 1358 1755 1426 ad
1779 1355 1859 1428 fines
1888 1361 1996 1431 Eccle-

512 1441 659 1517 ilallicos
685 1448 945 1541 perspexerant,
968 1447 1112 1542 ideoque
1135 1472 1210 1517 curn
1242 1453 1425 1538 gratiarum
1451 1445 1581 1520 abbione
1604 1475 1873 1547 acceptaverant,
1899 1479 1999 1550 atque

513 1543 552 1614 in
575 1551 643 1613 vim
664 1543 744 1633 legis
770 1568 905 1638 quoque
925 1543 1151 1615 Ecclefiaslicae
1174 1544 1433 1641 adoptaverant,
1453 1569 1691 1642 procurarent,
1715 1576 1751 1619 ac
1771 1555 1877 1644 porois
1898 1557 2000 1625 etiam
2082 1559 2110 1591 ⁸

511 1637 773 1723 Ecclefiastms,
785 1666 857 1736 qnae
874 1645 906 1710 in
928 1666 1045 1713 eorum
1061 1637 1191 1713 fuerant
1206 1640 1384 1738 potestate,
1405 1667 1565 1735 urgerent
1576 1645 1652 1739 jore
1669 1643 1886 1733 defenfio‘nia,
1907 1649 1999 1750 quod

514 1741 641 1838 tuique
657 1741 756 1809 etiam
774 1761 907 1834 privato
930 1738 1084 1812 adversos
1103 1737 1260 1834 injuslum
1278 1737 1463 1814 invasorem
1486 1742 1576 1814 haud
1592 1741 1638 1817 est
1654 1743 1883 1820 interdislum·

629 1893 808 1969 'Adversus
828 1892 1007 1967 inferiores
1030 1896 1172 1991 proinde
1195 1918 1414 1991 quoscunque
1439 1897 1471 1968 dr
1496 1896 1700 1972 subalternas
1723 1901 1807 1972 adeo
1822 1895 2003 1998 'Magistra-

516 2015 575 2068 tus
592 2017 628 2062 ac
642 1996 777 2092 Jodices
795 1998 845 2065 bae
863 1998 894 2063 in
911 2001 976 2065 rim
993 1999 1094 2066 etiam
1119 1997 1199 2085 legis
1219 1990 1456 2089 praesuppnsrta
1477 1998 1669 2093 Principum
1685 1995 1888 2071 concessione
1901 2000 1934 2070 se
1947 2022 2003 2071 ex·

514 2115 636 2175 crunt,
654 2095 838 2164 dummodo
853 2097 1035 2188 Supremos
1049 2090 1125 2188 tpsae
1140 2095 1310 2185 Principes
1326 2092 1587 2189 independenter
1602 2119 1670 2166 non
1681 2097 1980 2193 comprehendant.

509 2237 513 2244 ⁶
638 2253 730 2320 Nam
747 2250 807 2318 hos
822 2254 854 2318 in
870 2242 970 2317 causta
988 2246 1051 2312 Dri
1068 2242 1270 2313 Libertatem
1287 2240 1442 2340 Ecclefiq
1453 2248 1600 2318 revereri
1619 2244 1742 2318 debere
1761 2267 1919 2342 tanquam
1931 2243 2003 2319 sub-

517 2345 611 2419 ditos
632 2344 783 2442 superins
808 2342 1102 2415 cotnntonsitatsrn
1128 2337 1203 2410 fuit.
1265 2345 1303 2408 ln
1326 2337 1427 2410 causta
1450 2367 1530 2413 vcro
1552 2343 1815 2439 temporalibus,
1834 2369 1908 2441 quae
1931 2353 2003 2416 An·

520 2439 718 2516 recessurum
736 2451 870 2514 suornm
889 2443 1004 2512 lavore
1021 2437 1164 2511 concessa
1184 2439 1273 2519 sunt,
1294 2436 1370 2507 licet
1383 2463 1442 2510 nec
1458 2440 1517 2538 ipsi
1531 2466 1656 2515 temere
1670 2465 1831 2514 revocare
1845 2439 1999 2525 debeant,

517 2547 577 2613 vix
593 2565 702 2613 tamen
717 2543 780 2620 eil,
802 2567 834 2612 ut
857 2539 990 2607 eandam
1011 2563 1182 2631 pernarum
1200 2531 1405 2606 l'evcntatem
1422 2539 1603 2633 approbari
1618 2542 1731 2622 liceat,
1748 2565 1810 2635 per
1825 2541 2004 2632 quasejus·

519 2639 600 2711 dent
617 2635 741 2710 favoris
756 2643 959 2720 contionario
976 2663 1013 2705 cr
1038 2635 1145 2728 slrr'tla
1165 2634 1246 2724 legis
1270 2628 1453 2705 neceffitatc
1473 2639 1639 2726 exigatur3
1663 2660 1764 2731 prout
1780 2661 1839 2708 nec
1855 2634 2000 2708 Ecclesia
2099 2703 2105 2722 ,

517 2761 668 2830 unquam
687 2734 824 2828 exegisse
842 2739 993 2817 videtur,
1019 2737 1094 2804 cuni
1110 2736 1262 2803 canones
1274 2725 1346 2827 ipsa
1360 2727 1435 2805 suos
1456 2733 1600 2830 penales
1615 2736 1650 2805 in
1666 2735 1825 2807 conciliis
1843 2733 2002 2808 adversus

519 2833 586 2909 bos
604 2860 669 2906 non
684 2837 878 2906 extenderit.
896 2834 933 2924 a)

640 2982 725 3054 nitae
750 2985 828 3052 item
848 2979 939 3064 sunt,
965 3008 1039 3079 qnae
1062 2980 1141 3056 lieet
1161 2981 1250 3052 inter
1271 2979 1361 3074 leges
1382 2979 1618 3054 Ecclesiasticas
1637 2979 1844 3065 referantur,
1868 3003 1934 3052 non
1951 3002 2002 3054 ta·

521 3099 601 3152 men
623 3079 877 3151 Ecclesiasticam
896 3083 1110 3176 porcilntem,
1135 3079 1189 3150 l'cd
1206 3080 1380 3151 Politicam
1403 3079 1519 3177 reapse
1542 3106 1693 3153 autorem
1710 3081 1845 3155 habent.
1894 3080 2001 3151 Talea
2051 3099 2054 3104 ·

520 3180 700 3272 permulta·
718 3176 807 3258 sunt,
834 3205 913 3272 quas
936 3183 1107 3272 Principes
1124 3180 1157 3245 in
1177 3180 1331 3247 Comitiis
1353 3176 1597 3273 Episcoporum
1622 3180 1834 3274 aliorumque
1857 3184 2002 3270 Magna·

520 3298 595 3348 rum
619 3274 846 3354 Ditionissurc
879 3274 1145 3355 constituerunt,
1172 3298 1314 3367 queque
1336 3275 1437 3365 vulgo
1459 3281 1611 3346 Cenones
1638 3300 1823 3358 vocantur,
1873 3278 2002 3345 uamvis

521 3375 708 3444 authoritas
726 3376 906 3463 legislativa
923 3370 1068 3442 Ec'eleliae
1086 3375 1119 3440 in
1136 3372 1183 3440 eis
1200 3369 1289 3440 haud
1304 3372 1548 3470 intervenerit,
1575 3371 1608 3442 dr
1633 3374 1804 3467 Principes
1822 3301 2004 3464 solummo-

521 3471 568 3541 do
585 3471 810 3542 consuluerint
828 3468 1008 3565 Episcopus
1025 3470 1116 3539 velue
1133 3469 1236 3538 Viros
1261 3490 1331 3561 prae
1351 3467 1423 3538 aliis
1448 3470 1643 3559 Regnorum
1668 3466 1868 3540 Proceribus
1884 3491 2004 3558 magna

522 3570 757 3664 prudentia&
788 3568 914 3640 summa
934 3567 1101 3664 probitate
1128 3564 1392 3639 commendatos.
1439 3567 1590 3636 Concilio
1617 3563 1819 3660 quandoque
1837 3562 2003 3634 vocabulo

521 3665 747 3738 Ecclesiallico
766 3691 942 3748 vocantur,
964 3691 1037 3759 quar
1055 3689 1112 3735 rea
1140 3660 1172 3736 se
1195 3664 1389 3754 Regnorum
1407 3664 1553 3734 Comitia
1573 3656 1715 3733 suerent.
1764 3660 1863 3754 Plura
1883 3683 2003 3731 eorum

522 3767 561 3840 in
581 3762 777 3834 Praefatioac
795 3790 887 3858 oque
904 3787 939 3835 ac
951 3768 983 3834 in
1001 3690 1141 3834 decurid
1157 3767 1331 3833 Canonum
1352 3757 1515 3842 indicant,
1535 3759 1643 3855 qualis
1665 3782 1856 3854 quantaque
1879 3758 1913 3828 dt
1929 3761 2002 3828 uni·

520 3887 561 3936 ca
576 3865 707 3956 Regum
725 3888 758 3933 rn
773 3867 814 3933 iis
829 3858 933 3934 fuerit
948 3863 1145 3934 authoritas.
1192 3861 1227 3932 Si
1240 3880 1322 3927 vero
1337 3857 1434 3952 plura
1452 3858 1541 3941 sunt,
1557 3863 1591 3929 in
1607 3856 1727 3955 quibus
1742 3857 1788 3928 ita
1803 3853 1923 3929 diserte
1925 3879 2004 4022 fpon

1259 3958 1318 4025 Cc
1340 3979 1437 4028 eea
1904 3977 2004 4027 eer-

565 4121 611 4207 ta)⁴
626 4122 786 4206 Exemplo
801 4120 863 4186 elie
877 4119 981 4205 potest
998 4123 1133 4205 provida
1151 4121 1204 4184 illa
1220 4122 1419 4197 moderetio,
1439 4139 1500 4204 qua
1530 4119 1579 4184 Sa.
1599 4119 1735 4185 Concilii
1750 4119 1928 4186 Tridentini
1942 4119 2002 4187 Pa·

641 4219 705 4270 tres·
720 4211 752 4271 in
768 4204 842 4274 Ser.
854 4225 903 4287 25.
920 4205 995 4287 Cap.
1015 4223 1066 4271 ιο.
1088 4206 1127 4266 de
1149 4203 1289 4270 Reform.
1314 4205 1403 4290 super
1421 4205 1485 4267 hoc
1506 4203 1748 4266 lmmunitatom
1771 4203 2003 4270 Ecclesiastico·

640 4308 708 4352 mm
729 4302 918 4371 argumento
933 4300 1082 4358 utuntur,
1105 4291 1178 4348 dom
1200 4286 1503 4350 comminationibus
1522 4292 1577 4346 aut
1596 4284 1699 4365 poenia
1718 4285 1867 4349 adversus
1885 4285 2004 4352 Princi-

643 4392 697 4453 pes
715 4371 799 4433 haud
818 4373 988 4441 damnant,
1011 4370 1059 4431 sed
1076 4367 1314 4430 elocutionibus
1333 4369 1529 4439 reverentia,
1551 4363 1718 4438 modestia,
1742 4388 1778 4430 ac
1795 4367 1910 4433 fiducia
1932 4369 2003 4451 ple·

642 4455 691 4516 nis
705 4454 859 4533 Principes
873 4451 1052 4514 initantum
1070 4451 1168 4513 officii
1188 4450 1406 4511 admonendos
1421 4445 1623 4521 censuerunt,
1634 4465 1682 4510 ..ne
1694 4445 1928 4514 Immuoitttem
1942 4449 2005 4513 Ec·

642 4535 743 4601 clestae
756 4536 789 4596 dr
804 4534 1004 4615 personatum
1018 4531 1330 4595 Ecclesiasticaruma
1345 4530 1405 4593 saia
1421 4527 1636 4604 officialibus,
1656 4541 1713 4594 aut
1724 4531 1926 4597 inferioribus
1937 4532 2004 4593 Μι-

643 4615 822 4699 gistratibus
839 4617 872 4676 dr
893 4614 1038 4691 subditis,
1055 4617 1164 4697 aliquo
1181 4613 1362 4697 cupiditatis
1377 4611 1499 4686 stadio,
1518 4609 1572 4677 seu
1591 4612 1878 4683 inconfidentiona
1889 4615 2004 4697 eliqua,

646 4698 762 4764 violari
780 4700 1008 4783 permitterent.
