5017 5592
353 660 356 669 ’
430 605 579 783 ’[49,
769 665 1108 750 utmrnrnrto
1135 663 1438 742 HtsToRrCO·
1458 661 1732 748 canonica
1798 741 1801 746 ,

506 865 565 962 pie
580 856 741 932 solicitam
758 846 974 922 fundatorum
990 846 1317 923 commendationem
1332 833 1372 917 ab
1381 843 1649 960 Imperatoribnr
1663 843 1914 945 promptissima
1928 847 1986 962 ala·

506 962 627 1034 enitare
644 945 811 1024 admissam
832 950 1044 1041 negotiorum
1063 945 1246 1020 multitudo
1261 969 1379 1017 eorum
1394 969 1566 1020 memorre
1589 959 1831 1044 nonnunquam
1852 943 1988 1020 abslults·

378 1089 381 1098 ’
419 1065 422 1070 ’
508 1056 575 1140 fer,
602 1048 756 1148 synodos
777 1044 965 1119 Tieinenfis
980 1071 1090 1118 canone
1113 1059 1167 1119 ιθ.
1182 1044 1352 1117 decrevit:

548 1173 1982 1341 ⁸⁰⁸rir2¹tlrrsblidrrr‘rrarrrasairrariis:‚blsr‘rbdrss

625 1343 706 1417 lius,
728 1360 820 1424 quam
834 1361 852 1403 a
867 1339 1006 1404 Summis
1023 1340 1231 1405 Potestatibus
1249 1341 1447 1423 protegenda
1462 1340 1660 1407 crediderint.

507 1446 726 1562 Ejuscenodi
753 1458 1053 1533 commendationis
1085 1453 1256 1628 ere'msplar
1280 1458 1320 1531 de
1343 1445 1500 1531 Wisredo
1523 1458 1657 1533 Comite
1681 1458 1715 1531 dt
1738 1460 1821 1555 Ejus
1843 1459 1984 1558 conjuga

511 1565 589 1638 Ode
603 1563 693 1657 apud
710 1564 837 1653 Regem
858 1559 1015 1655 Pipinutn
1031 1559 1166 1654 interpo
1179 1577 1232 1631 rrae
1249 1579 1382 1631 enarret
1404 1557 1540 1632 Autbor
1562 1558 1637 1632 rire
1654 1562 1687 1634 S.
1705 1556 1847 1634 Genulfi
1869 1565 1939 1639 Lar.
1955 1587 1985 1658 ¹e.

512 1671 552 1738 ss.
581 1680 616 1741 8·

637 1791 707 1866 Vl.
732 1789 915 1883 Singularis
932 1786 1041 1861 islbatc
1058 1787 1241 1862 Advocatio
1258 1790 1349 1864 nulla
1370 1792 1501 1864 tatione
1515 1785 1748 1863 Universalem
1772 1812 1832 1864 out
1847 1787 1988 1886 Majella·

512 1894 614 1969 ticam
629 1890 788 1986 impedit,
805 1888 927 1959 nedum
942 1888 1045 1969 tollit,
1065 1884 1120 1959 sed
1139 1888 1284 1983 pulchro
1299 1915 1384 1960 nexu
1400 1887 1458 1960 libi
1472 1892 1616 1960 invicem
1630 1885 1850 1983 copulantur:
1876 1893 1989 1986 Qtem·

512 1989 698 2064 admodum
719 1990 807 2060 enim
827 1988 897 2055 Rex
922 2006 978 2057 aut
992 1987 1150 2080 Princeps
1173 1981 1383 2058 subditorum
1404 1985 1539 2058 suorum
1560 1987 1707 2082 aliqups,
1741 1981 1867 2079 quibus
1889 2007 1989 2084 prote·

510 2085 663 2161 ssionem
680 2079 875 2156 dr'tutamen
894 2081 993 2155 titulo
1008 2083 1177 2154 communi
1193 2084 1295 2176 Regis
1312 2086 1541 2177 Principirve,
1567 2089 1616 2153 uti
1631 2078 1786 2153 omnibus
1803 2082 1880 2154 aliis
1896 2082 1991 2155 subdi·

515 2190 560 2260 tis
577 2187 646 2281 jam
666 2183 824 2272 debebat,
859 2205 900 2253 eo
920 2204 987 2251 non
1008 2175 1156 2251 obslonte
1177 2176 1332 2273 litrgulari
1355 2181 1453 2254 titulo
1477 2204 1533 2252 aut
1563 2177 1741 2254 affectione
1761 2182 1796 2251 in
1827 2178 1990 2278 specialem
2030 2201 2033 2272 ξ

514 2283 705 2356 clientelam
724 2306 760 2351 ac
785 2281 961 2351 tuitionem
982 2279 1134 2371 recipere
1151 2276 1245 2350 nullo
1267 2279 1370 2351 modo
1388 2278 1605 2375 prohibetur,
1638 2280 1700 2358 ita,
1737 2300 1776 2348 ut
1797 2302 1887 2372 quos
1910 2299 1991 2350 antea

516 2381 680 2454 Subditos
702 2375 913 2474 simpliciter,
935 2379 1069 2467 gemeine
1084 2380 1223 2446 Laudes·
1239 2381 1472 2458 voracitatem,
1496 2375 1630 2456 habuit,
1647 2395 1747 2469 atque
1767 2373 1897 2450 babere
1914 2375 1992 2454 deire

516 2501 600 2578 ceps
621 2478 751 2574 pergit,
777 2498 864 2545 nunc
887 2469 1023 2570 insuper
1042 2472 1179 2544 eosdem
1199 2497 1288 2544 novo
1311 2472 1410 2544 titulo
1432 2496 1588 2572 tanquam
1613 2470 1762 2542 subditos
1780 2470 1992 2556 clientelarer,

520 2579 681 2670 defendere
707 2576 841 2648 Srbtrrz·
857 2575 1068 2643 Unterrlranen
1083 2567 1280 2666 respiciat&
1294 2565 1423 2642 foveat:
1447 2574 1492 2642 ita
1505 2595 1640 2668 quoque
1657 2569 1739 2638 nihil
1756 2567 1896 2664 prorsus
1904 2567 1994 2645 obsta·

518 2673 589 2756 bit,
616 2673 697 2767 quin
713 2665 904 2767 lmpe'rator
917 2666 1092 2740 nonnullas
1111 2663 1287 2750 Ecclesas,
1313 2692 1395 2763 quas
1415 2664 1621 2742 Universalis
1644 2688 1700 2737 aur
1716 2666 1922 2762 Majellatici
1934 2667 1994 2742 ad·

520 2772 631 2846 vocati
646 2771 783 2842 nominc
804 2767 967 2865 protexit,
999 2764 1126 2838 eisdem
1147 2787 1285 2862 quoque
1304 2762 1454 2862 specialia
1479 2768 1629 2841 tuitionis
1651 2759 1852 2840 beneficium
1875 2771 1993 2866 imper!

522 2892 642 2944 tratur.

644 2996 731 3071 Vll.
770 3000 940 3095 Quoniam
960 3019 1042 3069 vero
1064 2992 1272 3069 Sacratiffimi
1295 3000 1519 3093 imperatores
1543 2993 1713 3095 saepilsmc
1731 2995 1848 3080 bellis,
1881 2998 1997 3071 itineri«

522 3096 588 3170 bus
605 3095 638 3169 dr
656 3096 729 3167 aliis
745 3092 939 3187 gravissimis
956 3097 1094 3191 Imperii
1112 3098 1254 3185 negotiis
1271 3098 1425 3191 impliciti
1443 3093 1592 3166 Ecclestis
1610 3097 1643 3171 dr
1660 3094 1908 3189 lleligiosorum
1920 3097 1998 3170 clatr-

523 3194 621 3278 slris,
637 3195 777 3290 aliisque
793 3193 873 3264 locis
891 3194 975 3288 piis,
990 3195 1023 3262 in
1038 3188 1213 3287 specialem
1229 3191 1474 3289 proteslionetn
1492 3195 1634 3288 receptis
1653 3217 1719 3266 tarn
1736 3194 1998 3291 releremopcnr,

525 3319 566 3366 ac
582 3318 635 3366 res
651 3316 769 3364 eorum
785 3286 913 3361 afflicta
931 3289 1122 3381 exigebant,
1149 3287 1283 3363 adferre
1295 3317 1360 3361 non
1377 3314 1548 3385 poterant;
1573 3316 1614 3363 ne
1631 3315 1739 3364 tamen
1756 3291 1806 3362 illi
1826 3293 1912 3365 datae
1926 3291 1998 3366 fidei

525 3391 563 3463 air
581 3391 741 3463 Advocati
758 3383 869 3460 officio
883 3385 1042 3469 deessent,
1069 3388 1260 3483 Principes,
1287 3394 1435 3460 Comites
1452 3388 1602 3483 aliosque
1623 3395 1712 3460 vitos
1736 3392 1873 3484 pietatis
1897 3415 1935 3462 ae
1954 3413 1999 3462 re·

524 3490 663 3582 ligionis
678 3485 784 3557 sludio
806 3511 871 3560 non
887 3490 996 3556 minus
1015 3510 1114 3579 quam
1131 3487 1281 3581 potentia
1295 3486 1402 3558 claros
1418 3489 1451 3554 in
1470 3483 1563 3556 suum
1580 3485 1689 3558 locunt
1712 3487 1817 3557 veluti
1836 3488 1999 3562 Subadro·

525 3609 620 3660 catos
640 3580 789 3656 sufficere
803 3581 973 3664 amabant,
1000 3587 1057 3679 qui
1074 3579 1132 3651 suo
1150 3589 1284 3653 nomine
1297 3579 1487 3677 promissam
1504 3583 1654 3654 Ecclestis
1671 3582 1769 3655 fidam
1786 3582 1999 3669 exsolverent,

452 3702 458 3708 ”
526 3681 667 3780 injustos
684 3704 799 3752 earum
814 3678 1025 3775 oppressores
1041 3689 1251 3760 codtcerent,
1277 3681 1461 3751 scillarum
1478 3678 1583 3762 bona,
1603 3682 1697 3773 jura,
1721 3677 1933 3777 possessiones
1944 3682 2001 3755 sar·

527 3781 613 3950 taff&
627 3782 756 3870 integra
776 3775 1022 3852 conservarent.
1069 3780 1207 3852 Horum
1226 3778 1389 3876 exemplis
1411 3801 1527 3857 omnes
1549 3777 1779 3856 Historiarum
1801 3779 1885 3856 libri
1906 3775 2002 3858 rcscr.

527 3883 556 3953 r'r
581 3879 641 3952 ami
658 3877 886 3948 inveniuntur.

647 4025 753 4100 Vlll.
780 4025 939 4104 Corolum
958 4029 1009 4098 Μ.
1025 4025 1208 4102 Adalberto
1229 4033 1354 4106 Comiti
1369 4036 1564 4108 Briaconico
1579 4032 1767 4108 monosterii
1783 4036 1908 4129 Argiae
1930 4034 2020 4108 diri·¹

530 4124 594 4207 ris,
622 4131 812 4207 Reitbenarr,
840 4126 1057 4197 Advocatiam
1075 4125 1254 4219 delegasse,
1282 4132 1422 4223 legimus
1444 4134 1530 4230 apud
1550 4140 1729 4228 Magetutn
1753 4141 1807 4208 loc.
1826 4143 1881 4206 cir.
1910 4139 2006 4206 Erne-

532 4218 619 4290 slum
635 4219 775 4294 Auslriae
798 4224 1033 4294 Matclrionem
1055 4223 1095 4294 ab
1117 4229 1270 4298 Henrico
1292 4233 1380 4322 lmp.
1407 4235 1467 4300 lV.
1494 4233 1729 4325 Mettnpnleos
1751 4227 2004 4327 Salisburgeuss

532 4315 672 4388 tutelam
688 4316 841 4411 stngttlari
859 4321 1041 4416 diplomate
1057 4319 1113 4392 fibi
1133 4321 1274 4393 delatam
1291 4324 1517 4424 assumpsisse,¹
1539 4325 1644 4400 resert
1660 4327 1882 4425 Cuspinisnus
1904 4337 1936 4404 irr
1952 4330 2006 4421 [aa

534 4414 666 4501 Austria
682 4438 744 4506 rap.
762 4443 794 4499 9.
810 4443 839 4486 n.
855 4433 874 4487 a
879 4446 938 4497 50.
991 4424 1086 4490 Onus
1102 4423 1301 4515 protegendi
1324 4424 1560 4497 monasterium
1581 4425 1820 4500 Gemblaeense
1846 4433 2007 4502 Ottonetn

535 4515 702 4603 Magnum
717 4514 749 4580 in
766 4516 933 4587 Comitem
955 4515 1191 4588 Luranieitsem
1212 4517 1388 4593 devoltilsc
1412 4522 1524 4595 scribit
1548 4527 1689 4595 Miratus
1706 4533 1749 4604 ,in
1775 4529 2007 4599 coarctante.

534 4612 591 4690 De
607 4613 636 4683 F
636 4609 781 4687 riderico
796 4613 884 4709 Imp.
900 4617 930 4688 l.
950 4615 1040 4694 idem
1054 4617 1166 4694 narrar
1180 4614 1339 4695 Besoldus
1353 4647 1391 4698 cx
1405 4625 1588 4698 retamenta
1608 4625 1903 4720 Dtnrlpadatscnsts
1918 4649 2007 4737 cena·-

1959 4727 2012 4810 ‘aa
