5017 5592
537 629 611 720 uu
635 635 900 744 uouonuu
916 625 1328 768 recursusrteo.
1343 612 1627 716 nomnen
1648 633 1896 717 coutscr.
1921 648 1989 739 625

505 818 631 897 faciem
650 824 759 893 Statue
776 813 938 891 Ecclesiae
954 815 1073 890 induit⁴
1127 819 1261 889 Etenim
1277 842 1353 890 eum
1375 823 1498 913 paretis
1515 818 1603 894 bisce
1624 795 1991 915 temporibusbsiclesie

503 923 541 994 in
566 923 644 994 loco
670 917 775 990 stabili
797 914 930 1012 fixoque
951 940 1082 1010 poterat
1112 914 1299 998 considere,
1326 917 1500 1014 &templo
1522 921 1722 1015 undiquc&
1745 946 1818 991 ares
1841 922 1990 1011 erigere,

505 1022 789 1115 Supremumque
808 1017 950 1086 DEUM
971 1041 1037 1085 non
1056 1015 1123 1110 jem
1139 1016 1286 1086 clancule
1306 1015 1468 1110 emplius,
1492 1016 1546 1096 sed
1562 1020 1671 1114 polam
1695 1019 1835 1090 adorere
1858 1024 1991 1112 coepit,

503 1140 610 1213 etque
626 1141 696 1188 tum
714 1141 779 1185 non
797 1117 872 1183 illue
889 1136 1033 1210 tontum,
1056 1137 1145 1208 quae
1163 1111 1325 1184 Ecclefiae
1348 1116 1484 1185 antehac
1499 1140 1634 1209 ereptae
1655 1113 1804 1196 fuerant,
1828 1110 1992 1211 possessiu-

502 1242 586 1298 nes,
613 1214 763 1287 edicente
783 1217 1007 1305 Imperatore,
1028 1218 1138 1288 cidem
1152 1208 1227 1282 sunt
1243 1209 1429 1292 restitutae,
1446 1218 1479 1302 a)
1495 1214 1547 1284 sed
1566 1215 1599 1284 u
1615 1217 1765 1304 ingentes
1781 1213 1864 1285 aliae
1880 1213 1991 1282 omnir

501 1315 640 1411 generis
655 1309 821 1384 bonorum
839 1311 1033 1379 donationes
1055 1335 1159 1406 atque
1175 1305 1367 1381 accessiones
1385 1335 1401 1380 a
1421 1307 1575 1382 fidelibus
1598 1313 1704 1382 faisse
1726 1309 1816 1391 sunt,
1833 1315 1868 1400 i)
1894 1332 1931 1380 ut
1945 1332 1992 1380 ce·

499 1436 601 1488 reem
622 1406 780 1483 famosam
795 1409 910 1490 illam,
930 1433 1014 1503 quae
1038 1414 1141 1502 vulgo
1163 1402 1420 1495 circumfertur,
1446 1412 1661 1483 donetiuuem
1687 1407 1893 1482 Constantini
1914 1409 1993 1480 Me·

499 1516 563 1609 gni
577 1511 633 1605 c),
660 1512 693 1580 in
709 1508 802 1604 cujus
819 1508 994 1580 veritatem
1016 1533 1103 1581 nune
1118 1531 1185 1577 non
1199 1509 1347 1604 inquiro.

545 1677 585 1757 a)
608 1673 719 1744 Euseb,
733 1673 763 1737 vl.
782 1694 810 1742 e.
833 1672 883 1736 lib.
908 1691 939 1739 2.
959 1695 986 1737 c.
1009 1694 1060 1762 39.
1084 1674 1180 1738 refert
1200 1671 1346 1740 Edisbum
1366 1674 1563 1742 Constantini
1577 1675 1684 1757 Magos
1698 1672 1938 1742 restitutorium.
2058 1665 2063 1672 '

545 1795 586 1879 b)
604 1791 766 1938 qullatutxu
785 1793 815 1855 id
835 1791 912 1858 facit
930 1791 1074 1862 Urbanus
1089 1794 1121 1860 iu
1136 1793 1170 1859 C.
1186 1794 1332 1859 videntes
1350 1791 1443 1858 cenis.
1459 1813 1507 1864 12.
1524 1814 1554 1878 q.
1571 1814 1601 1862 1.
1635 1793 1764 1862 Confer.
1783 1792 1889 1859 Fraus.
1902 1790 1987 1864 Flet.

655 1895 718 1938 om.
757 1896 810 1956 .p.
828 1894 899 1955 410.

544 1980 940 2141 e)Deqqa1eaiptofcsso
962 1992 1029 2077 egit
1044 1991 1170 2063 Aeneae
1188 1991 1344 2062 Periiiens.
1371 1988 1473 2078 Episc.
1497 1990 1532 2057 in
1554 1989 1612 2060 suo
1629 1990 1805 2082 spicilegio
1831 1990 1929 2076 Tum,
1952 2009 1989 2063 ec

603 2098 653 2164 q·
736 2122 745 2145 ⁶
1653 2101 1661 2114 .

1173 2233 1210 2319 5.
1260 2231 1313 2307 V.

503 2439 514 2458 .
625 2386 702 2458 Hac
717 2384 846 2456 ratione
864 2405 939 2454 cum
959 2378 1107 2454 Minillti
1124 2378 1342 2456 Eccleserum
1362 2407 1401 2457 er
1422 2379 1499 2482 ipsit
1512 2380 1729 2482 praediorum
1747 2376 1990 2456 Ecclesiastico

499 2499 584 2558 rum
603 2479 766 2553 reditibus
782 2478 996 2553 sufficientem
1017 2479 1065 2551 sui
1085 2478 1353 2554 sustentationem
1374 2483 1556 2579 decerpere
1570 2478 1716 2579 possent,
1740 2501 1871 2552 veteres
1887 2480 1984 2566 illae,

497 2576 1551 2843 iillissflzllllllpliiiiilllil‘lizliiill
1563 2574 1986 2748 ,i‘illlliil‘lilt

498 2769 679 2868 conferre,
714 2775 768 2848 sed
791 2775 907 2846 eadem
938 2773 983 2844 tbi
1005 2773 1223 2871 imposterum
1243 2780 1390 2850 retinere
1412 2798 1614 2871 coeperunt,
1647 2798 1714 2869 quo
1733 2766 1882 2853 facium,
1907 2794 1986 2848 ute

497 2875 677 2974 primaeva
694 2873 768 2959 illa,
793 2876 826 2943 in
843 2897 907 2968 que
926 2895 1082 2943 unacum
1107 2872 1246 2943 Clericis
1262 2873 1295 2946 dt
1312 2872 1516 2973 pauperibus
1540 2868 1710 2968 bucusque
1730 2870 1901 2951 vixerunt,
1926 2866 1987 2942 bo·
2137 2960 2140 2964 Ι

496 2995 625 3140 uoluam
642 2974 793 3159 otpnium
808 2973 1044 3043 communione
1061 2967 1268 3055 recesserint,
1299 2971 1376 3050 solis
1390 2973 1528 3050 Clericis
1545 2966 1799 3073 &pauperibus
1811 2968 1848 3042 iu
1865 2966 1984 3049 eedem
2074 2994 2099 3022 ’-

496 3093 563 3146 ret
602 3093 672 3141 tue
1461 3088 1464 3094 ’

540 3238 581 3321 a)
599 3235 727 3322 Confer.
749 3199 857 3305 franc.
879 3236 963 3309 Flor,
986 3237 1008 3303 L
1031 3257 1059 3304 c.
1082 3233 1179 3303 Tom.
1206 3255 1234 3304 1.
1254 3256 1286 3321 p.
1306 3234 1391 3319 368..

1164 3472 1196 3563 ς.
1244 3466 1322 3543 vt.

617 3612 685 3687 Etsi
699 3639 780 3687 vero
795 3614 857 3688 hae
873 3619 1001 3690 ratione
1018 3615 1104 3715 ipsa,
1121 3644 1140 3691 e
1155 3616 1276 3716 quibus
1292 3615 1414 3694 Clerici
1431 3640 1506 3688 cum
1519 3611 1723 3712 pauperibus
1737 3613 1877 3688 antehac
1894 3615 1981 3691 vire·

494 3732 598 3796 runt,
623 3713 709 3785 bonu
724 3714 939 3792 Ecclesierum
955 3713 1081 3792 fuerint
1100 3739 1304 3812 permutata,
1330 3712 1474 3810 ipsisque
1489 3714 1638 3796 fidelium
1653 3715 1877 3790 oblationibus
1894 3713 1981 3787 bone

495 3809 688 3885 immobilia
704 3810 892 3896 substituta,
919 3835 1012 3886 vetus
1028 3840 1138 3886 tamen
1157 3815 1237 3885 haec
1253 3813 1394 3909 perinde
1410 3838 1445 3883 ac
1461 3811 1534 3890 illas
1551 3813 1583 3884 dt
1609 3812 1854 3883 administrandi
1875 3813 1908 3882 dt
1927 3812 1981 3894 di·,

496 3906 683 3983 llribuendi
705 3914 792 3980 ratio
811 3910 959 3995 duravit,
984 3938 1154 4010 penesque
1171 3937 1275 3984 unum
1295 3907 1498 4007 Episcopum
1520 3911 1682 3983 remanfit.
1700 3917 1737 4005 a)
1788 3915 1874 3981 Cum
1898 3934 1981 3984 vero

498 4008 530 4081 is
555 4007 684 4078 reditus
707 4006 943 4081 Ecclesiasticus
963 4035 1028 4109 pro
1050 4011 1252 4104 singulorum
1280 4010 1461 4101 indigentia
1483 4034 1539 4081 rut
1560 4035 1701 4080 numero
1729 4011 1892 4081 meritove
1911 4033 1979 4080 non

497 4108 566 4181 rite
590 4102 721 4202 semper
742 4104 969 4203 dispensabat,
1008 4109 1201 4209 crebrisque
1227 4133 1406 4206 propterea
1435 4107 1468 4179 dr
1496 4109 1706 4182 clericorum
1735 4107 1990 4204 &pauperum‘

498 4204 650 4303 querelis
670 4203 777 4274 ansam
799 4204 914 4286 doben
941 4206 980 4277 ad
1002 4209 1170 4280 eu‘tsndas
1187 4231 1403 4303 quascunque
1424 4206 1497 4277 lites
1522 4203 1650 4276 futuras
1676 4203 1804 4294 saeculo
1825 4206 1979 4292 tandem,

497 4306 551 4376 uti
571 4300 775 4396 probabilius
790 4300 854 4384 ess,
869 4304 905 4399 s)
921 4301 1008 4377 sexto
1025 4331 1086 4401 per
1105 4302 1291 4376 universam
1316 4302 1490 4376 Ecclesiam
1512 4299 1599 4374 faita
1623 4301 1667 4376 ess
1684 4306 1793 4396 prima
1810 4300 1979 4376 bonorum

498 4404 654 4475 omnium
679 4397 974 4472 Ecclesiasticorum
1002 4402 1141 4485 divisio,
1176 4427 1238 4499 per
1259 4427 1360 4498 quem
1384 4407 1416 4471 in
1443 4399 1564 4493 singula
1588 4407 1703 4494 quavis
1726 4398 1864 4472 dioecesi
1891 4399 1977 4474 bone

499 4494 712 4570 ecclefiaslics
738 4501 770 4566 in
794 4523 938 4596 quatuor
959 4524 1069 4595 partes
1087 4524 1221 4573 eatenus
1241 4497 1316 4569 sunt
1338 4498 1457 4581 diuisa,
1484 4525 1520 4570 ut
1535 4498 1691 4596 equidem
1715 4525 1791 4595 pars
1815 4524 1879 4569 una
1898 4493 1978 4570 esset

497 4593 660 4695 Episcopi
680 4592 820 4693 ejusque
840 4598 1006 4698 Capituli,
1033 4599 1136 4675 alters
1157 4599 1248 4674 Cleri
1274 4598 1414 4683 ruralia,
1441 4601 1539 4675 tertie
1557 4622 1769 4704 pauperum,
1801 4597 1834 4674 ἃ
1859 4615 1979 4692 quarte

549 4690 591 4778 Τ
585 4712 682 4770 emus
704 4688 753 4771 V.
1249 4693 1316 4776 uk
1339 4693 1403 4770 kk
1705 4775 1708 4780 ,
1827 4793 1837 4802 ·
1876 4688 1980 4774 ἡδεῖς

735 5061 770 5140 ,
846 5065 857 5080 t
