5017 5592
387 541 389 550 ’
518 611 634 688 742.
971 576 1550 694 nissunrn‘rto

522 748 722 838 ornans.
769 762 848 845 Illa,
875 763 1009 857 quando
1029 743 1170 854 Eccle'ba
1185 761 1286 832 Leito
1301 760 1353 831 vel
1370 758 1503 832 clerieo
1517 757 1624 849 bona,
1648 782 1706 833 aur
1719 757 1915 833 vire-versa
1928 762 1997 832 sai·

521 889 580 937 eus
597 859 832 951 Ecclefiaelcge
847 857 1015 931 fidelitatis
1037 859 1205 939 concedit,
1231 882 1377 954 qnorum
1396 861 1562 952 originem
1585 885 1623 930 cx
1646 861 1766 931 iisdem
1785 859 1896 944 pausis
1920 862 1998 934 deri·

521 984 579 1032 vat
592 954 893 1052 famigeratiffimus
910 965 951 1030 M
963 979 1083 1030 onan*
1095 980 1118 1030 o
1129 978 1171 1028 nr
1187 978 1238 1027 us
1263 961 1299 1046 a)
1323 956 1444 1051 quilius
1461 959 1569 1028 Priirci
1597 983 1631 1027 es
1646 956 1820 1029 seculares
1842 964 1927 1031 moti
1941 988 1998 1058 pto

524 1058 655 1129 tuendis
675 1059 774 1129 terris
791 1053 948 1127 beneficia
963 1045 1218 1136 constituebant,
1235 1057 1286 1126 his
1303 1079 1411 1124 tamen
1431 983 1657 1146 &fingulires
1672 1051 1833 1127 accessise
1849 1062 2000 1146 rationes,

546 1179 596 1225 uae
614 1150 714 1225 feuda
730 1152 948 1226 Ecclefiasl'tca
965 1177 1221 1249 promoverent,
1248 1150 1435 1223 tiorumesl.
1499 1155 1552 1223 De
1575 1154 1640 1223 illis
1661 1150 1820 1224 distitisse
1840 1160 1910 1248 agit
1931 1156 1999 1232 illu·

519 1180 595 1322 dria
609 1254 824 1335 Btehmcrus3
839 1256 873 1345 s)
898 1259 1027 1344 primam
1048 1249 1189 1326 desintne
1201 1275 1240 1319 ux
1260 1249 1411 1319 liberiori
1426 1251 1557 1342 Regum
1573 1249 1629 1323 dis
1647 1248 1788 1324 ustione
1812 1255 1905 1326 circa
1920 1253 2000 1329 bona

519 1348 751 1446 Ecclesiastico
802 1354 985 1430 Secundam,
1024 1373 1062 1420 er
1083 1345 1328 1445 Episcoporum
1351 1341 1459 1430 sasso,
1491 1372 1560 1442 quo
1584 1274 1717 1445 ipsimet
1738 1350 1881 1444 potina..
1903 1377 1999 1448 quem
2035 1335 2038 1376 ἵ

520 1448 630 1537 Reges
646 1472 683 1517 ea
699 1453 732 1518 in
748 1441 886 1517 feudum
901 1445 1084 1518 concedere
1105 1446 1306 1516 maluerunt.
1361 1450 1519 1528 Turranio,
1545 1473 1585 1516 ex
1604 1448 1738 1544 antiqua
1753 1444 1999 1545 Episcoporum

520 1545 651 1616 militia.
710 1552 882 1641 Qunam,
907 1570 944 1613 ex
960 1546 1100 1614 utilitate
1123 1543 1156 1612 d
1177 1541 1359 1612 necessitate
1385 1541 1548 1625 Ecclesae,
1581 1568 1617 1614 ut
1642 1544 1785 1615 Ecclefia
1810 1569 1878 1618 aere
1896 1547 1998 1621 alieno

519 1639 693 1713 liberetur.
747 1650 914 1735 Quinam,
930 1665 966 1710 ut
983 1667 1000 1709 a
1016 1667 1099 1710 nexu
1115 1641 1293 1710 advocatia
1308 1637 1471 1719 solvatur,
1490 1664 1545 1710 aut
1558 1667 1764 1742 quocunque
1779 1641 1924 1718 demum
1935 1671 1998 1720 mo.

521 1738 566 1810 do
584 1762 718 1831 gravata
736 1740 819 1811 alios
839 1734 1006 1810 beneficiis
1021 1738 1221 1834 obstringat,
1248 1737 1374 1833 sibique
1394 1738 1553 1811 consolat.

409 1979 411 1984 ,
561 1908 597 1981 ι)
621 1905 671 1969 De
681 1906 827 1978 allodiis,
852 1904 963 1978 vallis,
988 1905 1091 1968 vasall.
1113 1904 1214 1971 benef.
1229 1905 1386 1973 castellan.

558 2021 598 2108 s)
618 2024 738 2109 Disput.
751 2028 791 2091 de
802 2026 887 2095 send.
900 2022 1019 2090 Eccles.
1032 2046 1099 2110 cap.
1111 2043 1142 2093 2.

1126 2223 1165 2308 §0
1208 2217 1388 2294 XLVII.

584 2448 592 2465 ι
637 2354 735 2465 (Jirea
750 2359 879 2448 primam
895 2353 1047 2452 superius
1062 2322 1149 2426 elissa
1174 2358 1208 2426 in
1232 2357 1430 2465 memoriam
1453 2373 1606 2433 revoces,
1637 2349 1730 2445 quod
1754 2355 1879 2466 utique
1896 2357 1994 2448 Reges

521 2442 617 2519 subin
639 2450 775 2523 liberius
793 2455 880 2523 circa
896 2453 981 2525 bona
997 2451 1217 2525 Ecclesiastico
1236 2455 1477 2547 disposuerint,
1503 2447 1614 2547 (XV.)
1629 2447 1683 2520 sed
1701 2474 1798 2528 omni
1812 2477 1892 2546 jure
1904 2455 1991 2526 tecla·

405 2544 409 2560 ’
518 2550 779 2644 mante.quod.
809 2572 846 2621 ut
865 2561 1007 2646 opinor,
1044 2553 1118 2623 satis
1144 2549 1323 2645 probatum
1349 2548 1437 2620 dedi.
1503 2551 1572 2619 Hic
1596 2545 1700 2628 addo,
1726 2547 1768 2618 ab
1789 2549 1868 2646 ipso
1881 2552 1992 2625 Catulo

519 2645 703 2730 Mandro,
732 2649 790 2743 qui
813 2646 1032 2744 iniquissimus
1054 2673 1167 2721 retum
1190 2639 1486 2718 Ecclesrrislicarum
1509 2641 1714 2740 dispensator
1740 2646 1891 2735 dicitur,
1922 2650 1992 2720 ditia

520 2746 834 2816 comminationibus
860 2747 893 2818 dr
917 2743 1200 2841 indignaiinnibus
1230 2745 1356 2839 jurium
1379 2739 1678 2814 Ecclesiasticorum
1704 2740 1991 2821 alienationem&

519 2837 786 2915 distributionem
804 2842 1007 2937 prohibitam
1024 2841 1105 2925 esse,
1137 2845 1228 2940 quod
1246 2845 1360 2934 videre
1381 2839 1428 2913 ess
1448 2866 1487 2913 ex
1510 2827 1715 2911 fdndatiotsis
1734 2842 1867 2915 Charta
1888 2849 1993 2939 augia

520 2934 635 3009 divitis
660 2938 803 3036 „siquis
823 2940 934 3012 Abbas
950 2943 1001 3014 vel
1019 2942 1207 3013 Monachus
1227 2941 1278 3010 vel
1296 2941 1447 3013 Clericus
1466 2937 1522 3011 seu
1536 2943 1656 3009 Laicus
1672 2933 1816 3033 prefata
1831 2940 1935 3026 bour,
1949 2943 1994 3015 vel

397 3084 399 3088 ψ
520 3035 717 3117 „lromines‚
741 3038 792 3109 vel
810 3037 1003 3128 praesentes,
1030 3040 1080 3108 vel
1095 3035 1264 3132 posteros,
1289 3061 1408 3109 eorum
1430 3041 1464 3107 in
1479 3031 1594 3108 futuro
1608 3033 1823 3109 succedentes
1846 3065 1995 3114 amemu-

521 3153 617 3213 „rato
634 3132 839 3203 Monaslerio
853 3131 1016 3216 aufferre,
1042 3137 1093 3206 vel
1111 3136 1447 3215 circummuniam,
1472 3132 1541 3230 ipse
1559 3131 1696 3204 coeseslis
1723 3136 1841 3228 gaudii
1862 3141 1993 3209 extorris

522 3227 674 3312 „exislat,
701 3230 867 3303 &nomen
883 3232 954 3323 eius
970 3234 1011 3305 de
1027 3231 1114 3304 libro
1132 3236 1205 3305 virae
1221 3232 1389 3316 deleatur,
1422 3229 1501 3305 fiant
1523 3230 1583 3303 filii
1606 3230 1678 3328 ejus
1700 3234 1851 3330 orphani
1863 3236 1904 3314 ἃ
1921 3259 1994 3309 uror

520 3327 614 3415 „eius
631 3326 741 3405 vidua.
788 3333 831 3402 Er
851 3355 918 3423 quo
932 3331 1009 3427 jure
1025 3330 1100 3429 ipsis
1115 3329 1223 3426 majop
1238 3326 1378 3403 facultas
1396 3330 1592 3428 disponendi
1612 3332 1654 3401 de
1668 3332 1721 3401 hia
1739 3330 1838 3402 bonis
1852 3333 1994 3411 Ecclesiae

520 3425 622 3522 pleno
635 3425 711 3522 jure
728 3425 900 3513 concessis,
923 3454 1023 3527 quant
1040 3431 1083 3504 de
1100 3431 1172 3502 aliis
1192 3426 1328 3502 cuilibet
1342 3430 1466 3503 Tertio
1480 3429 1610 3502 donatis
1631 3426 1881 3527 comperiisset?
1929 3456 1936 3470 ¹

1109 3642 1146 3729 S.
1198 3638 1405 3714 XLVlls.

537 3797 540 3801 “
638 3790 775 3861 Secunda
789 3784 877 3869 cansa
892 3784 1104 3881 depromitur
1124 3814 1163 3861 ex
1175 3786 1419 3885 Episcoporum
1441 3782 1547 3870 sasso,
1562 3782 1653 3885 ipss
1677 3789 1768 3857 enim
1787 3787 1994 3861 incumbebat

521 3882 739 3980 cognoscere,
764 3881 787 3955 st
804 3908 877 3980 que
893 3888 979 3956 ratio
995 3881 1257 3962 infeudationem
1275 3891 1440 3978 exigeret3
1467 3881 1562 3958 fuere
1581 3908 1692 3958 autem
1711 3886 1921 3994 plurima&
1936 3913 1993 3984 pro

410 4049 425 4068 ,.
519 3980 739 4061 vicissitudine
754 4005 947 4075 temporum
963 3982 1197 4068 diversffimae,
1222 4008 1304 4081 quas
1319 3979 1490 4055 recensere
1507 4008 1623 4056 omnes
1638 3985 1736 4053 nimis
1752 3984 1913 4078 longum,
1932 3992 1995 4057 imo

378 4608 380 4612 ·
518 4570 668 4647 abusus?

522 4108 617 4180 eque
635 4076 833 4179 impossibile
846 4075 955 4164 soret,
992 4104 1028 4154 ac
1045 4081 1135 4155 casua
1149 4108 1212 4181 pto
1235 4085 1394 4153 varietate
1413 4079 1731 4155 circumstantiarum
1750 4079 1924 4155 dislinssos
1946 4085 1995 4156 de·

517 4178 659 4273 signare.
711 4182 802 4251 Sacri
818 4175 977 4249 Praesulds
993 4201 1121 4264 tamen,
1146 4206 1220 4253 curn
1237 4178 1314 4274 ipsis
1332 4182 1364 4249 in
1382 4176 1607 4253 Eccledaslicis
1627 4180 1735 4250 omnis
1759 4205 1841 4251 cura
1859 4179 1896 4253 sit
1911 4206 1994 4252 com·

519 4273 631 4357 missa,
657 4276 807 4348 Ecclesia
822 4280 952 4371 optime
965 4274 1165 4375 prospexisse
1183 4279 1356 4360 videntur,
1383 4277 1460 4349 licet
1481 4278 1651 4349 hincinde
1672 4276 1809 4373 quidam
1830 4283 1864 4349 in
1884 4304 1925 4352 eo
1946 4282 1997 4351 de·

518 4372 679 4452 fecerint,
707 4374 738 4443 dr
755 4370 870 4444 favore
887 4374 1168 4466 assignatorum,
1195 4378 1245 4448 vel
1268 4376 1334 4445 alio
1350 4372 1473 4446 assessu
1487 4373 1578 4447 dusli
1595 4377 1679 4444 bnna
1700 4374 1851 4447 Ecclesiae
1869 4374 1994 4471 segnius

520 4470 839 4554 administraverint,
866 4496 902 4545 ac
915 4473 1126 4570 prodigalius
1141 4471 1419 4574 dispensaverint,
1447 4473 1573 4548 sedubi
1594 4472 1744 4572 insimili
1768 4473 1848 4547 usus
1875 4476 1906 4549 dr
1932 4503 1994 4549 non

1816 4673 1853 4758 9.
1878 4676 1994 4747 XLlls.
