5017 5592
503 682 577 774 540
742 650 1079 734 urssnnrn‘no
1103 652 1457 733 insusurrans
1474 654 1747 760 qnnoutca
1830 705 1851 734 ..
1936 609 1939 614 ’

537 911 540 921 ,
625 831 747 912 lxlv.
771 837 844 909 Iuri
863 840 972 917 Ciuili,
994 861 1033 908 ex
1048 837 1272 910 taciturnitate
1294 834 1484 909 consensum
1510 801 1607 935 saepe
1627 833 1807 931 inferenti,
1840 839 1970 942 adllipu·

503 942 593 1015 latur
609 940 660 1010 ius
677 941 857 1104 Gaqanicqtp
870 934 911 1011 *t
936 938 1137 1031 praeprimis
1153 959 1265 1010 autern
1287 942 1318 1009 in
1333 941 1478 1031 negotiis,
1502 942 1681 1044 Praelatatn
1702 940 1791 1022 sinat
1810 947 1973 1040 accipitri

453 1051 457 1056 '
503 1047 567 1114 lam
582 1038 727 1109 attinenti
746 1059 791 1105 ω.
1948 1060 1957 1080 ·

544 1178 561 1213 *
581 1175 621 1243 Ε.
634 1190 667 1253 g.
694 1166 728 1233 Si
743 1164 848 1232 seruus
866 1164 982 1234 sciente
1002 1167 1157 1240 domino,
1180 1175 1214 1231 et
1231 1185 1295 1230 nnn
1308 1167 1546 1231 contradicente
1560 1169 1733 1243 ordinatur,
1746 1168 1911 1235 ordinatio
1923 1191 1974 1234 aa·

617 1255 733 1394 len-pt
747 1251 851 1314 seruus
868 1250 948 1397 llbel
959 1251 1178 1396 enadqp,;icpt
1194 1250 1257 1313 hoc
1270 1252 1402 1412 ‹loqpinp
1410 1251 1453 1395 git
1468 1251 1738 1396 praeipdiciosum.
1762 1271 1895 1400 campo.
1914 1254 1974 1354 dist:
2003 1301 2014 1328 .-

662 1352 1185 1398 .1emra.v.rantt.ets
1247 1352 1304 1396 aar
1339 1353 1380 1396 atn
1445 1353 1519 1396 m.
1578 1353 1768 1398 r.ra.·ex
1804 1355 1975 1400 utusetur

617 1354 740 1500 {satem
763 1355 935 1480 exsitentes
954 1352 1203 1479 istvniuerfitate’
1216 1356 1329 1478 seuere
1343 1353 1559 1478 contradiserpe
1573 1416 1621 1478 hia
1632 1459 1641 1488 ,
1652 1355 1758 1497 pqlrae
1778 1355 1933 1501 sguntut,
1956 1418 1974 1482 st

618 1500 725 1562 nolint
741 1498 938 1571 consentire;
962 1516 1028 1560 non
1042 1498 1297 1560 contradicentes
1311 1499 1394 1560 enim
1413 1496 1567 1560 habentur
1585 1517 1643 1581 pro
1663 1498 1976 1579 consentientibuset

620 1581 727 1663 quoad
744 1592 907 1661 peccatum
920 1593 952 1642 et
965 1582 1070 1662 quoad
1085 1598 1219 1661 poenam
1234 1621 1242 1646 .
1266 1578 1290 1641 fi
1306 1580 1409 1660 aliqua
1425 1580 1467 1641 ibi
1481 1580 1562 1641 male
1577 1592 1755 1661 agerentur.
1769 1583 1848 1644 item
1864 1599 1975 1665 raptat
2016 1615 2019 1670 t

621 1666 648 1749 s.
660 1664 714 1745 titt.
729 1664 765 1726 dt
778 1659 909 1745 despuas.
931 1662 1043 1743 impnb.
1064 1665 1098 1726 itt
1109 1660 1139 1725 6.
1182 1660 1215 1725 Si
1229 1661 1376 1724 Parentes
1392 1679 1449 1742 pro
1461 1660 1537 1725 siliis
1551 1665 1606 1725 vel
1620 1662 1746 1728 filiabus
1759 1665 1975 1745 praesentibus,
2015 1675 2019 1726 ⁴.

618 1757 734 1891 etdnqn
750 1746 1038 1809 contradicentibus
1064 1742 1215 1827 sponsalia
1233 1743 1440 1819 contrahant,
1471 1744 1603 1819 valent,
1642 1744 1699 1810 etfi
1716 1747 1863 1830 prolibus
1885 1748 1978 1814 forsan

618 1848 640 1896 o
665 1849 698 1893 ¹0
713 1848 740 1892 a·

546 1945 587 1993 ⁸¹*
610 1946 694 2016 Vide
710 1946 798 2029 supra
818 1964 850 2009 n.
865 1942 950 2012 LVI.
969 1939 1022 2009 sub
1037 1937 1192 2009 asterisco.

623 2091 748 2160 val.
786 2084 993 2184 supersedeo
1021 2086 1165 2180 allegare
1185 2074 1432 2181 responsiones,
1470 2100 1504 2155 et
1527 2077 1754 2158 dislintliones
1776 2086 1979 2179 Legistarum

508 2181 718 2267 nostrorum,
746 2183 867 2281 quibus
883 2185 1049 2281 explicare
1064 2189 1236 2265 nituntur,
1262 2205 1295 2253 et
1316 2180 1493 2253 conciliare
1509 2204 1614 2254 reatus
1629 2181 1712 2255 iuris
1733 2185 1873 2267 Ciuilis,
1926 2210 1977 2256 noa

508 2284 609 2380 supra
623 2308 641 2355 a
655 2310 685 2354 n.
702 2288 771 2355 LX,
796 2307 900 2373 vsque
913 2283 953 2353 ad
975 2284 1188 2363 numnam,
1216 2304 1279 2376 pro
1303 2304 1335 2350 et
1356 2303 1470 2350 contra
1492 2304 1530 2351 ex
1557 2277 1684 2355 filontio
1707 2279 1883 2354 consensus
1905 2211 1981 2354 luffi·

509 2385 665 2454 cientium
682 2381 912 2463 deducentes,¹
926 2380 1064 2465 adtluxi;
1088 2402 1192 2477 quum
1213 2379 1265 2449 his
1286 2376 1326 2447 ad
1343 2375 1550 2544 prqpofitum
1573 2401 1686 2449 meum
1708 2382 1794 2452 adeo
1818 2405 1886 2452 non
1908 2381 1980 2451 incli-

509 2501 625 2572 geam;
650 2482 835 2575 praeterire
852 2501 961 2550 tarnen
976 2501 1125 2573 nequeo,
1151 2478 1289 2547 illorum
1311 2500 1376 2546 non
1410 2470 1583 2547 atisfacerc
1606 2473 1825 2559 solutionem,
1854 2481 1913 2575 qui
1928 2482 1981 2550 Re·

510 2574 622 2668 gulam
638 2579 720 2648 iuris
736 2579 894 2648 Canonici
913 2575 1115 2668 restringunt
1130 2574 1170 2644 ad
1192 2600 1227 2644 ea
1245 2577 1326 2662 lala,
1349 2598 1426 2665 qaae
1448 2578 1560 2644 tacenti
1583 2572 1707 2654 satiarit
1737 2599 1843 2676 quum
1874 2573 1986 2651 eatlcnt¹

509 2670 607 2769 saepe
623 2678 723 2746 ctiam
739 2697 850 2767 tangat
866 2673 960 2755 illos,
986 2672 1107 2769 quibua
1131 2671 1397 2769 praeiudicatur,
1428 2691 1585 2742 tacentes.
1605 2670 1624 2709 ²

551 2805 568 2840 '
590 2804 753 2870 Obiestam
769 2805 855 2887 supra
871 2805 891 2868 l.
907 2823 937 2887 5.
949 2797 991 2887 ff.
1010 2804 1046 2867 dt
1055 2802 1140 2885 serta.
1157 2801 1263 2886 praed.
1281 2804 1347 2866 nrt.
1363 2799 1711 2868 GOTHOFREDUS
1729 2802 1804 2870 ibid.
1822 2805 1871 2870 lit.
1894 2828 1912 2869 a
1933 2807 1975 2870 so·

625 2890 686 2951 luit
699 2888 740 2950 lic
752 2887 911 2950 notando:
943 2890 1099 2954 ..latuistis
1114 2885 1175 2957 est,
1199 2886 1252 2964 qui
1271 2904 1336 2945 nou
1358 2885 1535 2956 consentit,
1556 2887 1631 2947 licet
1649 2905 1714 2947 uon
1728 2890 1942 2953 contradicat:
1958 2896 1976 2930 ‘⁶

625 2972 705 3031 adde
723 2970 743 3032 1.
761 2987 812 3049 45.
831 2974 857 3045 t.
873 2988 901 3049 5.
921 2967 953 3029 ff.
970 2969 1005 3030 tlt
1019 2969 1056 3032 ss.
1074 2968 1132 3041 N.,
1155 2968 1240 3028 vnde
1256 2967 1434 3048 colligunt,
1454 2970 1721 3039 taciturnitatem,
1746 2972 1876 3049 quando
1894 2974 1981 3036 cleia·

626 3071 661 3113 rt
681 3054 805 3112 tacentis
818 3052 980 3111 minuendo
996 3055 1121 3130 agitur,
1147 3067 1205 3130 pru
1225 3050 1374 3112 consensu
1389 3068 1453 3110 non
1469 3049 1644 3122 liabent-in
1662 3052 1767 3113 citatis
1787 3068 1894 3117 autem
1911 3056 1981 3133 legi·

625 3133 688 3196 bus
703 3132 807 3211 agitur
820 3131 859 3193 da
872 3132 939 3194 iure
954 3134 1087 3195 tacentia
1103 3131 1285 3197 minuendo.
1343 3131 1481 3206 Quoties
1508 3150 1586 3193 vero
1608 3135 1712 3214 agitur
1731 3133 1768 3196 ae
1790 3138 1911 3200 ittribat
1927 3140 1981 3198 nti·

627 3214 775 3286 eruendis,
800 3213 852 3275 vel
868 3205 958 3293 caula
970 3214 1184 3296 praeiudicialt'
1205 3221 1260 3276 aut
1279 3213 1403 3294 odioso,
1427 3215 1542 3282 toties.
1569 3216 1671 3296 inquit
1691 3216 1852 3299 Barbosu,
1881 3232 1981 3281 tacens

625 3315 693 3359 nun
709 3296 836 3357 videtur
851 3296 1037 3360 consentire.
1081 3295 1122 3358 Et
1137 3295 1200 3356 hnc
1214 3295 1313 3358 modo
1333 3296 1459 3358 soluunt
1472 3296 1584 3359 dictam
1603 3297 1844 3362 obtectionem:
1864 3321 1931 3364 nam
1950 3303 1981 3363 in

626 3381 651 3444 1.
665 3377 739 3460 5.li
762 3380 887 3459 deserta.
904 3380 1008 3460 praed.
1024 3378 1090 3441 vrb.
1112 3382 1217 3459 agitur
1231 3379 1270 3439 de
1285 3379 1445 3439 minuendo
1460 3382 1547 3449 inre,
1567 3380 1652 3460 quod
1675 3381 1799 3444 vicinus
1817 3382 1927 3458 babet,
1947 3403 1981 3445 ne
2008 3453 2013 3462 ἱ

620 3461 799 3523 ,luminibus
816 3461 875 3523 suis
888 3460 1063 3530 officiatum
1087 3461 1117 3522 in
1134 3460 1153 3525 l.
1174 3479 1225 3540 45.
1241 3457 1274 3523 ff.
1289 3461 1324 3521 de
1343 3458 1376 3521 R.
1396 3460 1435 3522 N.
1451 3480 1531 3522 vero
1544 3461 1583 3522 de
1601 3463 1816 3542 praeiudiciali
1831 3465 1981 3548 rausapa·

627 3543 736 3612 troni,
768 3552 800 3604 et
815 3540 856 3605 lic
869 3564 910 3605 ex
927 3545 998 3606 data
1012 3540 1115 3622 abhis
1133 3540 1328 3604 Dotloribus
1350 3541 1542 3604 limitatione
1558 3544 1712 3620 sequitur,
1744 3564 1811 3606 non
1832 3547 1981 3620 sufficere,

589 3633 591 3637 ‘
628 3636 830 3706 vtpatrnnus
848 3627 901 3687 vel
920 3628 1045 3689 vicinus
1063 3644 1126 3684 non
1141 3626 1355 3696 contradicat,
1385 3644 1495 3687 verum
1518 3624 1731 3697 necesseelse,
1771 3638 1810 3690 vt
1824 3633 1920 3694 ambo
1933 3652 1981 3694 en·

651 3706 727 3769 teli'e
743 3706 956 3780 consentiant,
984 3708 1113 3787 quiade
1133 3707 1259 3770 illorum
1278 3707 1383 3786 agitur
1406 3709 1608 3789 praeiudicio.
1665 3710 1829 3783 atvero,
1860 3714 1980 3778 licerio

628 3729 694 3851 loc
711 3789 780 3851 casu
794 3790 836 3851 ita
851 3790 944 3870 potiit
962 3789 1042 3853 solui
1060 3787 1113 3851 ista
1131 3785 1290 3862 obiettio,
1311 3790 1414 3851 minus
1435 3802 1539 3853 tamen
1558 3790 1633 3854 mihi
1647 3792 1749 3873 placet
1768 3793 1849 3855 illud
1863 3812 1978 3878 genera·
2016 3861 2019 3872 ¹

629 3871 794 3940 terlitium,
817 3890 991 3952 quanquam
1009 3871 1182 3934 dostrinam
1200 3870 1281 3933 hanc
1296 3873 1396 3948 magis
1415 3891 1637 3945 communem,
1658 3875 1725 3936 imo
1743 3874 1912 3956 vulgarem
1930 3874 1980 3939 elle

629 3952 739 4016 afferat
754 3954 900 4026 Barbula.
943 3952 978 4014 ln
995 3955 1061 4016 iure
1081 3957 1163 4015 enim
1186 3955 1279 4015 valde
1295 3956 1414 4015 multos
1431 3955 1474 4016 est
1489 3958 1623 4036 reperite
1639 3955 1748 4028 casus,
1773 3959 1804 4019 in
1816 3961 1979 4039 quibusta·

631 4055 724 4110 cens,
744 4036 839 4098 etiam
855 4035 886 4097 in
903 4036 1169 4116 pracindicinit‘bas
1180 4044 1213 4096 et
1227 4037 1335 4114 odiofis
1356 4055 1414 4116 pro
1429 4056 1508 4100 vete
1526 4037 1741 4100 consentiente
1763 4038 1916 4116 habetur,
1949 4047 1979 4100 tt

631 4138 718 4181 meas
732 4116 818 4197 supra
832 4116 948 4199 positas
963 4118 1170 4199 allegationes
1186 4115 1393 4180 consideranti
1406 4122 1544 4198 patebit:
1565 4123 1667 4199 magia
1687 4121 1795 4185 saltem
1808 4125 1921 4187 arridet
1930 4123 1979 4185 mi·
2009 4115 2014 4128 '

615 4199 665 4261 'hi
681 4201 807 4262 illorum
823 4202 951 4281 opinio,
975 4204 1027 4281 qui
1041 4202 1117 4263 illud
1136 4202 1263 4264 axioma
1278 4199 1317 4261 stc
1332 4201 1555 4267 immutaruntt
1579 4203 1648 4274 Ille,
1671 4207 1724 4284 qni
1736 4207 1769 4263 in
1782 4208 1980 4286 pracindicio·
2016 4209 2019 4284 ῑ

630 4282 708 4342 ultus
723 4292 817 4351 taret.
839 4293 909 4347 tunt
921 4283 1085 4362 consentire
1096 4285 1238 4353 videtur,
1258 4285 1379 4365 qnando
1392 4285 1642 4359 cointradt'cntdo,
1663 4286 1708 4348 vel
1726 4281 1863 4371 expreffr
1880 4284 1980 4373 diffla-
2003 4359 2009 4376 ¹

630 4361 831 4444 tiendosatilr
843 4367 935 4450 patrii
952 4365 1098 4449 impedita
1112 4367 1160 4433 id.
1177 4365 1258 4450 quod
1277 4369 1396 4448 agitur.

633 4483 753 4551 LXVl.
780 4483 954 4581 Qtidquid
970 4510 1050 4564 veto
1066 4483 1155 4556 little
1170 4488 1211 4560 R.
1231 4513 1291 4581 43.
1310 4490 1343 4556 in
1363 4494 1412 4570 6.‚
1439 4509 1551 4559 atrum
1568 4487 1646 4581 fiatis
1662 4495 1871 4581 generaliter,
1889 4509 1981 4585 atque

517 4582 563 4654 ita
578 4601 703 4656 teneat,
728 4601 764 4651 vt
779 4584 905 4672 Regula
924 4608 1000 4654 vera
1018 4583 1081 4654 dici
1096 4607 1282 4666 mereatur,
1315 4580 1381 4655 fiue
1405 4586 1446 4658 de
1459 4611 1591 4678 utraque
1609 4593 1690 4669 inu,
1714 4582 1781 4666 tine
1799 4588 1843 4661 de
1861 4594 1981 4660 cantaria
2016 4603 2019 4634 ³

374 4711 387 4724 ‚
515 4705 549 4765 tc
557 4683 684 4776 saltem,
702 4676 829 4760 adrem
843 4678 1023 4779 praesentia
1039 4682 1186 4782 Capituli
1200 4679 1426 4785 suppeditauit
1442 4686 1529 4764 milti
1543 4682 1656 4764 Abbaa
1672 4689 1911 4764 Panotntnnn
1929 4689 1981 4756 Rc·

1876 4785 1981 4882 ausa
