5017 5592
656 628 726 706 on
744 625 871 725 Joits
891 563 1156 703 cassiano
1183 579 1554 708 ruinanianuai
1577 631 1796 714 rancun.
1906 665 1973 745 13³

617 807 692 888 licet
709 825 797 891 ¹273·
814 805 906 871 elesii
921 806 1077 889 speculum
1092 805 1178 869 suum
1195 807 1380 890 publicarit,
1402 810 1560 893 pauloque
1582 813 1651 896 posi
1672 816 1803 889 obierit,
1837 818 1885 882 uti
1898 817 1976 884 Fre-

616 889 710 954 berus
737 889 810 952 bris.
831 891 869 953 de
891 893 979 971 prim.
1000 910 1082 971 pree.
1110 891 1187 968 imp.
1206 899 1228 970 ς’.
1252 891 1302 962 63.
1325 891 1359 953 de
1385 893 1581 956 Cltocltietus
1604 899 1635 958 in
1659 916 1793 975 prooem.
1816 897 1925 966 Schol.
1943 903 1978 966 in

616 976 704 1056 prim.
719 991 802 1052 pree.
818 972 894 1054 lmp.
909 973 1064 1034 testantur.
1081 1014 1100 1042 „
1143 971 1220 1032 Cum
1237 972 1287 1033 his
1301 975 1480 1054 complures
1495 975 1630 1038 sentiunt
1643 977 1839 1060 Scriptores,
1860 987 1913 1065 qui
1923 987 1977 1066 jus

616 1058 829 1138 primatiarum
847 1073 973 1135 precum
999 1055 1123 1117 indulto
1143 1052 1314 1115 Pontificio
1336 1055 1416 1115 hand
1434 1056 1618 1122 adscribunt.
1670 1061 1910 1138 Nihilominus,
1942 1077 1979 1129 ut

616 1139 750 1218 opinor,
778 1154 825 1198 tes
839 1151 930 1197 extra
944 1156 1039 1198 omne
1053 1138 1179 1197 dubium
1198 1136 1338 1197 nondum
1356 1137 1399 1198 eli
1413 1139 1529 1219 polita,
1553 1160 1612 1202 nec
1624 1141 1735 1214 refert,
1757 1149 1842 1226 qnod
1857 1165 1922 1208 noo
1937 1149 1979 1209 de

590 1283 592 1288 ,
615 1229 778 1296 ternpore,
803 1217 973 1280 Pontifite.
996 1218 1027 1279 lii
1042 1217 1234 1298 Imperatore
1249 1239 1291 1279 ex
1307 1221 1411 1281 verbis
1428 1220 1630 1300 speculatoris
1646 1225 1785 1296 constet,
1801 1227 1905 1290 saltem
1918 1232 1978 1292 ali·

616 1302 701 1382 qnod
720 1301 920 1378 privilegium
939 1300 998 1362 eli'e
1022 1303 1204 1379 imperatori
1222 1299 1416 1371 concessum,
1440 1306 1512 1364 iude
1529 1306 1649 1377 elucet,
1673 1308 1766 1387 eique
1785 1312 1978 1373 credendum

614 1384 763 1453 videtur,
786 1395 931 1461 tanquam
951 1384 1080 1443 oculato
1095 1381 1171 1444 tesbi.
1215 1380 1251 1441 lu
1272 1397 1438 1464 comperto
1453 1385 1521 1446 satie
1534 1387 1593 1454 est,
1614 1387 1784 1451 Ludovico
1804 1390 1879 1454 Vll.
1901 1391 1979 1455 Gal·

614 1466 667 1528 liae
681 1463 759 1545 Regi
779 1484 821 1525 ex
837 1463 995 1526 Palaestina
1013 1465 1119 1526 reduci
1139 1464 1342 1545 privilegium
1368 1463 1428 1526 esse
1445 1469 1606 1540 oblatum,
1637 1489 1702 1551 quo
1721 1475 1979 1551 permittebatur,

615 1548 766 1610 arbitratu
782 1541 837 1606 suo
857 1548 986 1626 primam
1003 1549 1199 1628 praebendam
1220 1547 1250 1606 iri
1267 1546 1406 1626 qualibet
1415 1546 1515 1628 Regni
1532 1549 1671 1612 Ecclesia
1684 1551 1848 1629 conferre,
1869 1574 1982 1637 quain·

615 1626 963 1700 viaeoutirecusatit,
999 1643 1036 1690 ut
1061 1627 1157 1690 refert
1177 1625 1548 1712 VallinghamusScript.
1577 1633 1671 1714 Angl.
1698 1656 1729 1716 p.
1747 1646 1839 1710 2288.
1895 1635 1980 1702 Item
2069 1685 2072 1690 -

615 1711 737 1775 constat
749 1708 946 1773 bonifacium
968 1708 1054 1776 VllI.
1071 1710 1215 1793 Philippo
1234 1707 1369 1771 Pulchro
1383 1731 1467 1774 anuo
1488 1731 1577 1796 1297·
1593 1714 1789 1787 conmisisse,
1803 1731 1839 1780 ut
1850 1717 1979 1799 adptae·

614 1794 749 1858 bendam
768 1812 860 1852 unam
883 1813 926 1855 ex
949 1793 1087 1874 qualibet
1107 1790 1244 1855 Ecclesia
1265 1791 1442 1855 Cstliedtali
1463 1791 1686 1876 &collegiata
1707 1802 1796 1880 regni
1820 1797 1865 1862 sui
1884 1819 1980 1868 unam

636 1874 777 1937 etsonam
797 1875 942 1936 idoneam
966 1877 1161 1942 nominaret,
1198 1885 1233 1936 ut
1256 1872 1384 1936 testatur
1400 1874 1537 1937 Historia
1561 1876 1782 1941 Univerlitatis
1806 1879 1977 1946 l'arilienlis
2058 1919 2083 1944 s

615 1895 712 2022 l'oin.
727 1955 784 2020 lV.
803 1976 832 2036 p.
848 1966 894 2027 28.
914 1975 963 2036 32.
981 1976 1036 2018 cur
1058 1975 1124 2018 non
1141 1956 1237 2020 finiile
1258 1957 1461 2038 privilegium
1484 1980 1501 2017 a
1524 1956 1677 2022 Pontilice
1700 1961 1884 2043 imperatori
1900 1983 1979 2025 enn-

615 2035 732 2103 eessum
749 2035 829 2112 elle,
853 2037 1012 2118 conjicere
1028 2037 1131 2103 licet‘s
1183 2035 1246 2102 Sed
1262 2037 1332 2102 haec
1354 2041 1482 2103 trutinae
1498 2041 1623 2106 critices
1643 2041 1694 2107 hic
1716 2044 1891 2128 appendere
1912 2063 1977 2109 non

614 2131 723 2188 vacat.

1136 2235 1167 2338 p
1223 2240 1341 2324 xvi.

613 2379 655 2448 Iti
674 2372 859 2446 wenceslai
884 2366 1020 2468 depositi
1042 2372 1152 2443 locum
1174 2368 1365 2464 surrogatus
1391 2373 1622 2466 Sigismundus
1639 2375 1709 2445 Rex
1731 2376 1973 2459 Romanorum,

529 2475 783 2546 utmadmodum
801 2469 965 2541 schismati
985 2468 1131 2541 Ecclesia
1147 2469 1190 2539 ob
1207 2494 1272 2540 tres
1290 2469 1435 2566 pseudo·
1449 2471 1624 2545 Pontifices
1641 2469 1770 2542 asiliile
1785 2476 1977 2563 extinguen-

467 2601 470 2612 ·
527 2599 545 2642 u
567 2575 747 2668 plurimam
763 2572 893 2638 navavit
907 2593 1061 2663 operam,
1079 2592 1219 2639 necnon
1236 2568 1396 2641 laboriosa
1419 2567 1558 2665 suscepit
1576 2575 1711 2650 itinera,
1729 2574 1773 2640 ita
1791 2574 1830 2640 iis
1853 2570 1884 2640 dr
1902 2572 1976 2640 aliis

510 2673 653 2761 negotiis·
663 2669 806 2764 publicis
827 2666 998 2744 detentus,
1019 2668 1130 2759 priano
1145 2670 1197 2735 vix
1215 2669 1362 2757 cogitare
1381 2673 1490 2762 potuit
1508 2667 1636 2762 dejure
1653 2670 1886 2757 primariarum
1903 2691 1977 2760 prc-

462 2813 463 2850 2
510 2791 576 2838 tum
596 2765 800 2846 excreando,
824 2764 951 2834 &dum
967 2766 1113 2832 animum
1130 2762 1199 2854 ejus
1214 2765 1262 2832 rei
1279 2766 1439 2854 cogitatio
1462 2762 1600 2844 subivit,
1627 2761 1683 2833 sibi
1707 2789 1771 2833 nuti
1791 2788 1892 2858 panca
1915 2763 1975 2834 ob·

462 2861 465 2936 l
509 2889 628 2936 ntorum
648 2866 690 2933 iri
713 2861 896 2942 obstacula,
917 2861 1004 2929 haud
1020 2885 1101 2929 vane
1120 2858 1299 2956 suspicatus
1314 2859 1376 2941 ess,
1397 2862 1548 2954 eoquod
1569 2861 1643 2932 suos
1667 2849 1917 2957 predecessores
1941 2865 1975 2931 iu

462 2947 463 2966 ¹
509 2961 588 3032 illius
601 2963 689 3054 juris
707 2961 865 3030 exercitio
884 2957 1063 3053 impeditos
1087 2953 1167 3042 else,
1191 2956 1296 3049 probe
1322 2958 1435 3040 s'ciret,
1459 2957 1498 3068 a)
1524 2961 1600 3030 liiiic
1624 2960 1721 3028 aliani
1744 2956 1894 3053 suijuris
1917 2956 1975 3028 sla·

510 3056 638 3130 biliendi
655 3063 742 3128 viam
763 3053 940 3147 ingressus,
961 3081 978 3124 a
996 3053 1146 3123 Patribus
1162 3055 1302 3124 Concilii
1321 3054 1504 3126 Basileenlis
1521 3081 1643 3128 certam
1668 3057 1699 3126 dr
1717 3052 1882 3126 ellieacerii
1900 3056 1974 3125 talia
2098 3121 2106 3130 ,

508 3154 580 3252 jutis
604 3151 845 3227 concessionem
872 3154 904 3225 dr
930 3148 1217 3221 confirmationem
1244 3148 1463 3244 elllagitabat,
1490 3178 1554 3248 qun
1571 3159 1603 3224 in
1621 3155 1707 3224 redi
1736 3153 1860 3247 Synodi
1882 3152 1974 3223 illiue

509 3259 654 3332 nomine,
676 3253 746 3346 ejus
768 3252 919 3346 petitioni
937 3249 1077 3340 benigne
1097 3247 1142 3320 est
1161 3249 1325 3330 delatum,
1349 3254 1393 3320 ita
1412 3252 1566 3345 quidem,
1588 3275 1625 3322 ut
1639 3249 1756 3348 ipse&
1779 3246 1972 3321 litcccslores

510 3350 721 3449 imposterum
737 3375 777 3420 eo
795 3348 869 3443 jure
892 3347 996 3417 libere
1021 3348 1053 3416 dr
1079 3347 1226 3442 plenarie
1254 3350 1301 3416 uti
1328 3345 1465 3442 pollent.
1491 3351 1525 3436 b)
1551 3349 1609 3421 nit
1632 3373 1707 3420 cuin
1731 3346 1835 3418 illlioe
1856 3351 1974 3418 Conci·

509 3447 580 3520 lium
606 3449 640 3519 id
665 3444 842 3525 slatuerit,
872 3443 1047 3515 schismate
1068 3468 1183 3514 eontra
1209 3447 1395 3533 Eugenium
1417 3451 1477 3516 lV.
1510 3445 1705 3517 Pontificem
1726 3445 1892 3526 conflato,
1920 3470 1974 3516 ve·

508 3545 677 3618 hemenrer
699 3543 851 3613 dubitare
867 3543 959 3622 licet,
981 3565 1092 3612 utrum
1110 3544 1177 3611 liaec
1196 3540 1385 3613 consiliatio
1408 3542 1520 3613 libere
1543 3540 1780 3612 beneficiorum
1803 3543 1972 3611 collationi

508 3669 613 3723 nuxis,
630 3644 720 3739 apud
742 3644 930 3713 Germanos
952 3641 1196 3708 neutralitatem
1219 3636 1399 3733 professos,
1422 3664 1555 3733 recepta
1579 3636 1705 3709 fuerit:
1732 3641 1859 3733 quippe
1877 3640 1909 3706 iu
1934 3663 1973 3710 ea

509 3764 655 3840 tempora
678 3736 867 3810 incidebant
889 3738 1058 3806 acerrime
1085 3740 1274 3806 Nationum
1297 3734 1565 3816 christianarum,
1591 3732 1771 3829 presertim
1796 3739 1973 3807 Germani·

461 3833 466 3926 l
510 3863 562 3920 re,
590 3836 791 3935 querele&
816 3837 1029 3926 gravamina,
1062 3836 1173 3929 primo
1197 3833 1348 3904 Concilio
1374 3831 1608 3904 Coiillaiiticnsr
1629 3833 1791 3914 exhibita,
1813 3833 1889 3903 dein
1916 3837 1972 3902 Pa·

510 3939 606 4011 tribus
625 3935 752 4029 Synod'i
775 3930 959 4003 Ilasileensis
978 3929 1097 4024 majori
1119 3930 1267 4000 certandi
1290 3929 1398 4001 sludio
1421 3929 1608 4027 proposita,
1635 3935 1728 4023 queis
1752 3932 1913 4002 Germani
1937 3932 1973 4000 ln

461 4025 464 4098 l
510 4032 691 4105 Pontificius
713 4026 882 4101 excessivas
903 4026 1159 4107 reservationcs,
1182 4027 1333 4097 mandata
1351 4030 1391 4100 de
1415 4025 1622 4125 providendo
1640 4031 1672 4098 dt
1690 4030 1768 4097 alias
1788 4025 1972 4100 exustiones

461 4113 466 4206 l
511 4132 758 4206 immoderatas,
783 4153 849 4200 non
866 4124 931 4197 sine
954 4125 1119 4222 periculo
1128 4126 1283 4220 plenariae
1305 4125 1344 4195 ab
1368 4125 1505 4196 Ecclefia
1523 4132 1669 4196 Romana
1694 4121 1972 4202 discessioniseit·

461 4209 465 4326 Ι
511 4250 587 4301 torta
608 4226 791 4299 verborum
813 4226 1018 4307 acrimonia,
1041 4222 1259 4304 detonabant,
1285 4220 1428 4293 disa'eiis
1445 4222 1519 4316 ipsis
1536 4227 1568 4292 in
1597 4221 1805 4293 neutralitate
1829 4227 1972 4305 tentatis,

509 4328 680 4400 rollinone
700 4319 940 4395 beneficiorum
962 4346 979 4390 a
1003 4318 1218 4391 collatoribus
1240 4319 1344 4391 libere
1364 4325 1532 4398 exercita,
1555 4344 1696 4389 necnon
1716 4320 1788 4390 aliis
1813 4317 1971 4391 libertati·

509 4421 560 4496 bus
582 4421 726 4522 quaestris
748 4418 956 4515 probabant:
982 4418 1035 4489 bie
1059 4414 1213 4513 prose'clo
1231 4415 1331 4487 slatus
1350 4415 1499 4488 Ecclesiae
1517 4418 1724 4492 Germanice
1741 4418 1823 4487 adeo
1840 4440 1972 4510 periur-

508 4517 593 4594 batos
613 4521 842 4594 executionem
863 4516 1028 4611 ejusmodi
1047 4513 1131 4610 juris
1154 4517 1390 4609 primarisruiti
1406 4539 1544 4609 precum
1568 4515 1793 4586 omnimodam
1815 4509 1972 4585 admifisle

507 4618 588 4700 baud
604 4619 757 4705 ridetur,
771 4637 880 4714 ireque
897 4639 935 4700 tx
949 4612 1096 4692 historiis
1110 4613 1200 4691 illius
1216 4615 1275 4691 aevi
1276 4613 1426 4788 1ξκωηάἰ
1441 4612 1572 4712 potest,
1597 4639 1637 4688 aii
1653 4610 1882 4711 sigismundus
1894 4613 1972 4782 jplpc
2042 4619 2045 4624 '

1000 4767 1010 4774 .
1333 4736 1351 4807 3
1949 4729 1972 4781 0
