5017 5592
502 667 569 758 146

858 765 863 773 Ι
942 647 1507 734 nrsssnsssto

537 849 542 856 '
612 834 770 902 sticoruru'
788 834 1062 917 Ecclesiammque
1083 833 1308 898 Germanarum
1326 830 1521 901 relustsnte,
1553 849 1644 894 more
1659 829 1816 913 rusiorum
1833 833 1985 898 conserte

612 919 770 984 liberrime
790 921 906 1003 potuit.
919 960 938 990 „
984 919 1037 981 Ast
1052 918 1150 980 haeca
1169 935 1248 979 vero
1267 915 1413 979 abludere
1427 914 1622 977 menifestum
1635 912 1696 987 est,
1717 927 1785 976 tum
1799 936 1842 977 ex
1851 919 1984 979 oratio·

467 1041 471 1070 t
593 1047 595 1051 -
611 1019 653 1064 ne
666 1003 808 1148 {jusdem
829 1000 993 1065 Pontificis
1008 1021 1091 1062 anno
1107 1019 1196 1084 ¹7¹1·
1216 1002 1247 1062 in
1265 997 1386 1060 secreto
1400 996 1593 1061 consistorio
1611 995 1738 1070 habita,
1758 997 1812 1061 ubi
1825 999 1909 1060 inter
1920 1000 1986 1062 alia

516 1115 518 1120 ·
610 1085 649 1146 ad
693 1084 993 1148 ardinaleslocutus
1016 1083 1059 1146 est
1080 1083 1149 1144 haec
1174 1080 1332 1162 sequentia
1353 1081 1392 1142 de
1411 1079 1564 1162 josepho:
1605 1078 1830 1142 “Decreverat
1858 1079 1983 1146 scilicet

625 1187 674 1229 am
695 1166 814 1250 pridem
829 1165 934 1248 (quod
950 1166 988 1228 ad
1000 1165 1140 1229 desuntti
1163 1164 1312 1244 Principis
1333 1163 1457 1230 laudens
1474 1170 1781 1237 commemoramus)
1807 1179 1944 1246 eccepto
1966 1185 1986 1228 ι

608 1184 784 1331 llajoribur
800 1248 860 1312 suis
875 1265 982 1320 more,
1005 1268 1040 1310 ea
1059 1249 1182 1317 omnis,
1208 1266 1279 1325 quae
1293 1241 1576 1310 obedientiffimum
1593 1242 1625 1307 S.
1642 1242 1677 1307 R.
1691 1241 1728 1305 Ε.
1740 1243 1840 1307 filium
1850 1245 1981 1322 decent,

607 1333 766 1415 persuum
797 1329 879 1412 apud
904 1349 965 1392 nos
981 1329 1014 1391 dr
1032 1330 1162 1393 eandem
1184 1328 1286 1390 sedem
1307 1343 1487 1400 oratorem,
1514 1327 1674 1389 cumulate
1696 1328 1789 1389 nobis
1810 1328 1980 1408 praestare3

631 1415 683 1477 uin
698 1415 765 1477 imo
778 1411 845 1475 suas
862 1414 955 1475 etism
970 1414 1007 1473 ad
1023 1413 1053 1473 id
1066 1413 1130 1491 jum
1143 1413 1249 1474 literas
1272 1408 1412 1484 mitent,
1449 1411 1487 1471 sb
1507 1410 1619 1472 eodem
1637 1421 1767 1471 oratore
1790 1411 1884 1474 nobis
1906 1412 1981 1476 red-

631 1497 744 1569 endss,
773 1496 908 1576 quibus,
941 1493 1090 1576 quidquid
1104 1493 1181 1557 olim
1198 1493 1268 1575 post
1287 1492 1458 1555 solemnem
1472 1492 1647 1554 eorundem
1660 1489 1748 1555 illius
1760 1491 1921 1556 Ms'orum
1942 1496 1978 1559 ira

607 1576 823 1642 Romanorum
835 1576 938 1658 Reges
953 1578 985 1638 dr
1001 1575 1210 1659 Imperatores
1231 1573 1422 1639 elestionern
1438 1573 1629 1647 Pontifices,
1659 1511 1901 1657 praedecellores
1915 1595 1979 1640 no·

606 1659 676 1732 stri,
699 1659 802 1722 secere
819 1658 1041 1722 &concedere
1056 1659 1309 1729 consueverunt,
1334 1657 1365 1719 id
1376 1668 1509 1721 totuma
1529 1656 1620 1718 nobis
1638 1655 1780 1719 similiter
1792 1653 1883 1732 steri,
1903 1657 1979 1724 libi·

470 1777 473 1782 ·
582 1798 587 1810 ,
606 1762 669 1826 que
689 1743 839 1812 concedi,
857 1737 1151 1804 debits'reverentia
1172 1740 1356 1820 pullulabat.
1410 1737 1478 1803 Nec
1496 1739 1550 1820 ipli
1562 1737 1701 1821 josepho
1718 1737 1778 1800 hac
1797 1741 1828 1802 iu
1846 1759 1880 1804 re
1894 1741 1980 1804 ulla·

606 1837 700 1888 tenus
721 1821 885 1887 defuissent
903 1822 1076 1903 pontificiae
1100 1823 1262 1885 charitatis
1279 1832 1374 1903 etque
1387 1820 1585 1884 austoritstis
1602 1836 1787 1902 arguments
1802 1820 1877 1896 ills,
1901 1837 1981 1906 qu'ae

605 1906 676 1990 ejus
690 1905 862 2004 Maioribus
879 1904 980 1967 delata
997 1905 1133 2005 suerunt.
1176 1904 1222 1967 Re
1236 1902 1297 2004 ipsp
1311 1916 1434 1970 temen.
1461 1903 1529 1966 Deo
1544 1904 1586 1966 fic
1598 1902 1786 2000 disponente
1807 1907 1980 2004 (P‘'.⁰l’l'

602 1987 1356 2140 {tutti'ussiutilissimis&
1371 1984 1546 2131 iiiiii}
1560 1983 1806 2132 sibilans-,ii
1823 1987 1981 2154 {isit

526 2203 531 2218 ,
603 2154 715 2226 batur,
736 2152 810 2217 hinc
824 2152 1007 2234 colligitur,
1030 2173 1102 2216 eum
1116 2153 1381 2217 Continuatorern
1401 2153 1565 2214 memoria:
1585 2148 1703 2233 lapsum
1719 2149 1918 2220 commissffe.

526 2290 564 2375 d)
585 2284 765 2352 Exordium
776 2285 900 2350 illarum
915 2288 1074 2351 literarum
1091 2287 1121 2349 in
1131 2287 1205 2361 Jure
1220 2287 1386 2351 Canonico
1397 2285 1547 2349 universo
1555 2283 1651 2350 Tom.
1665 2283 1706 2351 Il.
1720 2285 1787 2350 lib.
1797 2285 1855 2353 111.
1864 2285 1977 2356 Tne.

603 2368 731 2516 blebasrll
746 2368 787 2512 lp).
805 2389 870 2511 cip
888 2369 953 2435 Lll.
972 2370 1055 2435 sect.
1075 2370 1147 2435 Vll.
1164 2373 1196 2454 §.
1210 2370 1233 2436 1.
1248 2391 1279 2435 n.
1295 2388 1367 2451 590.
1385 2368 1589 2432 sdduiisrum
1609 2370 1654 2468 ita
1676 2369 1823 2433 testatur:
1863 2379 1887 2412 ‘⁶
1900 2369 1977 2440 Cle-

662 2567 778 2632 Diteett
796 2565 852 2628 lilii
867 2563 995 2628 selutem
1012 2561 1047 2626 dr
1062 2564 1276 2647 Apostolicsm
1290 2566 1553 2631 benedictionem.
1589 2566 1668 2630 Cum
1682 2565 1745 2649 jum
1763 2566 1977 2638 benedicente

602 2641 764 2722 Domino,
788 2647 992 2714 difficultates
1006 2647 1087 2716 illae,
1106 2663 1237 2746 propter
1249 2667 1327 2731 quas
1340 2650 1457 2712 dudum
1467 2649 1648 2732 imperiales
1668 2670 1793 2729 preces,
1813 2669 1894 2732 quas
1909 2657 1977 2738 pri·

601 2734 715 2796 marias
732 2745 873 2802 vocant,
895 2732 1024 2794 minime
1038 2729 1245 2794 admittendas
1263 2730 1340 2804 elle,
1363 2732 1540 2803 ediximus,
1564 2732 1691 2794 sublatae
1707 2731 1833 2816 prorsus
1846 2753 1975 2800 reman-

603 2813 713 2889 serint,
736 2815 922 2894 nullumque
935 2824 1101 2895 propterea
1117 2811 1300 2875 Clrsrislimo
1321 2816 1351 2876 in
1370 2813 1493 2877 Christo
1507 2812 1577 2878 tilio
1599 2816 1707 2878 nostro
1720 2813 1837 2892 carolo
1848 2815 1972 2882 Roma·

602 2914 719 2958 norum
743 2896 822 2976 Regi
843 2898 873 2958 in
901 2895 1126 2975 imperatorem
1150 2894 1254 2957 elet‘to
1281 2896 1457 2959 Pontificiae
1481 2898 1719 2960 benevolentiae
1745 2912 1971 2980 argumentum

601 2976 703 3039 deesse
723 2979 943 3047 voluerimus,
972 2977 1001 3037 id
1014 2985 1119 3037 totum
1143 2977 1254 3041 lliletii
1267 2978 1345 3045 filit.
1372 2981 1468 3041 vobis
1483 3000 1566 3042 nunc
1586 2993 1698 3042 notum
1718 2979 1751 3042 dr
1770 2978 1969 3064 perspestum

600 3059 685 3131 etse,
704 3077 829 3141 aequum
847 3060 1011 3126 ducimus,
1049 3057 1200 3138 simulque
1216 3080 1278 3122 vos
1301 3063 1489 3133 admonere.
1519 3075 1554 3126 ut
1569 3085 1645 3132 eus,
1672 3063 1969 3144 quasdecaeteroa

598 3141 686 3206 disto
705 3143 822 3204 Cerulo
842 3140 949 3222 Rege,
983 3141 1049 3202 srve
1065 3143 1177 3212 vobis,
1216 3142 1282 3206 sive
1298 3146 1366 3207 aliis
1382 3149 1548 3226 quibusvis
1562 3148 1770 3209 collatoribus
1792 3143 1844 3208 seu
1861 3149 1967 3214 eolla·

599 3225 732 3286 tricibus
749 3241 1009 3306 quorumcunque
1022 3223 1248 3288 beneficiorum
1266 3227 1562 3304 ecclesiasticorum,
1577 3249 1632 3312 per
1645 3228 1772 3292 Sacrum
1784 3226 1967 3299 Romanu!

598 3303 768 3389 Imperium
784 3305 1005 3376 exilientium,
1029 3307 1087 3388 prri
1103 3306 1329 3372 beneficiorum
1354 3309 1557 3392 hujusmodi,
1592 3333 1663 3374 cum
1684 3313 1816 3393 primurn
1830 3311 1887 3375 illa
1904 3333 1965 3378 va·

478 3439 482 3450 ,
598 3391 767 3464 csverint,
789 3388 983 3465 collatione,
1006 3388 1138 3452 servatis
1151 3402 1254 3453 tamen
1274 3392 1538 3468 restrittiouibus,
1574 3395 1606 3457 'dr
1625 3394 1871 3475 exceptionibus
1888 3393 1968 3463 soll·

598 3471 642 3533 tis
659 3470 818 3542 sarienda,
842 3473 960 3554 porrigi
975 3471 1024 3532 seu
1045 3471 1188 3537 exhiberi
1202 3477 1395 3558 contigerit,
1428 3481 1561 3540 omuino
1584 3478 1777 3562 recipiendas
1794 3490 1893 3560 atque
1910 3482 1968 3546 ad·

599 3555 769 3619 mittendas
782 3553 843 3619 esse
857 3554 1001 3616 noscatis.
1020 3597 1041 3629 „

524 3685 556 3769 e)
579 3684 615 3751 ln
633 3687 745 3750 iisdem
762 3687 860 3751 literis
874 3687 943 3750 haec
957 3689 1125 3768 leguntur:
1147 3687 1331 3754 “Praeteres
1347 3712 1417 3755 cum
1436 3693 1528 3757 nobis
1548 3695 1740 3770 innotuerit,
1772 3696 1868 3760 etism
1890 3697 1965 3763 ct·-

595 3769 719 3832 riffimae
738 3773 900 3832 memoriae
916 3770 1074 3853 Jnsepho.
1092 3772 1166 3835 dum
1191 3775 1296 3846 vixit,
1321 3777 1493 3840 eorundem
1514 3778 1729 3841 Romanorum
1745 3776 1825 3861 Regi
1842 3781 1876 3843 iu
1899 3779 1966 3846 Im·

594 3863 772 3998 peratorem
801 3854 922 3922 erecto.
954 3853 1094 3935 praeditbi
1114 3855 1217 3918 Caroli
1234 3856 1330 3940 Regis
1344 3845 1625 3932 Germanolratri,
1659 3864 1795 3924 animum
1817 3883 1883 3926 uon
1907 3865 1973 3940 de·-

611 3933 704 4005 uisse,
725 3935 839 3996 adrem
856 3944 957 3997 totam
972 3938 1176 4019 explendem,
1197 3938 1252 4001 nili
1268 3944 1454 4007 immaturus
1479 3944 1563 4007 illius
1584 3946 1692 4007 obitus
1712 3943 1823 4009 cundi·
1842 3946 1963 4011 turbes·

595 4018 655 4091 set,
683 4019 826 4100 adeoque
838 4037 893 4101 per
907 4017 1002 4101 ipsum
1016 4039 1080 4081 non
1100 4019 1229 4088 stetisse.
1268 4042 1332 4104 quo
1351 4028 1454 4091 minus
1470 4031 1589 4091 eaedem
1610 4026 1813 4092 difficultates
1832 4031 1961 4111 penitus

595 4102 808 4172 tollerentur.
830 4103 1094 4183 quemadmodum
1112 4124 1153 4163 ex
1168 4104 1359 4170 authenticis
1378 4111 1415 4171 ud
1439 4131 1499 4173 nos
1523 4113 1846 4175 sliatis²docnmentis
1868 4112 1962 4193 liqui·

595 4183 638 4243 do
651 4185 807 4249 constitit:
834 4186 953 4248 idcirco
969 4186 1062 4249 ctiam
1080 4184 1192 4248 similes
1207 4191 1366 4264 primerias
1383 4214 1511 4275 preces.
1531 4197 1568 4256 sb
1585 4196 1696 4257 eodem
1712 4194 1848 4278 Josepbo
1858 4193 1960 4277 Rege,

595 4266 668 4325 dum
684 4270 830 4341 viveret,
853 4271 1041 4352 expeditas,
1062 4289 1132 4351 quae
1145 4272 1241 4334 vobis
1267 4272 1417 4339 &actenus
1437 4277 1591 4341 exhibite
1613 4277 1755 4348 fuerunt,
1790 4277 1841 4339 seu
1854 4278 1960 4360 impo-

595 4347 708 4410 sterum
723 4352 978 4427 exhibebuntur,
1000 4353 1086 4417 suum
1103 4356 1261 4438 integrum
1285 4356 1318 4419 dr
1335 4360 1460 4441 plenum
1478 4360 1625 4427 edesium
1642 4361 1754 4423 habere
1770 4378 1834 4421 nnn
1847 4361 1961 4425 abnui·

595 4449 684 4502 mus;
708 4435 782 4493 citra
803 4436 928 4499 illorum
945 4437 1181 4522 praejudicium,
1213 4459 1295 4522 quos
1312 4444 1343 4506 in
1365 4444 1592 4508 beneficiorum
1614 4441 1818 4528 possessione,
1852 4441 1958 4509 stves

519 4601 526 4606 -
594 4515 709 4580 nobis.
731 4514 823 4577 srvea
839 4522 1004 4599 quibusvis
1018 4522 1183 4587 ordinariis
1201 4526 1434 4600 collatoribus,
1453 4529 1504 4592 seu
1523 4530 1736 4592 collatricibus
1752 4526 1959 4600 collatorum,

594 4597 733 4660 exclusis
749 4601 920 4678 prorsusne.
938 4607 1118 4671 nullatenus
1134 4609 1170 4670 nd
1189 4609 1273 4672 illam
1292 4611 1426 4677 admissis
1442 4615 1499 4684 iis,
1524 4615 1555 4676 in
1571 4632 1704 4694 quorum
1726 4608 1870 4672 savorem
1884 4627 1958 4690 pre·

594 4698 647 4744 ces
662 4682 820 4766 praedittae
833 4704 891 4771 pro
904 4688 1022 4755 eisdem
1033 4691 1194 4759 beneficiis
1216 4715 1234 4757 a
1249 4711 1429 4764 memorato
1449 4697 1587 4783 Josepho
1603 4694 1692 4781 Rege
1707 4691 1865 4779 expedite
1885 4689 1959 4819 sq?-
