5017 5592
390 665 392 674 .
502 613 574 684 606
695 601 1030 680 DISSERTATlO
1050 602 1186 698 JURlS
1206 601 1396 678 PUBLlCl
1422 593 1793 684 E'chEstttStht

503 786 682 882 privilegia
697 786 832 864 attinet,
858 808 932 877 quae
952 808 1016 851 nun
1034 783 1203 864 divinum,
1231 780 1284 854 sed
1302 785 1485 855 humanum
1498 787 1560 879 Jus
1576 782 1784 864 introduxit,
1811 777 1914 879 liquis
1927 781 1976 856 illc

503 884 652 956 nondum
677 883 773 974 lunga
798 882 1015 978 legitimaque
1035 878 1240 951 observantia
1257 907 1312 954 aut
1327 883 1402 972 lege
1417 881 1540 951 abolita
1562 883 1755 955 convellere
1775 906 1837 950 aut
1863 879 1978 954 violari

503 982 671 1061 intendat,
697 1004 788 1050 tanto
814 986 947 1071 gravius
972 975 1144 1050 adversum
1168 975 1199 1048 se
1221 983 1392 1076 judicium
1417 984 1481 1049 Dei
1500 1003 1677 1075 provocat,
1703 1005 1839 1076 quanto
1856 983 1979 1072 gravior

505 1077 552 1152 est
575 1075 750 1173 injullitia,
775 1103 849 1174 quae
863 1077 907 1148 ob
923 1080 1080 1148 intuitum
1097 1080 1161 1147 Dei
1181 1077 1210 1148 d·
1231 1080 1434 1173 ltaligsonis,
1458 1084 1510 1149 cui
1534 1105 1598 1176 per
1618 1075 1866 1150 concessionem
1883 1079 1979 1150 hunot

504 1175 651 1276 ptatslari
668 1176 791 1252 voluit,
818 1176 968 1270 adeoque
985 1176 1015 1245 dt
1039 1201 1100 1270 pet
1115 1201 1305 1246 attentatam
1322 1174 1473 1271 injustam
1495 1177 1527 1247 dt
1548 1177 1762 1248 arbitrariam
1778 1174 1973 1248 invasionem

504 1277 627 1364 injuria
654 1278 850 1367 irrogatur,
878 1276 1043 1371 quandum
1062 1271 1223 1368 litctilegii
1238 1273 1381 1372 speciem
1399 1275 1589 1358 involvere,
1604 1299 1662 1346 aut
1677 1275 1721 1346 ad
1738 1300 1817 1347 eam
1836 1273 1979 1348 accedere

503 1373 648 1448 videtur.
767 1373 772 1382 ’

620 1499 813 1575 Difficulter
826 1502 925 1573 etiam
943 1501 1142 1576 inferiorum
1163 1501 1370 1599 prescriptio
1386 1504 1567 1599 praevalere
1579 1501 1686 1600 potesl
1702 1507 1737 1577 in
1754 1505 1847 1577 read
1864 1507 1975 1578 Stttuttt

505 1601 676 1700 publicum
700 1605 939 1698 pertinente&
967 1630 1028 1699 per
1052 1607 1140 1696 leges
1158 1607 1256 1672 toties
1281 1607 1470 1685 innovatas,
1497 1628 1567 1675 tunt
1582 1605 1758 1702 politicas,
1788 1628 1866 1676 tunt
1882 1604 1977 1677 Ecclt·
2013 1645 2016 1703 ι

504 1701 642 1779 stalltcas
659 1700 821 1822 llabtlita,
845 1707 1010 1797 tantisque
1028 1705 1273 1814 irritationibus
1290 1705 1431 1774 munita.

621 1861 669 1927 Ex
686 1850 854 1952 praemlffis
871 1852 1030 1927 haslenus
1049 1853 1225 1950 principiis
1245 1859 1307 1950 Jus
1328 1851 1441 1926 saltem
1457 1876 1587 1927 certum
1609 1877 1710 1950 atque
1726 1851 1904 1928 subsilens
1918 1854 1974 1928 elu-

504 1953 621 2038 cescit3
650 1952 770 2047 qffus
788 1949 909 2023 onttllis
934 1956 990 2049 qui
1013 1954 1054 2023 de
1077 1950 1305 2023 Ecclefiasticis
1329 1952 1593 2023 immunitatibus
1613 1950 1843 2048 disceptantes
1858 1957 1921 2024 iton
1937 1955 1976 2024 di·

505 2051 659 2126 scetnunt
685 2077 742 2130 ea,
768 2075 842 2146 quae
866 2048 940 2122 sunt
962 2053 1094 2131 Divini,
1121 2050 1154 2121 dt
1177 2075 1249 2144 quae
1273 2052 1409 2121 humani
1425 2054 1538 2147 Jutis,
1563 2073 1664 2146 etipse
1686 2055 1722 2122 in
1745 2049 1830 2146 ipsis
1850 2050 1974 2150 Juribut

506 2153 659 2224 humanae
682 2172 782 2243 atque
804 2153 980 2221 mutationi
1003 2150 1151 2219 obnotiae
1172 2145 1385 2218 institutionis
1409 2175 1474 2217 nnn
1498 2144 1687 2228 discernunt
1710 2151 1804 2220 inter
1826 2173 1883 2232 es,
1912 2173 1976 2245 que

1997 805 2016 924 l

2012 1809 2016 1928 l

507 2251 614 2320 edlauc
630 2245 687 2318 usu
708 2251 836 2339 vigent,
866 2248 971 2327 drea,
998 2273 1070 2342 quae
1086 2249 1250 2316 contraria
1275 2246 1511 2316 consuetudine
1528 2248 1578 2313 vel
1603 2244 1675 2335 lege
1694 2245 1835 2343 publice
1851 2247 1975 2344 prorsus
2014 2257 2016 2272 '

505 2351 675 2439 antiquata
698 2345 866 2416 &abolita
881 2341 1034 2425 suerunt,
1061 2350 1171 2414 omnia
1187 2339 1416 2424 confundunt,
1444 2345 1478 2416 dc
1498 2343 1751 2416 Andaltatsrutn
1771 2369 1871 2421 more
1887 2369 1972 2420 cetu·

506 2449 626 2520 tientes
643 2442 717 2516 suos
738 2449 771 2514 in
785 2469 860 2518 aete
875 2444 1003 2538 gladios
1023 2443 1183 2518 ventilent
1198 2437 1322 2514 necell'e
1341 2439 1398 2516 ell.
1507 2471 1514 2484 ι

1142 2656 1173 2746 ς.
1223 2649 1349 2726 xxx.

621 2806 708 2878 Cum
727 2806 830 2897 igitur
844 2801 933 2894 leges
955 2799 1054 2875 semel
1073 2803 1169 2875 editae
1187 2829 1222 2874 tc
1241 2800 1457 2901 perseverans
1477 2827 1591 2874 earum
1613 2797 1689 2874 usus
1718 2801 1751 2874 dt
1778 2801 1974 2876 observantia

506 2899 568 2974 lint
588 2903 704 2994 regula
721 2928 758 2973 ac
779 2928 896 2973 norma
913 2901 1073 2972 libertatis
1100 2900 1325 2974 Eccleliallicae
1343 2905 1375 2971 in
1397 2903 1559 2973 relatione
1575 2901 1614 2972 ad
1631 2901 1894 2998 Rcmpublicant
1912 2923 1975 2994 pru·

506 2995 618 3070 fanum
638 3006 670 3070 in
686 2998 785 3069 rebus
802 3001 842 3070 de
860 2996 891 3067 l'e
907 2999 1098 3093 adiaphoris
1115 3025 1170 3068 aut
1192 3004 1302 3070 mixtis
1319 2996 1549 3082 considerata,
1578 3025 1642 3069 non
1664 3003 1854 3092 incongrua
1870 2998 1975 3072 exinde

506 3093 552 3169 cll
576 3093 757 3176 conclusio,
783 3094 822 3164 ab
848 3101 944 3165 unius
962 3098 1066 3184 Regni
1089 3094 1295 3168 observantia
1313 3098 1352 3167 td
1373 3099 1515 3168 alterum
1540 3098 1668 3168 nullutn
1690 3096 1768 3168 duci
1787 3103 1972 3169 convincens

507 3217 763 3286 argumentum,
790 3220 849 3264 nec
864 3192 1000 3263 alterius
1017 3191 1258 3266 observantiam
1275 3195 1369 3267 alteri
1387 3196 1536 3286 regulam
1555 3191 1780 3277 cunllituete,
1807 3194 1867 3266 ubi
1884 3201 1974 3264 divet-

507 3287 560 3362 sus
576 3290 620 3363 ell
638 3290 842 3387 Reipublicae
859 3289 1030 3386 ipsustnet
1044 3289 1195 3386 profana·
1212 3298 1343 3376 Status,
1370 3291 1505 3365 diversae
1524 3295 1613 3385 leges
1638 3293 1670 3363 dt
1695 3291 1836 3364 diversae
1855 3290 1976 3390 insuper

505 3388 683 3462 Ecclesiam
704 3391 898 3461 moderandi
919 3389 948 3463 dt
973 3392 1170 3486 protegendi
1188 3394 1346 3464 rationes.
1396 3397 1481 3461 Cum
1498 3415 1608 3463 tamen
1631 3392 1669 3460 ad
1690 3393 1851 3482 Regnum
1868 3390 1976 3464 Gallie

505 3490 659 3586 plerique
700 3513 859 3559 rovocare
876 3512 1002 3569 amant,
1025 3488 1081 3558 ubi
1097 3485 1176 3559 sicut
1193 3490 1360 3583 quondam
1377 3487 1551 3582 latgtllitna
1573 3488 1638 3559 suit
1655 3488 1856 3560 libertatum
1882 3487 1980 3562 Eccle-

504 3585 556 3657 fiae
572 3514 732 3667 extendo,
760 3589 802 3656 ita
822 3586 922 3658 bodie
936 3586 1061 3656 eaedem
1076 3584 1267 3681 parcissimae
1284 3583 1457 3670 seruntur3
1474 3588 1623 3682 ejusdem
1641 3582 1910 3659 Constitutiones
1926 3589 1981 3657 huc

506 3690 711 3782 pertinentes
735 3686 861 3777 aliquas
886 3710 923 3755 ex
951 3689 1247 3756 cinassuaro
1279 3679 1408 3755 referre
1427 3685 1536 3779 juvat,
1572 3711 1609 3756 ex
1629 3683 1749 3780 quibus
1768 3684 1980 3780 perspicuum

505 3785 681 3866 redditur,
707 3784 906 3874 ampliorem
925 3783 1061 3877 quidem
1082 3779 1239 3851 hsdlenus
1256 3783 1383 3876 legibus
1401 3785 1591 3855 Germaniae
1607 3783 1748 3879 publicis
1775 3781 1837 3854 usu
1860 3782 1980 3878 semper

507 3879 762 3953 &observantia
786 3885 923 3952 retentis
948 3875 1097 3950 favorem
1119 3880 1285 3950 indultum
1312 3876 1425 3965 suilse5
1453 3878 1474 3953 st
1497 3906 1606 3952 tamen
1627 3883 1752 3950 novitia
1775 3885 1982 3978 quorundam

506 3981 661 4072 dogmata
680 3978 711 4049 dt
728 4000 865 4050 conatus
881 3981 913 4049 in
933 3979 1114 4050 Germania
1131 3975 1399 4059 confideremus,
1427 4005 1500 4074 qut:
1517 4002 1597 4050 vero
1615 3981 1806 4049 inritatione
1822 3976 1881 4050 sua
1898 3981 1981 4050 latius

503 4080 687 4171 propagari
698 4075 815 4145 nollra
829 4076 970 4148 necdum
987 4076 1068 4148 vidit
1086 4099 1185 4157 aetas,
1211 4077 1395 4173 optandum
1410 4073 1486 4148 sane
1505 4079 1546 4148 iis
1561 4071 1638 4148 esset
1656 4075 1811 4148 Eccleliis
1833 4076 1897 4148 sub
1913 4077 1983 4150 Gal·

360 4249 363 4254 ,
505 4173 571 4243 lico
588 4179 698 4266 potius
723 4175 894 4248 dominatu
910 4172 1057 4273 jugoque
1074 4171 1215 4258 versari,
1242 4199 1342 4271 quant
1367 4175 1546 4247 Germana:
1568 4173 1732 4246 libertatis
1759 4179 1904 4250 nornine
1925 4173 1981 4248 stae

505 4294 542 4342 re
558 4267 625 4368 ipsa
641 4273 798 4361 gaudere.

620 4405 761 4474 Easdem
778 4410 867 4478 euim
882 4402 1068 4478 uniformes
1085 4402 1210 4499 ubique
1225 4408 1323 4476 unius
1339 4407 1554 4498 Legislatoris
1570 4404 1709 4501 ejusque
1725 4402 1884 4500 supremi
1900 4407 1978 4498 leget

504 4528 541 4576 ac
561 4501 822 4597 Cottllitutinnes
848 4504 904 4577 stbi
929 4505 1053 4576 datast
1075 4509 1208 4572 nemine
1233 4499 1384 4574 inferiori
1415 4506 1736 4597 praetergrediendas
1757 4503 1930 4601 sequitur,
1951 4507 1979 4572 in

382 4667 384 4672 .
504 4603 688 4677 Geratanit
703 4595 865 4687 infinitas,
892 4625 1011 4701 utpute
1023 4604 1122 4706 cujus
1132 4600 1273 4698 Ecclesia
1293 4600 1470 4677 universim
1487 4601 1619 4701 sumpta
1633 4598 1795 4689 infinitis,
1820 4629 1889 4677 una
1904 4601 1980 4697 sepe

1915 4722 1980 4802 lm·
