5017 5592
502 659 507 692 =
547 625 619 734 ns
633 645 859 728 aucium
879 644 936 725 uu
957 642 1140 724 renuis
1155 640 1261 724 vau
1276 644 1433 727 ctvtr.
1450 645 1655 729 utrina
1671 647 1784 728 aar„
1804 649 1874 732 ee.
1905 672 1975 754 451
2060 719 2076 736 J

503 853 700 1002 quacunque
718 830 833 904 decori
850 830 1031 904 earundem
1048 829 1183 903 adversa
1197 827 1434 905 annexumell'e
1451 832 1636 928 Religionis
1652 809 1866 921 Catholicae}
1882 833 1981 908 adeo·

502 954 568 1025 que
583 935 644 1004 Car
670 931 765 1001 olicis
781 934 813 997 in
836 925 1027 1024 poil'ellione
1044 931 1161 1026 templi
1185 928 1359 1025 cujusdam
1375 955 1462 1004 anno
1484 935 1626 1004 normali
1645 933 1855 1008 exilientibus
1871 937 1980 1004 omni·

502 1052 546 1100 no
575 1029 864 1122 relinquendum!
903 1026 1121 1098 Protellantes
1152 1053 1390 1126 nonnunquam
1427 1033 1629 1123 gravaminis
1663 1033 1738 1106 loco
1771 1031 1979 1114 habuerunt.
2068 1043 2077 1060 “
2151 1021 2155 1034 ’

526 1125 617 1198 uodst
638 1130 781 1199 Parnchi
806 1128 929 1219 altique
952 1113 1136 1196 eorundem
1164 1124 1312 1198 Mintllrt
1334 1151 1352 1198 a
1376 1123 1557 1200 Praefellis
1581 1129 1736 1203 locorum
1758 1129 1911 1202 civilibus
1932 1131 1982 1200 in·

501 1151 566 1297 dar
591 1226 734 1297 aliorum
748 1222 968 1294 ¹subditorum
990 1229 1023 1293 in
1035 1223 1098 1319 'jus
1122 1228 1230 1295 vocati
1257 1221 1379 1308 fuere,
1402 1249 1593 1323 quanquam
1614 1230 1679 1300 huc
1702 1232 1817 1326 potius
1843 1226 1980 1298 illorum

500 1326 680 1421 principiis
698 1317 873 1394 conforme
889 1321 945 1399 stt,
972 1324 1099 1419 quippe
1117 1317 1297 1394 secundum
1317 1348 1402 1417 quae
1419 1324 1509 1396 nullu
1535 1327 1633 1398 datur
1653 1325 1981 1400 Ecclestailieoruma
2070 1365 2079 1384 κ

500 1421 753 1511 Magistratibus
780 1420 932 1491 civilibus
959 1421 1153 1517 exemptio3
1181 1420 1297 1518 quidni
1323 1425 1427 1514 igitur
1444 1426 1626 1499 Catholicis
1648 1426 1894 1497 immunitatem
1921 1425 1980 1495 Ee·

501 1519 673 1591 cleltarum
691 1517 821 1589 suatum
838 1541 924 1592 tueri
942 1518 1064 1595 lia-eat,
1091 1523 1218 1615 quippe
1264 1543 1340 1588 uam
1361 1521 1478 1591 violari
1495 1520 1561 1596 sine
1584 1524 1717 1618 piaculo
1737 1549 1753 1592 a
1773 1519 1805 1595 se
1830 1520 1981 1617 permitti

501 1643 568 1689 non
592 1614 684 1716 polle
705 1617 918 1687 exii'umant‘?
947 1622 1070 1709 Neque
1093 1616 1181 1688 hilce
1202 1543 1329 1696 offla-n,
1382 1618 1447 1688 uod
1462 1617 1553 1714 juxta
1576 1624 1768 1717 complures
1787 1615 1981 1691 Catholicae

502 1719 695 1790 immunitas
719 1723 838 1786 haecce
860 1712 1078 1784 Ecclestarum
1095 1711 1256 1784 nunnilia
1278 1643 1442 1787 beneicto
1463 1721 1572 1789 Princi
1601 1743 1657 1790 um
1677 1717 1876 1802 descendat3
1901 1739 1981 1786 narn

500 1815 598 1887 urnii
618 1814 742 1894 dicam,
767 1834 947 1908 propterea
962 1812 1103 1882 necdum
1122 1811 1161 1882 ab
1177 1813 1297 1884 iisdem
1311 1811 1398 1907 ipsis.
1410 1815 1538 1887 admitti
1562 1744 1728 1914 liquelam
1744 1814 1858 1894 illam,
1876 1815 1982 1906 igitur
2128 1867 2131 1872 -

501 1936 535 1986 et
551 1913 635 1984 hanc
659 1914 902 1983 immunitatem
918 1909 958 1982 ab
975 1911 1182 2004 Principibus
1200 1915 1322 1982 iterum
1339 1936 1402 2008 pro
1418 1911 1528 1988 lubitu
1547 1913 1699 2010 tellringi
1719 1938 1775 1986 aut
1788 1916 1890 1985 adimi
1931 1905 1983 1983 us·

500 2011 556 2092 se,
585 2033 687 2106 prout
702 2019 735 2078 in
759 2005 1039 2081 uaarnaaro
1065 2009 1105 2078 ab
1126 2005 1277 2081 Austore
1297 2011 1398 2079 citato
1414 2013 1518 2084 videti
1535 2010 1659 2108 potell,
1688 2037 1787 2107 arque
1800 2035 1838 2084 ex
1856 1937 1984 2080 oiler-

502 2113 628 2185 tstione
658 2112 847 2178 ENGELH
862 2126 911 2176 nil
927 2126 995 2177 uti
1020 2115 1057 2175 de
1083 2112 1234 2176 Bonnam
1254 2109 1520 2196 Enitfirsticarum
1548 2114 1787 2182 silentiunm
1808 2114 1860 2180 litt
1890 2113 1981 2178 iamt

502 2210 680 2294 terrulentis
704 2204 838 2276 ubertus
862 2204 1005 2299 parebit;
1026 2203 1059 2272 id
1078 2229 1180 2280 unum
1204 2205 1258 2280 luc
1275 2198 1393 2281 sufficit
1421 2205 1522 2282 Cleru
1544 2208 1719 2284 Carltoliro
1742 2206 1786 2286 nil
1806 2200 1982 2282 adversum

502 2304 604 2405 ipsius
632 2303 849 2374 cout'cienr‘na
872 2303 998 2398 injupgi
1019 2297 1134 2394 posse,
1169 2303 1429 2398 catholicosque
1447 2307 1478 2372 in
1505 2301 1694 2399 poileffione
1716 2307 1818 2377 etiam
1839 2324 1983 2374 annuo·

498 2411 579 2479 'rum
603 2403 787 2493 Religionis
811 2398 872 2471 elie
895 2400 1160 2492 relinquendos.¹
1202 2410 1257 2470 An
1279 2422 1378 2471 notae
1400 2401 1477 2472 illae
1508 2401 1761 2474 Protestantium
1784 2402 1980 2480 cantilenae,

502 2504 544 2577 de
565 2500 687 2599 quibus
706 2524 814 2570 tantae
831 2500 897 2592 jam
925 2494 1166 2569 controversiae
1186 2499 1385 2577 extiterunt,
1408 2497 1465 2570 etst
1487 2503 1740 2581 omitterentur,
1764 2498 1900 2570 illorum
1917 2499 1983 2567 Re·
2108 2525 2113 2534 ·

505 2597 928 2695 ligionemdelltuerenr?
954 2599 1044 2694 atqui
1069 2617 1179 2665 tamen
1199 2598 1319 2686 proiit
1340 2617 1501 2690 quantum
1525 2597 1751 2695 depugnatum
1774 2592 1857 2679 fuit,
1878 2618 1915 2665 ex
1937 2615 1981 2666 eo

504 2725 594 2778 uno.
613 2699 704 2795 quod
721 2723 807 2768 anno
828 2693 970 2766 normali
993 2694 1161 2763 decantari
1184 2692 1296 2764 inlitae
1312 2687 1470 2766 fuerint?
1494 2693 1528 2766 id
1546 2696 1651 2786 igitur
1663 2695 1704 2766 ad
1723 2693 1889 2764 summum
1903 2715 1982 2790 per·
2105 2709 2114 2718 ·

500 2801 589 2871 mitti
606 2792 729 2893 pollet,
753 2794 842 2890 quod
860 2791 881 2864 lt
899 2798 1062 2862 Dominus
1079 2789 1291 2862 territorialts
1306 2814 1392 2862 anno
1408 2792 1550 2863 normali
1565 2793 1598 2863 id
1618 2793 1704 2889 juris
1724 2789 1780 2862 libi
1797 2794 1831 2863 in
1851 2787 1980 2884 templa

501 2897 674 2969 catholica
691 2888 888 2990 sumpstiler‚
912 2914 949 2961 ut
961 2914 1037 2962 reos
1052 2889 1131 2960 illue
1150 2884 1381 2986 confugientes
1397 2890 1686 2988 indeexrraxeri15
1711 2887 1895 2988 Catholicis
1906 2909 1981 2959 tum
2068 2941 2079 2966 2

501 3019 570 3067 non
593 2988 916 3072 contradicentibus;
944 2988 1045 3057 hodie
1061 3011 1197 3083 quoque
1214 2987 1297 3057 illud
1313 2984 1354 3056 ab
1378 2984 1453 3082 iplis
1475 2993 1627 3084 permitti
1650 2989 1692 3059 de
1815 3007 1982 3083 quantum
2007 3029 2018 3042 ·

501 3089 598 3164 salvis
616 3089 681 3164 suis
700 3093 875 3186 principiis
903 3084 1051 3183 pollunt3
1076 3085 1341 3164 hancnimirum
1367 3110 1456 3166 urm,
1479 3111 1581 3182 quam
1602 3084 1748 3182 propuls
1780 3109 1881 3158 enon
1905 3078 1982 3179 poli·

502 3187 607 3273 sunt,
631 3188 805 3258 tolerando
822 3237 832 3268 ,
856 3193 937 3280 quin
962 3207 1071 3254 tamen
1094 3184 1134 3251 ad
1159 3206 1236 3253 reos
1254 3206 1293 3252 ex
1310 3182 1440 3279 templo
1459 3183 1681 3255 extrahendos
1696 3180 1827 3280 iplimet
1842 3195 1984 3259 concurs,
2115 3219 2120 3228 =

501 3314 598 3368 rant,
619 3311 693 3368 aut,
716 3308 752 3356 ur
769 3285 802 3355 id
829 3280 969 3364 faciant,
987 3277 1143 3372 adstringi
1161 3281 1307 3375 imperio
1326 3283 1467 3351 Domini
1490 3281 1704 3354 territorialis
1726 3303 1859 3374 queant.
1912 3280 1983 3350 Ge·

501 3388 645 3458 neratim
668 3387 725 3463 iis,
750 3407 835 3479 quae
864 3381 953 3459 dixi,
981 3376 1173 3472 adllipulari
1195 3376 1331 3446 videtur
1354 3381 1520 3447 Mosen
1549 3385 1652 3449 Tmo.
1689 3378 1787 3456 Ὀοη
1801 3373 1981 3454 ocellatis

502 3481 700 3574 ocsbobcit
719 3482 770 3558 int
793 3472 1016 3588 (Btistlirbptt
1037 3499 1143 3570 ¹773·
1166 3497 1201 3570 p.
1223 3499 1304 3563 522.
1327 3473 1407 3544 dum
1422 3477 1491 3548 ait:
1516 3467 1767 3570 {tricenium
1783 3467 1981 3568 bittuiiitt

505 3578 691 3669 „dnn‘uno
715 3573 878 3665 &clauim
899 3574 1056 3666 ornarint
1075 3566 1192 3652 utura
1206 3573 1277 3650 utto
1300 3565 1435 3663 &afile
1456 3571 1515 3665 beu
1537 3571 1642 3648 oeucn
1665 3567 1870 3667 bensclbincn
1890 3564 1980 3663 resp.

505 3675 611 3766 „nteit
633 3681 738 3756 oancn
763 3676 936 3769 ¹nttncinrn
962 3667 1113 3760 meduan
1147 3670 1228 3747 nott
1248 3668 1307 3747 occ
1331 3664 1484 3747 tannen
1503 3663 1721 3763 Qlecsaffunn
1753 3665 1981 3745 uniicbcnont

558 3776 705 3868 culcittis
727 3773 877 3860 ttbulttn
901 3770 1059 3847 metuent
1086 3767 1176 3864 quod
1197 3768 1287 3835 enim
1311 3765 1366 3835 hic
1387 3765 1497 3860 inquit
1510 3763 1552 3835 de
1575 3765 1785 3838 immunitate
1807 3762 1903 3840 bonis
1917 3765 1983 3842 Ee·

502 3775 713 4038 gissassicis,
740 3897 757 3941 a
780 3875 927 3940 Domino
950 3863 1144 3938 territoriali
1164 3862 1300 3934 alterius
1322 3860 1507 3951 Religionis
1529 3860 1773 3959 relinquenda,
1797 3883 1837 3932 ex
1858 3859 1980 3934 iisdem

548 3996 605 4042 ane
627 3967 850 4052 fundamentis
874 3967 914 4050 de
934 3966 1146 4034 immunitate
1161 3983 1199 4033 ut
1213 3962 1373 4058 inquiunt
1386 3959 1484 4048 lossii
1506 3983 1611 4062 aeque
1629 3961 1709 4059 jure
1730 3959 1902 4038 communi
1915 3955 1979 4040 llo·

502 3997 602 4145 illita
616 4070 758 4186 intelligi
779 4067 900 4142 debere
916 4068 950 4135 in
965 4064 1081 4159 aprico
1096 4055 1155 4138 eli·

1797 4724 1875 4836 nt.
1897 4721 1979 4814 aa

1741 4913 1806 4929 ..ῌι
