5017 5592
615 636 683 723 148
1056 617 1640 716 nissam-arro
1746 595 1801 642 ³
2024 723 2033 730 ἢ

723 810 865 868 veterata
878 770 1106 866 musuelodioe
1115 841 1126 875 ,
1149 800 1244 865 etiam
1261 798 1444 880 Apostollca
1455 800 1652 865 authoritate
1667 820 1686 863 a
1700 798 1815 866 Srostr
1827 799 1898 864 iede
1914 796 1948 862 dr
1969 818 1987 861 a
2006 797 2087 863 San·

724 884 858 950 biilitmo
874 886 904 947 in
922 881 1044 947 Christo
1058 881 1148 946 Patre
1161 871 1302 945 Domino
1314 881 1486 948 Benedidlo
1497 881 1588 952 xlv.
1604 882 1730 948 Sanstae
1744 882 1896 946 Romanae
1910 901 1947 943 ao
1958 883 2091 945 univer·

724 966 794 1032 salis
816 964 962 1029 Ecclesrae
980 965 1101 1028 summo
1123 963 1277 1027 Pontifice
1294 965 1461 1037 roborata,
1494 965 1546 1047 jus
1565 976 1727 1047 competat
1747 960 1857 1045 preces
1871 966 2033 1044 primarias
2050 964 2091 1028 ad

724 1067 838 1112 omnes
860 1046 895 1109 dt
914 1046 955 1110 liu
1005 1048 1055 1112 los
1070 1046 1296 1111 beneficiorum
1310 1046 1586 1110 ecclesiasticorum
1606 1048 1780 1109 collatores
1794 1046 1828 1108 dt
1841 1045 2023 1109 collatrices
2038 1091 2046 1107 .
2061 1091 2091 1111 ..

724 1130 924 1216 porrigendi,
972 1130 1059 1206 andi,
1092 1128 1287 1194 concedendi
1301 1128 1538 1194 &decernendi
1556 1147 1616 1213 pro
1632 1127 1772 1213 personis
1794 1128 1920 1193 idoneis
1942 1127 1977 1191 dr
1994 1128 2089 1198 nobis

726 1214 836 1297 smil·
849 1251 870 1288 n
925 1295 927 1299 .

653 1353 691 1439 b)
711 1351 768 1420 Uti
785 1350 907 1416 constat
926 1371 967 1415 ex
982 1348 1120 1416 ledlione
1137 1351 1345 1437 diplomatum
1359 1348 1511 1415 Franciici
1530 1348 1557 1414 1.
1580 1299 1693 1433 quibus
1705 1370 1815 1434 preces
1834 1348 1901 1413 luas
1920 1350 2087 1432 dirigebat,

723 1453 822 1500 unuin
838 1434 902 1518 legi
916 1434 953 1495 ad
968 1432 1134 1498 Ecclesiam
1152 1435 1307 1516 quandum
1321 1427 1539 1497 Cathcdraiern
1552 1433 1680 1506 datum,
1712 1434 1764 1495 ubl
1784 1433 1931 1506 adverti,
1958 1434 2090 1498 nomine

723 1516 759 1582 dr
774 1515 871 1582 titulo
883 1515 1012 1581 Caesaris
1025 1527 1151 1582 mutato
1163 1516 1349 1583 simillimam
1366 1514 1545 1601 Josephloae
1561 1512 1623 1580 essa
1635 1513 1804 1583 formulam
1817 1515 1998 1582 adhibitam

1207 1716 1243 1803 ς.
1292 1711 1500 1798 xxvlu.

725 1876 776 1946 Ex
798 1866 959 1971 praemissa
974 1869 1037 1943 lrrc
1061 1864 1216 1943 historica
1232 1873 1385 1966 genuinis
1401 1896 1441 1945 ea
1463 1859 1691 1946 monumentis
1712 1871 1914 1968 deprompta
1939 1866 2023 1943 serie
2040 1866 2089 1942 fa·

612 1973 676 2048 tile
692 1965 749 2046 sibi
764 1974 872 2068 quivis
892 1969 934 2042 de
954 1964 1027 2063 ipso
1041 1966 1117 2064 jure
1143 1971 1381 2064 primariorum
1404 1995 1561 2067 precum,
1586 1971 1669 2067 quid
1686 1970 1733 2043 rei
1751 1967 1808 2052 stt,
1833 1971 1941 2042 ideam
1961 1975 2095 2052 veram,

611 2070 726 2148 saltem
744 2066 932 2162 generalem
954 2067 1101 2138 formare
1123 2070 1267 2162 poterit,
1289 2091 1434 2164 namque
1452 2071 1530 2142 inde
1552 2093 1660 2162 prono
1675 2067 1765 2165 quasr
1785 2067 1879 2141 rlueo
1900 2065 2005 2138 fluere
2031 2065 2093 2138 ob·

610 2166 780 2247 servabit,
803 2165 857 2261 jur
873 2162 1002 2247 ilihoe,
1025 2188 1094 2262 quo
1118 2168 1342 2260 impetitores
1360 2167 1532 2259 gaudent,
1556 2164 1671 2262 reapse
1694 2163 1757 2237 else
1782 2161 1973 2237 facultatem
1988 2161 2091 2235 semel

610 2266 805 2339 nominandi
830 2259 1004 2360 personam
1027 2261 1191 2352 quandam
1213 2262 1368 2334 idoneam
1396 2264 1437 2334 ad
1461 2289 1564 2335 unum
1585 2262 1783 2335 beneficium
1800 2266 1832 2333 iu
1857 2260 2007 2334 Ecclesria
2024 2264 2087 2334 im·

611 2364 767 2438 mediatis
784 2360 983 2434 &mediatis
1001 2362 1139 2456 lmperii
1155 2383 1271 2432 vacans
1289 2385 1347 2432 aur
1365 2386 1576 2434 vacaturum:
1597 2359 1620 2433 fi
1639 2367 1713 2457 quis
1739 2385 1819 2433 vero
1843 2360 1981 2432 modum
1997 2384 2092 2431 eser·

613 2459 712 2534 cendi
731 2458 821 2530 illius
847 2458 932 2550 juris
954 2454 1223 2537 controversum,
1245 2459 1294 2528 uti
1315 2456 1450 2529 historia
1474 2458 1609 2554 prefixa
1630 2458 1784 2539 rellatur,
1809 2457 2004 2554 perpendit,
2022 2455 2091 2530 dil·

604 2554 794 2634 ¹fieulrarem
812 2554 919 2626 adhue
935 2551 1051 2625 sentiet
1069 2555 1102 2622 in
1126 2556 1282 2648 proximo
1303 2554 1375 2643 ejus
1398 2551 1491 2626 fonte
1514 2555 1703 2635 statuendo,
1724 2579 1804 2627 num
1821 2556 1975 2628 videlieet
1988 2555 2022 2626 id
2036 2559 2091 2625 iu.

613 2654 710 2728 dulro
727 2647 938 2750 Apostolreu,
955 2675 997 2721 au
1016 2647 1245 2723 consuetudini
1262 2653 1406 2745 antiquar
1423 2652 1454 2723 dr
1471 2678 1488 2722 u
1509 2652 1664 2748 pluribus
1684 2651 1947 2749 Imperatoribur
1962 2639 2091 2748 rpp'ro·

612 2749 697 2825 bate
717 2749 871 2822 duntaarr
893 2744 1079 2820 adscribere
1094 2746 1226 2819 debeat.
1275 2751 1361 2818 irem
1378 2773 1417 2819 au
1439 2750 1510 2820 hac
1525 2750 1593 2845 ipsa
1612 2749 1816 2823 cousuetudo
1831 2776 1898 2822 non
1913 2750 1967 2845 jus
1982 2750 2095 2845 quod·

614 2848 692 2922 dam
720 2843 978 2943 majestaticum.
1000 2846 1052 2914 vel
1082 2866 1275 2939 patronatus
1297 2848 1401 2936 regii,
1428 2869 1485 2917 aut
1510 2850 1688 2921 advocatiae
1710 2845 1929 2920 ecclesiastiea
1944 2844 2092 2943 praesup-

642 2967 744 3027 onst,
768 2939 899 3013 rursum
919 2939 1000 3035 quid
1022 2941 1114 3010 arrhis
1139 2936 1382 3012 adfirmandum
1407 2940 1461 3024 fit,
1486 2946 1519 3015 in
1541 2945 1630 3017 bivio
1657 2970 1777 3040 anceps
1799 2945 1963 3029 haerebir3
1984 2944 2018 3015 id
2046 2968 2090 3017 ue

613 2970 756 3114 dubium
775 3042 880 3129 magis
896 3038 1004 3107 adbuc
1018 3033 1159 3118 crescet,
1184 3037 1246 3107 fiis
1263 3041 1296 3108 in
1313 3037 1456 3111 diversas
1477 3039 1602 3140 sibique
1624 3046 1765 3116 inuicem
1788 3041 1955 3139 oppositas
1975 2969 2053 3114 aug

614 3162 692 3212 rum
712 3134 887 3208 sententias
902 3132 1073 3213 inciderit,
1096 3133 1271 3231 exquibus
1294 3161 1393 3230 quam
1416 3136 1452 3211 srr
1474 3140 1711 3237 adoptaturus,
1738 3145 1846 3236 prima
1864 3136 1996 3221 fronte,
2017 3141 2091 3237 pri·

614 3257 741 3327 moque
759 3233 881 3302 intuitu
895 3230 982 3301 baud
999 3228 1094 3313 sciet,
1116 3233 1192 3304 lieet
1207 3232 1437 3327 pensiculatius
1452 3237 1598 3333 expenso
1617 3240 1707 3311 illius
1724 3238 1809 3335 juria
1823 3235 1997 3331 origine&
2010 3262 2089 3336 pru·

615 3326 744 3427 gressu,
769 3329 956 3425 aliquarum
974 3331 1172 3425 opinionum
1187 3327 1329 3427 desuper
1346 3358 1581 3426 conceptarum
1598 3334 1771 3409 sulsitatem
1787 3336 1874 3408 haud
1890 3331 2016 3408 difficili
2031 3359 2093 3412 ue·
2146 3333 2149 3338 ¹

615 3431 710 3524 gotio
726 3424 977 3524 deprehendere
991 3448 1102 3521 queat.
1154 3433 1282 3499 Verum
1303 3455 1378 3502 cum
1396 3427 1591 3519 insontem,
1607 3434 1695 3507 unde
1712 3438 1829 3529 prime
1846 3457 1961 3529 preces
1975 3427 2091 3530 Impe-

614 3529 738 3601 raroria
756 3525 971 3621 proveniant,
996 3518 1084 3595 infra
1101 3523 1253 3640 pluribus
1280 3529 1517 3623 inquirendum
1538 3529 1595 3616 sat,
1619 3532 1673 3603 hic
1694 3532 1778 3604 mihi
1801 3528 1958 3613 sufficiat,
1979 3533 2091 3604 notio·

614 3622 2090 3821 ltllltllliilitl‘limi,:llllllrltlllll'lintri'illisis-l:

615 3819 705 3902 blico
722 3818 860 3914 imperii
880 3813 1090 3899 conformes,
1111 3822 1216 3889 varias
1232 3845 1270 3889 er
1284 3844 1325 3891 eo
1344 3823 1579 3917 primariorum
1595 3850 1733 3921 precum
1753 3825 1829 3920 jure
1849 3848 2088 3923 promananres

616 3914 813 4016 quaestiones
830 3912 993 4005 indagabo
1014 3912 1270 4012 discutiamque,
1289 3943 1326 3987 ac
1343 3921 1622 4014 primoquidem,
1643 3916 1756 3993 utrum
1774 3923 1982 3995 Concordem
1998 3914 2099 3994 Ger(

616 4018 735 4087 mania
752 4014 820 4110 juri
837 4011 883 4082 illi
900 4009 1046 4093 obllent,
1070 4012 1135 4081 ado
1152 4061 1161 4094 ,
1181 4014 1261 4109 quid
1281 4019 1315 4085 in
1333 4021 1368 4085 P.
1385 4021 1439 4087 W.
1457 4018 1499 4088 de
1521 4042 1562 4089 eo
1585 4018 1760 4091 trasiarum
1782 4021 1815 4093 dr
1838 4018 1994 4108 statutum
2010 4014 2087 4094 fue·

616 4114 680 4192 rit,
701 4111 732 4181 dr
755 4114 811 4207 qui
833 4110 903 4203 ejus
921 4133 1026 4181 textus
1048 4109 1281 4201 intelligendus
1298 4109 1345 4182 su.
1380 4117 1449 4204 3rio
1467 4118 1555 4186 unde
1579 4121 1777 4213 Imperatori
1797 4122 1851 4214 jus
1869 4116 1974 4191 ilihoe
1993 4140 2088 4189 com·

616 4230 727 4307 petar,
753 4208 884 4302 quando
902 4206 931 4277 dr
949 4207 1120 4304 quomodo
1141 4209 1223 4278 illud
1247 4235 1400 4304 exerceqe
1416 4235 1525 4308 queat.
1555 4239 1615 4301 uro
1637 4239 1710 4310 que
1737 4214 1895 4289 beneficia
1917 4214 2007 4312 apud
2027 4220 2089 4287 Ca·

617 4304 759 4376 rhoiicos
777 4306 894 4399 primis
915 4305 1068 4398 precibus
1088 4302 1290 4390 afficiantur,
1312 4307 1509 4403 &quanam
1528 4335 1661 4383 econtra
1678 4317 1905 4411 excipiantur:
1933 4336 1989 4403 pto
2004 4312 2087 4409 quid

617 4426 656 4475 ex
673 4425 767 4492 parre
788 4396 1001 4494 precillarum
1024 4405 1232 4497 requiratur,
1255 4404 1423 4497 quodnam
1438 4409 1491 4500 jus
1512 4410 1589 4481 iude
1606 4408 1747 4484 habeant
1768 4412 1952 4507 &quando
1973 4435 2015 4483 eo
2035 4411 2086 4482 uti

618 4495 784 4598 poffinrdr
806 4495 955 4567 debeant.
990 4508 1047 4568 610
1063 4500 1184 4595 quibus
1207 4503 1317 4571 modis
1338 4504 1521 4600 eorumjus
1546 4507 1697 4603 exspiret.
1731 4498 1837 4598 ptimo
1858 4513 1995 4605 quinam
2014 4532 2087 4581 exe·

618 4620 751 4674 tutores
773 4587 990 4671 constituendi
1004 4593 1088 4684 lint,
1112 4599 1194 4696 quid
1209 4594 1311 4675 officii
1332 4600 1463 4697 &juris
1486 4602 1648 4694 habeant,
1675 4629 1748 4702 quc
1767 4608 1878 4684 media
1899 4601 2086 4777 eseqneuqi

2032 4726 2051 4776 a
2076 4742 2087 4762 .
