5017 5592
577 682 647 759 ut:
669 651 797 779 Jutin
821 684 1086 800 caesareo
1104 690 1473 774 natitantaautt
1490 700 1710 785 rancun.
1818 740 1887 816 ur

483 789 575 1007 ’qaibl
594 862 675 925 trina
695 861 769 926 vice
794 861 923 936 adserit,
944 863 1132 965 imperatori
1147 867 1198 948 jua
1218 871 1284 936 hoc
1309 876 1431 974 rarione
1456 885 1662 946 coronationis
1689 881 1897 969 competere

555 963 604 1006 inc
618 942 805 1006 Boebmerua
825 943 851 1017 J.
869 946 905 1009 E.
924 946 1011 1014 vroa
1031 945 1098 1015 va.
1119 951 1158 1014 tle
1172 956 1266 1034 praeb.
1282 953 1316 1017 dt
1333 957 1445 1039 dignit.
1469 963 1496 1037 §.
1514 961 1629 1027 CVlll.
1644 968 1762 1047 inquit:
1784 971 1881 1036 “Hoc

520 1026 649 1126 planura
674 1025 933 1126 manifestumque
950 1030 994 1092 est
1020 1040 1165 1174 ternpore
1186 1036 1292 1100 Caroli
1313 1036 1370 1105 IV.
1391 1041 1444 1121 qui
1467 1054 1561 1103 autor
1576 1046 1621 1108 est
1643 1068 1749 1114 aureae
1769 1050 1883 1127 Bullte,

519 1127 589 1170 eam
617 1107 784 1171 invalutsse
801 1128 1001 1193 optutouetn,
1025 1111 1080 1176 Cae
1094 1118 1137 1178 ari
1164 1118 1321 1183 duntaxat
1349 1123 1473 1184 ratione
1498 1129 1719 1194 coronationis
1743 1132 1883 1216 hocius

518 1189 666 1289 (precum
705 1191 827 1264 deberi,
847 1203 943 1273 prout
962 1192 1061 1276 ipsum
1086 1195 1191 1262 Caroli
1217 1200 1273 1265 tv.
1294 1200 1432 1282 diploma
1452 1251 1460 1267 .
1483 1233 1492 1269 ·.
1515 1251 1524 1269 .
1547 1205 1669 1289 liquido
1689 1213 1796 1280 docet.
1820 1261 1881 1286 ...
1988 1191 1992 1202 Ι

519 1272 640 1336 hadent
666 1194 816 1370 sententia
844 1274 957 1373 adhuc·
970 1277 1111 1341 obtinuit
1130 1291 1276 1363 tempore
1302 1281 1482 1348 successoris
1511 1288 1580 1372 ejus
1606 1288 1787 1360 Wencealal
1809 1343 1817 1361 .
1840 1344 1849 1363 .
1869 1342 1882 1366 .
1940 1367 1944 1372 ,

517 1353 660 1418 Erronea
677 1355 803 1435 quidem
823 1355 893 1418 haec
910 1356 972 1455 suit
994 1357 1137 1460 destrina
1157 1409 1166 1427 .
1187 1407 1221 1427 ..
1244 1363 1451 1430 nihilominus
1474 1379 1579 1432 tamen
1592 1393 1634 1434 eo
1646 1388 1791 1459 tempore
1808 1396 1882 1462 pers

517 1437 669 1518 vulgata,
689 1433 858 1520 recepte&
878 1439 1018 1520 publica,
1040 1453 1078 1504 ut
1093 1443 1320 1526 dtplomatibua
1335 1445 1519 1511 insereretur
1543 1492 1566 1526 „

449 1555 481 1639 i)
503 1553 593 1618 Loco
611 1555 758 1653 montoir.
776 1555 873 1617 verba
891 1556 1074 1638 diplomatis
1093 1560 1163 1624 sunt
1184 1562 1276 1626 haec:
1294 1563 1403 1628 “Cum
1416 1568 1523 1649 itaque
1546 1570 1639 1634 nobie
1659 1581 1721 1636 tam
1742 1574 1782 1638 de
1798 1575 1881 1657 jure,

518 1656 612 1717 quatu
633 1635 814 1718 antiqua&
841 1642 1010 1720 approbata
1034 1642 1293 1708 consuetudinea
1316 1645 1408 1710 Divis
1438 1648 1652 1716 Romanorum
1677 1654 1881 1737 impetatori·

517 1720 576 1780 bus
594 1717 780 1798 &Regibus
795 1718 1071 1800 predecessoribus
1084 1725 1197 1788 nostris
1216 1725 1367 1792 hactenus
1381 1731 1548 1793 observata
1564 1749 1619 1798 ‘.en
1633 1734 1775 1802 fontem)
1788 1759 1882 1803 eom-

518 1813 622 1880 petat,
647 1802 732 1879 quod
747 1821 788 1862 ex
807 1804 1026 1865 coronationis
1042 1804 1156 1868 nostrre
1175 1807 1334 1872 solemniis
1352 1819 1407 1880 t'en
1429 1827 1552 1894 tempus
1574 1820 1719 1880 exercitii
1734 1833 1801 1879 tum
1824 1819 1881 1883 de·

517 1887 737 1948 terminatum>
761 1882 800 1956 pd
821 1881 1035 1946 Romanorum
1054 1905 1186 1968 regnunt
1205 1936 1241 1953 ..
1266 1891 1325 1952 .in
1352 1893 1496 1972 quolibet
1518 1899 1708 1960 monasteria
1721 1902 1751 1960 in
1772 1901 1879 1982 lanpe-

518 1966 569 2025 rio
592 1963 767 2026 constituto
793 1983 885 2025 unam
902 1978 1023 2028 tantum
1044 1970 1205 2049 personam
1232 1973 1353 2035 virtute
1377 1976 1588 2054 primariorum
1616 1997 1743 2060 precum
1759 1981 1881 2048 nostra·

519 2064 588 2106 rum
605 2046 643 2105 ad
665 2043 852 2108 beneficium
871 2048 1109 2112 ecclesiasticum
1125 2050 1229 2115 iacere
1248 2052 1398 2135 poffituus
1420 2061 1615 2137 promoveri.
1630 2102 1653 2134 „

364 2251 365 2258 ἵ
449 2161 477 2244 r)
497 2160 570 2228 Vid.
590 2161 762 2240 diplomata
779 2162 986 2226 Caesarearuna
1007 2185 1134 2246 precum
1153 2180 1220 2232 tum
1241 2172 1385 2252 antiqua,
1406 2192 1477 2234 curn
1501 2181 1715 2244 recentiores
1736 2177 1880 2265 Leupol·

519 2245 583 2320 do,
600 2241 757 2328 Josepho,
771 2244 889 2308 Catolo
905 2245 962 2315 Vl.
982 2246 1099 2312 Carolo
1112 2249 1184 2317 Vll.
1202 2250 1235 2314 ἃ
1252 2250 1415 2317 Francisco
1425 2253 1452 2321 1.
1469 2253 1552 2323 data.

1081 2466 1112 2555 §.
1159 2463 1234 2541 Vl.

363 2541 365 2616 i
520 2612 724 2707 Complures
748 2608 925 2706 scriptores
942 2613 980 2702 a)
1005 2613 1105 2684 etiam
1131 2610 1286 2684 catholici
1302 2615 1337 2704 b)
1362 2610 1528 2685 tradidere
1553 2611 1618 2686 boc
1638 2613 1694 2709 jua
1726 2620 1880 2713 impera·

363 2799 364 2810 ἵ
418 2706 473 2779 tori
496 2725 653 2806 tanquam
673 2708 828 2804 supremo
848 2707 1064 2804 Ecclefiarum
1086 2711 1244 2781 advocato
1271 2733 1483 2804 competere,
1511 2712 1655 2808 indeque
1678 2712 1806 2808 exjure
1821 2714 1878 2785 ad·

416 2809 540 2876 vocarit
558 2805 785 2878 ecclesiastice
810 2807 890 2875 illud
915 2805 1108 2887 dimanasse,
1131 2811 1163 2876 in
1191 2806 1408 2899 prejudicato
1432 2806 1564 2881 babent.
1620 2813 1702 2879 Hoc
1723 2809 1878 2885 nonnihil

415 2901 612 2998 plausibilius
630 2901 798 2997 ptarmillis
815 2901 981 2992 sententiis
997 2900 1131 2974 defendi
1146 2898 1253 2998 posse,
1275 2907 1403 2998 paritet
1421 2902 1588 2986 exislimo,
1606 2904 1628 2976 st
1651 2900 1778 2977 fontem
1790 2905 1877 3001 jutia

415 3003 645 3091 primariarum
662 3025 798 3094 precum
816 3024 999 3082 remotum,
1020 3026 1057 3071 ut
1073 3007 1116 3071 ita
1132 3003 1258 3083 dicam,
1280 2998 1506 3071 demonstrare
1520 3002 1637 3073 velim:
1660 3008 1786 3099 quippe
1799 3027 1878 3077 curu

414 3095 459 3191 jus
477 3099 660 3169 advocatiae
680 3101 713 3168 in
740 3095 897 3168 Ecclelias
918 3099 1134 3169 Germanicas
1159 3101 1259 3167 etiam
1280 3096 1320 3166 ab
1343 3097 1606 3191 lmpcratoribus
1629 3125 1694 3169 non
1723 3098 1876 3174 fundatas
1954 3179 1961 3202 ⁸
2092 3187 2097 3196 ¹

415 3217 506 3289 penes
521 3218 582 3265 eos
597 3197 763 3286 integrum
780 3193 953 3274 resideret,
970 3194 1029 3264 bac
1044 3193 1209 3264 occalione
1225 3192 1270 3263 usi
1288 3195 1351 3263 dici
1372 3192 1520 3285 possunt,
1536 3221 1572 3266 ut
1588 3199 1878 3273 commendatione

416 3290 438 3363 d
457 3288 713 3390 presentatione
729 3287 831 3370 sassa,
850 3288 1006 3363 beneficia
1023 3318 1039 3360 a
1056 3291 1270 3363 collatoribus
1287 3291 1465 3362 ordinariis
1486 3315 1548 3389 pto
1568 3291 1715 3388 personis
1731 3291 1787 3364 stbt
1802 3318 1877 3385 gra·

415 3392 446 3459 tia
462 3393 646 3481 exigerent.
697 3397 741 3460 At
758 3387 855 3483 siquis
870 3394 1050 3468 tationem,
1070 3414 1108 3458 ex
1126 3414 1190 3483 qua
1209 3390 1263 3484 jus
1285 3388 1366 3457 illud
1392 3394 1573 3484 pr‘oximius
1596 3389 1818 3474 scaturiverit,
1841 3391 1877 3466 dt

415 3486 569 3580 obligatio
591 3483 747 3556 Ecclesras
765 3486 804 3556 ad
827 3489 1011 3579 parendum
1031 3485 1236 3576 obstringens
1263 3485 1451 3555 intrudatis
1471 3479 1590 3566 suerit,
1611 3491 1786 3580 explorare
1801 3512 1878 3557 con·

416 3585 536 3665 tendit,
565 3578 684 3653 sruslta
708 3585 774 3677 juri
801 3583 978 3655 advocattae
999 3608 1131 3680 partum
1158 3585 1244 3652 bunc
1267 3586 1502 3677 primariaruni
1532 3607 1668 3676 precum
1694 3582 1875 3667 adscribet;

361 3689 364 3730 l
415 3705 482 3751 uam
503 3684 530 3754 1.
546 3680 638 3750 nulla
652 3680 685 3749 id
701 3681 872 3750 docenter
888 3684 1030 3777 antiquis
1046 3679 1191 3749 billorits
1207 3703 1420 3748 monumenta
1444 3683 1456 3745 l
1464 3684 1488 3750 l.
1504 3678 1685 3772 diplomata
1706 3676 1875 3754 Caesarum

416 3779 597 3848 nullatenus
614 3777 720 3867 adjus
740 3779 917 3848 advocatia
939 3774 1173 3854 ecclestaliicae,
1196 3772 1250 3845 sed
1276 3775 1430 3845 duntaxat
1452 3774 1491 3844 ad
1514 3778 1683 3870 antiquam
1706 3773 1877 3864 consuetu·

416 3873 521 3946 dinem
545 3879 775 3969 provocantia,
793 3875 824 3961 t)
840 3879 1042 3946 contrarium
1062 3870 1235 3943 maniselln
1251 3873 1411 3942 indicant:
1436 3873 1562 3944 indulta
1591 3869 1786 3943 Pontificum
1803 3875 1877 3967 qui·

417 3971 485 4043 dem
504 3968 565 4044 sub
581 3973 717 4042 exordio
735 3973 912 4042 advocatia
927 3972 1016 4039 illius
1035 3975 1237 4042 mentionem
1258 3965 1393 4050 fecere,
1413 3968 1458 4038 all
1485 3971 1716 4040 tantummodo
1737 3994 1809 4039 eam
1834 3967 1877 4044 ad

361 4061 362 4134 l
418 4068 511 4139 inllar
527 4066 630 4139 causae
651 4066 831 4162 impulsiva
850 4065 1063 4137 Pontificibus
1080 4068 1119 4137 ad
1147 4066 1394 4137 concedendum
1418 4066 1582 4136 indultum
1606 4064 1809 4149 deserviisse,
1832 4088 1879 4140 te·

418 4190 471 4236 nor
489 4167 637 4260 plurium
651 4165 854 4234 indultorum
873 4166 912 4233 ad
927 4173 1073 4257 apricam
1091 4164 1197 4234 lucem
1213 4165 1355 4233 adducit.
1374 4162 1413 4257 d)
1429 4166 1488 4231 lV.
1509 4164 1615 4231 Nulla
1632 4165 1663 4230 in
1680 4161 1877 4236 lnllrumeta·

420 4284 446 4334 tn
462 4267 499 4340 P.
517 4269 573 4331 W.
592 4261 697 4355 adjus
716 4262 892 4330 advocatia
907 4258 989 4330 sassa
1008 4258 1052 4330 cll
1069 4260 1221 4339 reflexio,
1240 4262 1319 4328 dum
1334 4257 1453 4330 catari
1466 4257 1519 4352 jtts
1535 4259 1616 4329 iilud
1641 4264 1878 4354 primariorum

418 4383 549 4458 precum
569 4366 601 4428 in
621 4357 771 4429 Ecclcstis
789 4357 1027 4428 Proteslanticis
1045 4354 1221 4425 solenniter
1235 4353 1344 4426 suerat
1360 4353 1600 4427 confirmatum.
1619 4359 1656 4450 e)
1676 4363 1719 4428 V.
1740 4359 1878 4432 demunt

418 4482 475 4530 nott
499 4455 676 4529 oscitanter
692 4458 745 4526 bic
771 4458 945 4549 praeterire
963 4453 1026 4533 est,
1051 4451 1192 4523 Caesares
1217 4479 1282 4522 noti
1302 4452 1407 4521 solum
1432 4449 1541 4523 officio
1563 4451 1710 4550 supremi
1727 4454 1880 4526 advocati¹

416 4553 631 4627 Ecclefiarum
651 4555 948 4632 Germanicarum,
972 4548 1025 4622 sed
1044 4550 1076 4620 dt
1092 4551 1140 4618 vel
1168 4553 1310 4620 maxime
1331 4546 1477 4620 Ecclesiae
1500 4552 1735 4644 Romanaejam
1750 4551 1788 4620 ab
1807 4557 1884 4621 aevo¹

416 4655 523 4726 Caroli
547 4653 597 4721 Μ.
621 4647 815 4745 personilos
831 4646 911 4734 esse,
935 4651 1015 4744 quin
1031 4649 1065 4718 in
1081 4645 1230 4722 Ecclesia
1247 4649 1438 4720 Germania
1451 4652 1578 4746 primas
1592 4672 1710 4746 preces
1724 4644 1876 4743 usquead

531 4747 722 4822 ramat<
1034 4826 1038 4835 ,
1239 4743 1316 4816 2*
1792 4741 1881 4817 secu·

361 3733 365 3874 l

361 3881 364 4028 l
