<?xml version="1.0" encoding="UTF-8"?>
<!DOCTYPE html PUBLIC "-//W3C//DTD XHTML 1.0 Transitional//EN"
    "http://www.w3.org/TR/xhtml1/DTD/xhtml1-transitional.dtd">
<html xmlns="http://www.w3.org/1999/xhtml" xml:lang="en" lang="en">
 <head>
  <title>
</title>
<meta http-equiv="Content-Type" content="text/html;charset=utf-8" />
  <meta name='ocr-system' content='tesseract 3.04.00' />
  <meta name='ocr-capabilities' content='ocr_page ocr_carea ocr_par ocr_line ocrx_word'/>
</head>
<body>
  <div class='ocr_page' id='page_1' title='image "./thesavrvsivrise01schmgoog_0202.png"; bbox 0 0 5017 5592; ppageno 0'>
   <div class='ocr_carea' id='block_1_1' title="bbox 619 618 2044 762">
    <p class='ocr_par' dir='ltr' id='par_1_1' title="bbox 619 618 2044 762">
     <span class='ocr_line' id='line_1_1' title="bbox 619 618 2044 762; baseline -0.006 -46"><span class='ocrx_word' id='word_1_1' title='bbox 619 636 688 716; x_wconf 80' lang='lat' dir='ltr'>uu</span> <span class='ocrx_word' id='word_1_2' title='bbox 717 618 1799 734; x_wconf 72' lang='lat' dir='ltr'>JUREcnesuussoPuluuuluuuul’usscuur.&#39;</span> <span class='ocrx_word' id='word_1_3' title='bbox 1861 663 1931 762; x_wconf 78' lang='lat'>¹89</span> <span class='ocrx_word' id='word_1_4' title='bbox 2037 661 2044 670; x_wconf 95' lang='lat'><em>·</em></span> 
     </span>
    </p>
   </div>
   <div class='ocr_carea' id='block_1_2' title="bbox 379 814 2019 1605">
    <p class='ocr_par' dir='ltr' id='par_1_2' title="bbox 379 814 2019 1605">
     <span class='ocr_line' id='line_1_2' title="bbox 442 814 1935 919; baseline -0.003 -24"><span class='ocrx_word' id='word_1_5' title='bbox 442 845 512 896; x_wconf 88' lang='lat' dir='ltr'>non</span> <span class='ocrx_word' id='word_1_6' title='bbox 534 819 783 919; x_wconf 72' lang='lat' dir='ltr'>presumuntur</span> <span class='ocrx_word' id='word_1_7' title='bbox 806 839 874 889; x_wconf 87' lang='lat' dir='ltr'>tam</span> <span class='ocrx_word' id='word_1_8' title='bbox 897 819 1044 911; x_wconf 67' lang='lat' dir='ltr'>graviter</span> <span class='ocrx_word' id='word_1_9' title='bbox 1064 814 1230 913; x_wconf 84' lang='lat' dir='ltr'>ejusmodi</span> <span class='ocrx_word' id='word_1_10' title='bbox 1247 818 1423 891; x_wconf 69' lang='lat' dir='ltr'>collatores</span> <span class='ocrx_word' id='word_1_11' title='bbox 1451 843 1593 893; x_wconf 86' lang='lat' dir='ltr'>onerare</span> <span class='ocrx_word' id='word_1_12' title='bbox 1614 824 1715 898; x_wconf 85' lang='lat' dir='ltr'>velle.</span> <span class='ocrx_word' id='word_1_13' title='bbox 1764 831 1847 903; x_wconf 81' lang='lat' dir='ltr'>vll.</span> <span class='ocrx_word' id='word_1_14' title='bbox 1870 835 1935 906; x_wconf 70' lang='lat' dir='ltr'>Be.</span> 
     </span>
     <span class='ocr_line' id='line_1_3' title="bbox 440 912 1936 1025; baseline 0.001 -31"><span class='ocrx_word' id='word_1_15' title='bbox 440 920 563 994; x_wconf 78' lang='lat' dir='ltr'>nescia</span> <span class='ocrx_word' id='word_1_16' title='bbox 587 920 673 1015; x_wconf 79' lang='lat' dir='ltr'>juris</span> <span class='ocrx_word' id='word_1_17' title='bbox 701 939 915 1017; x_wconf 86' lang='lat' dir='ltr'>patronatus,</span> <span class='ocrx_word' id='word_1_18' title='bbox 935 912 1049 988; x_wconf 88' lang='lat' dir='ltr'>saltem</span> <span class='ocrx_word' id='word_1_19' title='bbox 1075 916 1149 986; x_wconf 88' lang='lat' dir='ltr'>laici</span> <span class='ocrx_word' id='word_1_20' title='bbox 1173 915 1205 987; x_wconf 81' lang='lat' dir='ltr'>dt</span> <span class='ocrx_word' id='word_1_21' title='bbox 1233 919 1351 997; x_wconf 80' lang='lat' dir='ltr'>mitti,</span> <span class='ocrx_word' id='word_1_22' title='bbox 1376 942 1416 989; x_wconf 88' lang='lat' dir='ltr'>ne</span> <span class='ocrx_word' id='word_1_23' title='bbox 1439 922 1571 1014; x_wconf 90' lang='lat' dir='ltr'>patroni</span> <span class='ocrx_word' id='word_1_24' title='bbox 1589 917 1629 991; x_wconf 89' lang='lat' dir='ltr'>ab</span> <span class='ocrx_word' id='word_1_25' title='bbox 1654 922 1849 1014; x_wconf 83' lang='lat' dir='ltr'>hujusmodi</span> <span class='ocrx_word' id='word_1_26' title='bbox 1866 932 1936 1025; x_wconf 75' lang='lat' dir='ltr'>piis</span> 
     </span>
     <span class='ocr_line' id='line_1_4' title="bbox 440 1013 1936 1108; baseline -0.005 -16"><span class='ocrx_word' id='word_1_27' title='bbox 440 1016 698 1093; x_wconf 71' lang='lat' dir='ltr'>fundationibus</span> <span class='ocrx_word' id='word_1_28' title='bbox 723 1013 978 1087; x_wconf 83' lang='lat' dir='ltr'>absterreantur.</span> <span class='ocrx_word' id='word_1_29' title='bbox 1017 1018 1116 1085; x_wconf 88' lang='lat' dir='ltr'>Vlll.</span> <span class='ocrx_word' id='word_1_30' title='bbox 1139 1013 1313 1085; x_wconf 85' lang='lat' dir='ltr'>Manualit</span> <span class='ocrx_word' id='word_1_31' title='bbox 1328 1016 1369 1085; x_wconf 84' lang='lat' dir='ltr'>ad</span> <span class='ocrx_word' id='word_1_32' title='bbox 1392 1038 1510 1085; x_wconf 89' lang='lat' dir='ltr'>nutum</span> <span class='ocrx_word' id='word_1_33' title='bbox 1532 1018 1761 1105; x_wconf 81' lang='lat' dir='ltr'>revocabilia,</span> <span class='ocrx_word' id='word_1_34' title='bbox 1777 1027 1859 1097; x_wconf 90' lang='lat' dir='ltr'>item</span> <span class='ocrx_word' id='word_1_35' title='bbox 1869 1030 1936 1108; x_wconf 75' lang='lat' dir='ltr'>mi.</span> 
     </span>
     <span class='ocr_line' id='line_1_5' title="bbox 440 1107 1935 1210; baseline 0.003 -20"><span class='ocrx_word' id='word_1_36' title='bbox 440 1115 644 1197; x_wconf 79' lang='lat' dir='ltr'>nisterialia,</span> <span class='ocrx_word' id='word_1_37' title='bbox 666 1110 788 1210; x_wconf 86' lang='lat' dir='ltr'>quibus</span> <span class='ocrx_word' id='word_1_38' title='bbox 805 1136 967 1182; x_wconf 84' lang='lat' dir='ltr'>annexum</span> <span class='ocrx_word' id='word_1_39' title='bbox 982 1107 1029 1183; x_wconf 88' lang='lat' dir='ltr'>est</span> <span class='ocrx_word' id='word_1_40' title='bbox 1046 1133 1131 1182; x_wconf 84' lang='lat' dir='ltr'>onus</span> <span class='ocrx_word' id='word_1_41' title='bbox 1152 1111 1290 1183; x_wconf 90' lang='lat' dir='ltr'>canendi</span> <span class='ocrx_word' id='word_1_42' title='bbox 1316 1113 1370 1184; x_wconf 83' lang='lat' dir='ltr'>vel</span> <span class='ocrx_word' id='word_1_43' title='bbox 1393 1112 1560 1205; x_wconf 83' lang='lat' dir='ltr'>dirigendi</span> <span class='ocrx_word' id='word_1_44' title='bbox 1577 1139 1732 1190; x_wconf 82' lang='lat' dir='ltr'>cruentes</span> <span class='ocrx_word' id='word_1_45' title='bbox 1757 1122 1791 1191; x_wconf 92' lang='lat' dir='ltr'>in</span> <span class='ocrx_word' id='word_1_46' title='bbox 1814 1122 1935 1208; x_wconf 88' lang='lat' dir='ltr'>choro,</span> 
     </span>
     <span class='ocr_line' id='line_1_6' title="bbox 439 1205 1935 1306; baseline 0 -18"><span class='ocrx_word' id='word_1_47' title='bbox 439 1237 481 1288; x_wconf 90' lang='lat' dir='ltr'>ut</span> <span class='ocrx_word' id='word_1_48' title='bbox 501 1216 678 1286; x_wconf 77' lang='lat' dir='ltr'>vicariatus</span> <span class='ocrx_word' id='word_1_49' title='bbox 695 1212 819 1292; x_wconf 85' lang='lat' dir='ltr'>Chori,</span> <span class='ocrx_word' id='word_1_50' title='bbox 841 1210 969 1279; x_wconf 88' lang='lat' dir='ltr'>namin</span> <span class='ocrx_word' id='word_1_51' title='bbox 993 1208 1045 1278; x_wconf 83' lang='lat' dir='ltr'>his</span> <span class='ocrx_word' id='word_1_52' title='bbox 1062 1232 1122 1280; x_wconf 87' lang='lat' dir='ltr'>nec</span> <span class='ocrx_word' id='word_1_53' title='bbox 1143 1205 1526 1306; x_wconf 79' lang='lat' dir='ltr'>consuetudo-antiqua,</span> <span class='ocrx_word' id='word_1_54' title='bbox 1549 1235 1610 1284; x_wconf 86' lang='lat' dir='ltr'>nec</span> <span class='ocrx_word' id='word_1_55' title='bbox 1660 1217 1745 1287; x_wconf 79' lang='lat' dir='ltr'>raris</span> <span class='ocrx_word' id='word_1_56' title='bbox 1772 1219 1935 1294; x_wconf 87' lang='lat' dir='ltr'>moderna</span> 
     </span>
     <span class='ocr_line' id='line_1_7' title="bbox 379 1236 1931 1408; baseline 0 -22"><span class='ocrx_word' id='word_1_57' title='bbox 379 1352 389 1376; x_wconf 75' lang='grc' dir='ltr'><strong>ο</strong></span> <span class='ocrx_word' id='word_1_58' title='bbox 440 1309 566 1385; x_wconf 81' lang='lat' dir='ltr'>Caesari</span> <span class='ocrx_word' id='word_1_59' title='bbox 588 1307 801 1403; x_wconf 85' lang='lat' dir='ltr'>suffragatur.</span> <span class='ocrx_word' id='word_1_60' title='bbox 833 1309 892 1377; x_wconf 87' lang='lat' dir='ltr'>lx.</span> <span class='ocrx_word' id='word_1_61' title='bbox 914 1307 1092 1396; x_wconf 82' lang='lat' dir='ltr'>Excipiunt</span> <span class='ocrx_word' id='word_1_62' title='bbox 1108 1331 1177 1376; x_wconf 86' lang='lat' dir='ltr'>nun</span> <span class='ocrx_word' id='word_1_63' title='bbox 1189 1309 1288 1402; x_wconf 89' lang='lat' dir='ltr'>pauci</span> <span class='ocrx_word' id='word_1_64' title='bbox 1304 1303 1456 1380; x_wconf 67' lang='lat' dir='ltr'>auilores</span> <span class='ocrx_word' id='word_1_65' title='bbox 1470 1311 1506 1401; x_wconf 88' lang='lat' dir='ltr'>e)</span> <span class='ocrx_word' id='word_1_66' title='bbox 1532 1236 1693 1384; x_wconf 62' lang='lat' dir='ltr'>benessio</span> <span class='ocrx_word' id='word_1_67' title='bbox 1709 1310 1872 1408; x_wconf 85' lang='lat' dir='ltr'>resignata</span> <span class='ocrx_word' id='word_1_68' title='bbox 1890 1344 1931 1393; x_wconf 83' lang='lat' dir='ltr'>cx</span> 
     </span>
     <span class='ocr_line' id='line_1_8' title="bbox 440 1400 2019 1506; baseline -0.014 -21"><span class='ocrx_word' id='word_1_69' title='bbox 440 1406 539 1484; x_wconf 78' lang='lat' dir='ltr'>causa</span> <span class='ocrx_word' id='word_1_70' title='bbox 562 1408 820 1506; x_wconf 77' lang='lat' dir='ltr'>permutationis</span> <span class='ocrx_word' id='word_1_71' title='bbox 844 1428 958 1474; x_wconf 84' lang='lat' dir='ltr'>coram</span> <span class='ocrx_word' id='word_1_72' title='bbox 977 1402 1171 1484; x_wconf 77' lang='lat' dir='ltr'>ordinario,</span> <span class='ocrx_word' id='word_1_73' title='bbox 1193 1402 1245 1475; x_wconf 84' lang='lat' dir='ltr'>vel</span> <span class='ocrx_word' id='word_1_74' title='bbox 1259 1407 1293 1474; x_wconf 92' lang='lat' dir='ltr'>in</span> <span class='ocrx_word' id='word_1_75' title='bbox 1310 1400 1462 1477; x_wconf 83' lang='lat' dir='ltr'>favorem</span> <span class='ocrx_word' id='word_1_76' title='bbox 1483 1409 1594 1492; x_wconf 87' lang='lat' dir='ltr'>tertii,</span> <span class='ocrx_word' id='word_1_77' title='bbox 1616 1412 1751 1506; x_wconf 78' lang='lat' dir='ltr'>eoquod</span> <span class='ocrx_word' id='word_1_78' title='bbox 1774 1417 1844 1486; x_wconf 63' lang='lat'>1120</span> <span class='ocrx_word' id='word_1_79' title='bbox 1866 1442 1934 1490; x_wconf 68' lang='lat' dir='ltr'>no„</span> <span class='ocrx_word' id='word_1_80' title='bbox 2016 1481 2019 1486; x_wconf 14' lang='grc' dir='ltr'>ι</span> 
     </span>
     <span class='ocr_line' id='line_1_9' title="bbox 442 1496 1935 1605; baseline -0.015 -25"><span class='ocrx_word' id='word_1_81' title='bbox 442 1505 642 1581; x_wconf 76' lang='lat' dir='ltr'>censeantur</span> <span class='ocrx_word' id='word_1_82' title='bbox 658 1527 794 1587; x_wconf 83' lang='lat' dir='ltr'>vacare,</span> <span class='ocrx_word' id='word_1_83' title='bbox 814 1498 882 1572; x_wconf 50' lang='lat' dir='ltr'>’nist</span> <span class='ocrx_word' id='word_1_84' title='bbox 895 1500 936 1571; x_wconf 87' lang='lat' dir='ltr'>ad</span> <span class='ocrx_word' id='word_1_85' title='bbox 959 1496 1136 1581; x_wconf 69' lang='lat' dir='ltr'>effeflum,</span> <span class='ocrx_word' id='word_1_86' title='bbox 1158 1522 1195 1570; x_wconf 88' lang='lat' dir='ltr'>ut</span> <span class='ocrx_word' id='word_1_87' title='bbox 1215 1497 1432 1574; x_wconf 86' lang='lat' dir='ltr'>conserantur</span> <span class='ocrx_word' id='word_1_88' title='bbox 1456 1503 1543 1584; x_wconf 82' lang='lat' dir='ltr'>illia,</span> <span class='ocrx_word' id='word_1_89' title='bbox 1565 1507 1624 1600; x_wconf 82' lang='lat' dir='ltr'>qui</span> <span class='ocrx_word' id='word_1_90' title='bbox 1649 1499 1935 1605; x_wconf 72' lang='lat' dir='ltr'>permutationem</span> 
     </span>
    </p>
   </div>
   <div class='ocr_carea' id='block_1_3' title="bbox 441 1592 2076 1702">
    <p class='ocr_par' dir='ltr' id='par_1_3' title="bbox 441 1592 2076 1702">
     <span class='ocr_line' id='line_1_10' title="bbox 441 1592 2076 1702; baseline 0.004 -25"><span class='ocrx_word' id='word_1_91' title='bbox 441 1602 617 1685; x_wconf 80' lang='lat' dir='ltr'>fecerunt,</span> <span class='ocrx_word' id='word_1_92' title='bbox 640 1602 692 1673; x_wconf 85' lang='lat' dir='ltr'>vel</span> <span class='ocrx_word' id='word_1_93' title='bbox 708 1604 741 1671; x_wconf 85' lang='lat' dir='ltr'>in</span> <span class='ocrx_word' id='word_1_94' title='bbox 760 1623 906 1695; x_wconf 91' lang='lat' dir='ltr'>quorum</span> <span class='ocrx_word' id='word_1_95' title='bbox 921 1592 1071 1669; x_wconf 86' lang='lat' dir='ltr'>favorem</span> <span class='ocrx_word' id='word_1_96' title='bbox 1093 1593 1219 1667; x_wconf 86' lang='lat' dir='ltr'>dimissa</span> <span class='ocrx_word' id='word_1_97' title='bbox 1236 1597 1321 1670; x_wconf 88' lang='lat' dir='ltr'>sunt.</span> <span class='ocrx_word' id='word_1_98' title='bbox 1373 1599 1468 1670; x_wconf 85' lang='lat' dir='ltr'>Idem</span> <span class='ocrx_word' id='word_1_99' title='bbox 1483 1599 1598 1672; x_wconf 88' lang='lat' dir='ltr'>dicunt</span> <span class='ocrx_word' id='word_1_100' title='bbox 1614 1603 1656 1677; x_wconf 90' lang='lat' dir='ltr'>de</span> <span class='ocrx_word' id='word_1_101' title='bbox 1671 1603 1842 1702; x_wconf 77' lang='lat' dir='ltr'>resignatis</span> <span class='ocrx_word' id='word_1_102' title='bbox 1860 1610 1933 1684; x_wconf 81' lang='lat' dir='ltr'>sim·</span> <span class='ocrx_word' id='word_1_103' title='bbox 2070 1605 2076 1626; x_wconf 90' lang='grc'><strong>’</strong></span> 
     </span>
    </p>
   </div>
   <div class='ocr_carea' id='block_1_4' title="bbox 427 1692 1992 2288">
    <p class='ocr_par' dir='ltr' id='par_1_4' title="bbox 427 1692 1992 2288">
     <span class='ocr_line' id='line_1_11' title="bbox 442 1692 1932 1798; baseline 0.005 -25"><span class='ocrx_word' id='word_1_104' title='bbox 442 1703 579 1798; x_wconf 81' lang='lat' dir='ltr'>pliciter</span> <span class='ocrx_word' id='word_1_105' title='bbox 595 1701 628 1772; x_wconf 89' lang='lat' dir='ltr'>in</span> <span class='ocrx_word' id='word_1_106' title='bbox 642 1703 759 1776; x_wconf 89' lang='lat' dir='ltr'>manus</span> <span class='ocrx_word' id='word_1_107' title='bbox 773 1692 961 1767; x_wconf 82' lang='lat' dir='ltr'>Pontificis:</span> <span class='ocrx_word' id='word_1_108' title='bbox 980 1718 1098 1766; x_wconf 84' lang='lat' dir='ltr'>verum</span> <span class='ocrx_word' id='word_1_109' title='bbox 1115 1695 1166 1764; x_wconf 89' lang='lat' dir='ltr'>his</span> <span class='ocrx_word' id='word_1_110' title='bbox 1180 1692 1401 1794; x_wconf 83' lang='lat' dir='ltr'>scriptoribus</span> <span class='ocrx_word' id='word_1_111' title='bbox 1420 1719 1493 1769; x_wconf 90' lang='lat' dir='ltr'>turo</span> <span class='ocrx_word' id='word_1_112' title='bbox 1508 1721 1562 1771; x_wconf 90' lang='lat' dir='ltr'>me</span> <span class='ocrx_word' id='word_1_113' title='bbox 1579 1723 1646 1771; x_wconf 88' lang='lat' dir='ltr'>oon</span> <span class='ocrx_word' id='word_1_114' title='bbox 1671 1709 1932 1793; x_wconf 84' lang='lat' dir='ltr'>committerem,</span> 
     </span>
     <span class='ocr_line' id='line_1_12' title="bbox 442 1791 1934 1895; baseline 0.005 -23"><span class='ocrx_word' id='word_1_115' title='bbox 442 1795 470 1872; x_wconf 85' lang='lat' dir='ltr'>li</span> <span class='ocrx_word' id='word_1_116' title='bbox 489 1799 578 1895; x_wconf 92' lang='lat' dir='ltr'>quod</span> <span class='ocrx_word' id='word_1_117' title='bbox 605 1793 804 1872; x_wconf 83' lang='lat' dir='ltr'>beneficium</span> <span class='ocrx_word' id='word_1_118' title='bbox 825 1791 983 1864; x_wconf 87' lang='lat' dir='ltr'>haberem</span> <span class='ocrx_word' id='word_1_119' title='bbox 1006 1791 1158 1885; x_wconf 89' lang='lat' dir='ltr'>illudque</span> <span class='ocrx_word' id='word_1_120' title='bbox 1184 1793 1237 1862; x_wconf 86' lang='lat' dir='ltr'>vel</span> <span class='ocrx_word' id='word_1_121' title='bbox 1261 1816 1454 1888; x_wconf 77' lang='lat' dir='ltr'>permutare</span> <span class='ocrx_word' id='word_1_122' title='bbox 1476 1795 1528 1865; x_wconf 81' lang='lat' dir='ltr'>vel</span> <span class='ocrx_word' id='word_1_123' title='bbox 1551 1793 1717 1890; x_wconf 85' lang='lat' dir='ltr'>resignare</span> <span class='ocrx_word' id='word_1_124' title='bbox 1742 1798 1934 1880; x_wconf 79' lang='lat' dir='ltr'>infusorem</span> 
     </span>
     <span class='ocr_line' id='line_1_13' title="bbox 427 1885 1933 1991; baseline 0.005 -22"><span class='ocrx_word' id='word_1_125' title='bbox 427 1901 508 1991; x_wconf 84' lang='lat' dir='ltr'>&#39;&#39;3tii</span> <span class='ocrx_word' id='word_1_126' title='bbox 526 1911 583 1968; x_wconf 79' lang='lat' dir='ltr'>aut</span> <span class='ocrx_word' id='word_1_127' title='bbox 598 1897 631 1965; x_wconf 95' lang='lat' dir='ltr'>in</span> <span class='ocrx_word' id='word_1_128' title='bbox 653 1917 771 1965; x_wconf 84' lang='lat' dir='ltr'>manus</span> <span class='ocrx_word' id='word_1_129' title='bbox 786 1895 882 1987; x_wconf 79' lang='lat' dir='ltr'>Papae</span> <span class='ocrx_word' id='word_1_130' title='bbox 900 1888 1038 1970; x_wconf 84' lang='lat' dir='ltr'>vellem,</span> <span class='ocrx_word' id='word_1_131' title='bbox 1063 1885 1222 1984; x_wconf 76' lang='lat' dir='ltr'>presente</span> <span class='ocrx_word' id='word_1_132' title='bbox 1238 1891 1347 1962; x_wconf 90' lang='lat' dir='ltr'>adhuc</span> <span class='ocrx_word' id='word_1_133' title='bbox 1363 1887 1521 1987; x_wconf 79' lang='lat' dir='ltr'>precisis,</span> <span class='ocrx_word' id='word_1_134' title='bbox 1542 1898 1601 1988; x_wconf 91' lang='lat' dir='ltr'>qui</span> <span class='ocrx_word' id='word_1_135' title='bbox 1620 1897 1712 1969; x_wconf 86' lang='lat' dir='ltr'>litem</span> <span class='ocrx_word' id='word_1_136' title='bbox 1733 1891 1831 1976; x_wconf 86' lang='lat' dir='ltr'>facile</span> <span class='ocrx_word' id='word_1_137' title='bbox 1845 1905 1933 1976; x_wconf 88' lang='lat' dir='ltr'>mihi</span> 
     </span>
     <span class='ocr_line' id='line_1_14' title="bbox 442 1983 1932 2095; baseline 0.005 -30"><span class='ocrx_word' id='word_1_138' title='bbox 442 2017 585 2066; x_wconf 84' lang='lat' dir='ltr'>morere</span> <span class='ocrx_word' id='word_1_139' title='bbox 606 1988 761 2088; x_wconf 81' lang='lat' dir='ltr'>poffet&amp;</span> <span class='ocrx_word' id='word_1_140' title='bbox 787 2013 854 2059; x_wconf 86' lang='lat' dir='ltr'>non</span> <span class='ocrx_word' id='word_1_141' title='bbox 872 1985 939 2057; x_wconf 83' lang='lat' dir='ltr'>stne</span> <span class='ocrx_word' id='word_1_142' title='bbox 959 1987 1107 2064; x_wconf 89' lang='lat' dir='ltr'>ratione,</span> <span class='ocrx_word' id='word_1_143' title='bbox 1129 1983 1240 2056; x_wconf 81' lang='lat' dir='ltr'>namsi</span> <span class='ocrx_word' id='word_1_144' title='bbox 1257 1988 1292 2058; x_wconf 86' lang='lat' dir='ltr'>id</span> <span class='ocrx_word' id='word_1_145' title='bbox 1317 1987 1451 2069; x_wconf 89' lang='lat' dir='ltr'>liceret,</span> <span class='ocrx_word' id='word_1_146' title='bbox 1474 1991 1509 2059; x_wconf 89' lang='lat' dir='ltr'>iu</span> <span class='ocrx_word' id='word_1_147' title='bbox 1532 1984 1685 2066; x_wconf 84' lang='lat' dir='ltr'>srtudcm</span> <span class='ocrx_word' id='word_1_148' title='bbox 1700 1995 1785 2090; x_wconf 82' lang='lat' dir='ltr'>juris</span> <span class='ocrx_word' id='word_1_149' title='bbox 1809 2004 1932 2095; x_wconf 87' lang='lat' dir='ltr'>prima·</span> 
     </span>
     <span class='ocr_line' id='line_1_15' title="bbox 441 2081 1963 2194; baseline 0.004 -32"><span class='ocrx_word' id='word_1_150' title='bbox 441 2095 574 2164; x_wconf 80' lang='lat' dir='ltr'>riarum</span> <span class='ocrx_word' id='word_1_151' title='bbox 604 2112 744 2185; x_wconf 88' lang='lat' dir='ltr'>precum</span> <span class='ocrx_word' id='word_1_152' title='bbox 766 2083 1003 2177; x_wconf 80' lang='lat' dir='ltr'>resignationes</span> <span class='ocrx_word' id='word_1_153' title='bbox 1028 2081 1229 2177; x_wconf 86' lang='lat' dir='ltr'>ejuscemodi</span> <span class='ocrx_word' id='word_1_154' title='bbox 1258 2083 1332 2155; x_wconf 86' lang='lat' dir='ltr'>sieri</span> <span class='ocrx_word' id='word_1_155' title='bbox 1359 2081 1512 2180; x_wconf 83' lang='lat' dir='ltr'>possent,</span> <span class='ocrx_word' id='word_1_156' title='bbox 1538 2086 1616 2159; x_wconf 89' lang='lat' dir='ltr'>hinc</span> <span class='ocrx_word' id='word_1_157' title='bbox 1637 2094 1740 2164; x_wconf 89' lang='lat' dir='ltr'>tutius</span> <span class='ocrx_word' id='word_1_158' title='bbox 1765 2095 1933 2194; x_wconf 84' lang='lat' dir='ltr'>longeest</span> <span class='ocrx_word' id='word_1_159' title='bbox 1960 2163 1963 2168; x_wconf 90' lang='lat'><em>.</em></span> 
     </span>
     <span class='ocr_line' id='line_1_16' title="bbox 442 2175 1992 2288; baseline 0.002 -27"><span class='ocrx_word' id='word_1_160' title='bbox 442 2184 657 2288; x_wconf 67' lang='lat' dir='ltr'>exspeslare,</span> <span class='ocrx_word' id='word_1_161' title='bbox 677 2183 879 2281; x_wconf 82' lang='lat' dir='ltr'>usquedum</span> <span class='ocrx_word' id='word_1_162' title='bbox 894 2178 1044 2278; x_wconf 84' lang='lat' dir='ltr'>precislae</span> <span class='ocrx_word' id='word_1_163' title='bbox 1065 2175 1265 2252; x_wconf 85' lang='lat' dir='ltr'>beneficium</span> <span class='ocrx_word' id='word_1_164' title='bbox 1283 2180 1373 2252; x_wconf 87' lang='lat' dir='ltr'>aliud</span> <span class='ocrx_word' id='word_1_165' title='bbox 1390 2205 1507 2254; x_wconf 86' lang='lat' dir='ltr'>vacans</span> <span class='ocrx_word' id='word_1_166' title='bbox 1528 2185 1686 2260; x_wconf 91' lang='lat' dir='ltr'>collatum</span> <span class='ocrx_word' id='word_1_167' title='bbox 1709 2188 1759 2264; x_wconf 81' lang='lat' dir='ltr'>stt.</span> <span class='ocrx_word' id='word_1_168' title='bbox 1986 2177 1992 2185; x_wconf 40' lang='lat'><em>¹</em></span> 
     </span>
    </p>
   </div>
   <div class='ocr_carea' id='block_1_5' title="bbox 483 2331 1875 2441">
    <p class='ocr_par' dir='ltr' id='par_1_5' title="bbox 483 2331 1875 2441">
     <span class='ocr_line' id='line_1_17' title="bbox 483 2331 1875 2441; baseline 0 -21"><span class='ocrx_word' id='word_1_169' title='bbox 483 2356 527 2438; x_wconf 78' lang='lat' dir='ltr'>a)</span> <span class='ocrx_word' id='word_1_170' title='bbox 547 2349 687 2418; x_wconf 80' lang='lat' dir='ltr'>Chokiet</span> <span class='ocrx_word' id='word_1_171' title='bbox 705 2348 776 2416; x_wconf 75' lang='lat' dir='ltr'>sest.</span> <span class='ocrx_word' id='word_1_172' title='bbox 790 2331 831 2416; x_wconf 83' lang='lat'>11&#39;.</span> <span class='ocrx_word' id='word_1_173' title='bbox 845 2349 886 2418; x_wconf 87' lang='lat' dir='ltr'>V.</span> <span class='ocrx_word' id='word_1_174' title='bbox 906 2347 1080 2414; x_wconf 78' lang='lat' dir='ltr'>Dummodo</span> <span class='ocrx_word' id='word_1_175' title='bbox 1093 2342 1297 2441; x_wconf 79' lang='lat' dir='ltr'>¹Wagnereclr</span> <span class='ocrx_word' id='word_1_176' title='bbox 1314 2350 1344 2429; x_wconf 82' lang='lat'>§.</span> <span class='ocrx_word' id='word_1_177' title='bbox 1357 2365 1388 2413; x_wconf 85' lang='lat'>2.</span> <span class='ocrx_word' id='word_1_178' title='bbox 1422 2345 1545 2413; x_wconf 80' lang='lat' dir='ltr'>Eodem</span> <span class='ocrx_word' id='word_1_179' title='bbox 1558 2347 1594 2410; x_wconf 84' lang='lat'>&amp;</span> <span class='ocrx_word' id='word_1_180' title='bbox 1609 2347 1739 2434; x_wconf 81' lang='lat' dir='ltr'>Pithing</span> <span class='ocrx_word' id='word_1_181' title='bbox 1756 2372 1789 2417; x_wconf 89' lang='lat' dir='ltr'>u.</span> <span class='ocrx_word' id='word_1_182' title='bbox 1802 2373 1875 2439; x_wconf 75' lang='lat'><strong>370.</strong></span> 
     </span>
    </p>
   </div>
   <div class='ocr_carea' id='block_1_6' title="bbox 490 2480 1929 2653">
    <p class='ocr_par' dir='ltr' id='par_1_6' title="bbox 490 2480 1929 2653">
     <span class='ocr_line' id='line_1_18' title="bbox 490 2480 1929 2653; baseline 0.01 -104"><span class='ocrx_word' id='word_1_183' title='bbox 490 2490 530 2575; x_wconf 67' lang='grc' dir='ltr'>ι)</span> <span class='ocrx_word' id='word_1_184' title='bbox 555 2483 1049 2653; x_wconf 42' lang='grc' dir='ltr'>ἴὶέόψδιιοίξὲιοὶῒᾶιίὶάορῐπϋ.</span> <span class='ocrx_word' id='word_1_185' title='bbox 1061 2482 1096 2547; x_wconf 86' lang='lat'>&amp;</span> <span class='ocrx_word' id='word_1_186' title='bbox 1112 2482 1199 2565; x_wconf 73' lang='lat' dir='ltr'>diga.</span> <span class='ocrx_word' id='word_1_187' title='bbox 1212 2481 1324 2549; x_wconf 78' lang='lat' dir='ltr'>urus.</span> <span class='ocrx_word' id='word_1_188' title='bbox 1361 2480 1496 2556; x_wconf 81' lang='lat' dir='ltr'>Hermes</span> <span class='ocrx_word' id='word_1_189' title='bbox 1515 2481 1587 2554; x_wconf 80' lang='lat' dir='ltr'>lale.</span> <span class='ocrx_word' id='word_1_190' title='bbox 1607 2487 1672 2562; x_wconf 87' lang='lat' dir='ltr'>Jur.</span> <span class='ocrx_word' id='word_1_191' title='bbox 1690 2491 1776 2574; x_wconf 86' lang='lat' dir='ltr'>publ.</span> <span class='ocrx_word' id='word_1_192' title='bbox 1795 2514 1862 2580; x_wconf 87' lang='lat' dir='ltr'>cap.</span> <span class='ocrx_word' id='word_1_193' title='bbox 1875 2491 1929 2565; x_wconf 75' lang='lat' dir='ltr'>rr.</span> 
     </span>
    </p>
   </div>
   <div class='ocr_carea' id='block_1_7' title="bbox 448 2678 1866 2902">
    <p class='ocr_par' dir='ltr' id='par_1_7' title="bbox 448 2678 1866 2902">
     <span class='ocr_line' id='line_1_19' title="bbox 485 2678 1584 2771; baseline -0.005 -18"><span class='ocrx_word' id='word_1_194' title='bbox 485 2687 519 2771; x_wconf 80' lang='lat' dir='ltr'>e)</span> <span class='ocrx_word' id='word_1_195' title='bbox 542 2683 617 2755; x_wconf 86' lang='lat' dir='ltr'>Vid.</span> <span class='ocrx_word' id='word_1_196' title='bbox 631 2682 772 2770; x_wconf 84' lang='lat' dir='ltr'>Chokicr</span> <span class='ocrx_word' id='word_1_197' title='bbox 789 2683 862 2751; x_wconf 73' lang='lat' dir='ltr'>sest.</span> <span class='ocrx_word' id='word_1_198' title='bbox 879 2682 921 2749; x_wconf 91' lang='lat'>11.</span> <span class='ocrx_word' id='word_1_199' title='bbox 941 2680 983 2753; x_wconf 87' lang='lat' dir='ltr'>V.</span> <span class='ocrx_word' id='word_1_200' title='bbox 1004 2679 1157 2766; x_wconf 79' lang='lat' dir='ltr'>adsedem</span> <span class='ocrx_word' id='word_1_201' title='bbox 1182 2679 1311 2763; x_wconf 79' lang='lat' dir='ltr'>Plrhlug</span> <span class='ocrx_word' id='word_1_202' title='bbox 1328 2697 1360 2746; x_wconf 87' lang='lat' dir='ltr'>n.</span> <span class='ocrx_word' id='word_1_203' title='bbox 1374 2690 1448 2765; x_wconf 77' lang='lat'>383.</span> <span class='ocrx_word' id='word_1_204' title='bbox 1471 2678 1505 2745; x_wconf 81' lang='lat' dir='ltr'>dt</span> <span class='ocrx_word' id='word_1_205' title='bbox 1520 2681 1584 2749; x_wconf 90' lang='lat' dir='ltr'>alii.</span> 
     </span>
     <span class='ocr_line' id='line_1_20' title="bbox 448 2793 1866 2902; baseline -0.001 -33"><span class='ocrx_word' id='word_1_206' title='bbox 448 2837 450 2842; x_wconf 96' lang='lat'>·</span> <span class='ocrx_word' id='word_1_207' title='bbox 485 2804 527 2884; x_wconf 75' lang='lat' dir='ltr'>d)</span> <span class='ocrx_word' id='word_1_208' title='bbox 549 2793 754 2902; x_wconf 51' lang='lat' dir='ltr'>wagner&amp;</span> <span class='ocrx_word' id='word_1_209' title='bbox 771 2804 804 2884; x_wconf 70' lang='lat' dir='ltr'>s.</span> <span class='ocrx_word' id='word_1_210' title='bbox 815 2823 847 2888; x_wconf 75' lang='grc'>3.</span> <span class='ocrx_word' id='word_1_211' title='bbox 862 2802 904 2874; x_wconf 89' lang='lat' dir='ltr'>V.</span> <span class='ocrx_word' id='word_1_212' title='bbox 920 2799 1131 2888; x_wconf 71' lang='lat' dir='ltr'>restringitur.</span> <span class='ocrx_word' id='word_1_213' title='bbox 1154 2798 1331 2866; x_wconf 82' lang='lat' dir='ltr'>Leureuius</span> <span class='ocrx_word' id='word_1_214' title='bbox 1347 2820 1377 2884; x_wconf 88' lang='lat' dir='ltr'>p.</span> <span class='ocrx_word' id='word_1_215' title='bbox 1389 2817 1420 2866; x_wconf 84' lang='lat'>2.</span> <span class='ocrx_word' id='word_1_216' title='bbox 1437 2797 1501 2867; x_wconf 83' lang='lat' dir='ltr'>sor.</span> <span class='ocrx_word' id='word_1_217' title='bbox 1521 2801 1624 2870; x_wconf 81' lang='lat' dir='ltr'>henes.</span> <span class='ocrx_word' id='word_1_218' title='bbox 1646 2823 1677 2890; x_wconf 90' lang='lat' dir='ltr'>q.</span> <span class='ocrx_word' id='word_1_219' title='bbox 1697 2805 1771 2894; x_wconf 80' lang='lat'>607,</span> <span class='ocrx_word' id='word_1_220' title='bbox 1788 2829 1820 2880; x_wconf 67' lang='lat' dir='ltr'>n.</span> <span class='ocrx_word' id='word_1_221' title='bbox 1834 2814 1866 2881; x_wconf 81' lang='lat'>6,</span> 
     </span>
    </p>
   </div>
   <div class='ocr_carea' id='block_1_8' title="bbox 466 2900 2157 3040">
    <p class='ocr_par' dir='ltr' id='par_1_8' title="bbox 466 2900 2157 3040">
     <span class='ocr_line' id='line_1_21' title="bbox 466 2900 2157 3040; baseline 0.001 -32"><span class='ocrx_word' id='word_1_222' title='bbox 466 2900 678 3032; x_wconf 42' lang='lat' dir='ltr'>,oslibkler&#39;</span> <span class='ocrx_word' id='word_1_223' title='bbox 691 2933 763 3005; x_wconf 74' lang='lat' dir='ltr'>sest.</span> <span class='ocrx_word' id='word_1_224' title='bbox 785 2935 827 3006; x_wconf 87' lang='lat' dir='ltr'>ll.</span> <span class='ocrx_word' id='word_1_225' title='bbox 842 2937 885 3014; x_wconf 77' lang='lat' dir='ltr'>,V.</span> <span class='ocrx_word' id='word_1_226' title='bbox 900 2936 998 3023; x_wconf 82' lang='lat' dir='ltr'>super</span> <span class='ocrx_word' id='word_1_227' title='bbox 1013 2938 1154 3022; x_wconf 77' lang='lat' dir='ltr'>fingatis.</span> <span class='ocrx_word' id='word_1_228' title='bbox 1180 2938 1313 3002; x_wconf 84' lang='lat' dir='ltr'>Hermes</span> <span class='ocrx_word' id='word_1_229' title='bbox 1329 2936 1383 3003; x_wconf 84' lang='lat' dir='ltr'>eit.</span> <span class='ocrx_word' id='word_1_230' title='bbox 1402 2938 1466 3003; x_wconf 88' lang='lat' dir='ltr'>loc.</span> <span class='ocrx_word' id='word_1_231' title='bbox 1485 2956 1516 3005; x_wconf 89' lang='lat' dir='ltr'>n.</span> <span class='ocrx_word' id='word_1_232' title='bbox 1535 2957 1589 3024; x_wconf 79' lang='lat'>35.</span> <span class='ocrx_word' id='word_1_233' title='bbox 1628 2935 1928 3040; x_wconf 67' lang='lat' dir='ltr'>Wielinetu.163.</span> <span class='ocrx_word' id='word_1_234' title='bbox 1974 2925 1979 2932; x_wconf 55' lang='grc'><strong><em>’</em></strong></span> <span class='ocrx_word' id='word_1_235' title='bbox 2063 2996 2076 3004; x_wconf 92' lang='grc'><em>.</em></span> <span class='ocrx_word' id='word_1_236' title='bbox 2151 2909 2157 2916; x_wconf 31' lang='lat'>⁸</span> 
     </span>
    </p>
   </div>
   <div class='ocr_carea' id='block_1_9' title="bbox 453 3015 1499 3118">
    <p class='ocr_par' dir='ltr' id='par_1_9' title="bbox 453 3015 1499 3118">
     <span class='ocr_line' id='line_1_22' title="bbox 453 3015 1499 3118; baseline -0.002 -30"><span class='ocrx_word' id='word_1_237' title='bbox 453 3035 470 3116; x_wconf 66' lang='lat' dir='ltr'><em>j</em></span> <span class='ocrx_word' id='word_1_238' title='bbox 555 3015 710 3118; x_wconf 59' lang='lat' dir='ltr'>³alliq&#39;uei</span> <span class='ocrx_word' id='word_1_239' title='bbox 727 3017 1010 3118; x_wconf 78' lang='lat' dir='ltr'>Schuialzgraeber</span> <span class='ocrx_word' id='word_1_240' title='bbox 1023 3023 1073 3089; x_wconf 84' lang='lat' dir='ltr'>tit.</span> <span class='ocrx_word' id='word_1_241' title='bbox 1087 3022 1127 3087; x_wconf 89' lang='lat' dir='ltr'>de</span> <span class='ocrx_word' id='word_1_242' title='bbox 1144 3021 1239 3106; x_wconf 77' lang='lat' dir='ltr'>praeb.</span> <span class='ocrx_word' id='word_1_243' title='bbox 1261 3037 1292 3088; x_wconf 89' lang='lat' dir='ltr'>u.</span> <span class='ocrx_word' id='word_1_244' title='bbox 1306 3038 1378 3105; x_wconf 81' lang='lat'>347.</span> <span class='ocrx_word' id='word_1_245' title='bbox 1399 3020 1499 3087; x_wconf 84' lang='lat' dir='ltr'>citati.</span> 
     </span>
    </p>
   </div>
   <div class='ocr_carea' id='block_1_10' title="bbox 1113 3240 1273 3337">
    <p class='ocr_par' dir='ltr' id='par_1_10' title="bbox 1113 3240 1273 3337">
     <span class='ocr_line' id='line_1_23' title="bbox 1113 3240 1273 3337; baseline 0 -22"><span class='ocrx_word' id='word_1_246' title='bbox 1113 3242 1148 3337; x_wconf 76' lang='grc' dir='ltr'>ς.</span> <span class='ocrx_word' id='word_1_247' title='bbox 1196 3240 1273 3316; x_wconf 82' lang='lat' dir='ltr'>vr.</span> 
     </span>
    </p>
   </div>
   <div class='ocr_carea' id='block_1_11' title="bbox 441 3399 1929 4559">
    <p class='ocr_par' dir='ltr' id='par_1_11' title="bbox 441 3399 1929 4559">
     <span class='ocr_line' id='line_1_24' title="bbox 562 3399 1927 3586; baseline 0.005 -99"><span class='ocrx_word' id='word_1_248' title='bbox 562 3411 718 3489; x_wconf 83' lang='lat' dir='ltr'>Ulterius</span> <span class='ocrx_word' id='word_1_249' title='bbox 732 3404 765 3490; x_wconf 85' lang='lat' dir='ltr'>se</span> <span class='ocrx_word' id='word_1_250' title='bbox 779 3409 926 3490; x_wconf 80' lang='lat' dir='ltr'>extendit</span> <span class='ocrx_word' id='word_1_251' title='bbox 939 3401 1242 3586; x_wconf 63' lang='lat' dir='ltr'>sormulaprecum</span> <span class='ocrx_word' id='word_1_252' title='bbox 1265 3399 1490 3487; x_wconf 76' lang='lat' dir='ltr'>Cesarearum</span> <span class='ocrx_word' id='word_1_253' title='bbox 1509 3406 1549 3486; x_wconf 87' lang='lat' dir='ltr'>ad</span> <span class='ocrx_word' id='word_1_254' title='bbox 1572 3407 1732 3491; x_wconf 81' lang='lat' dir='ltr'>beneficia</span> <span class='ocrx_word' id='word_1_255' title='bbox 1747 3420 1927 3512; x_wconf 83' lang='lat' dir='ltr'>regularia,</span> 
     </span>
     <span class='ocr_line' id='line_1_25' title="bbox 442 3510 1927 3611; baseline 0.001 -21"><span class='ocrx_word' id='word_1_256' title='bbox 442 3537 569 3611; x_wconf 80' lang='lat' dir='ltr'>exquo</span> <span class='ocrx_word' id='word_1_257' title='bbox 598 3513 736 3611; x_wconf 80' lang='lat' dir='ltr'>quaeslio</span> <span class='ocrx_word' id='word_1_258' title='bbox 756 3516 819 3587; x_wconf 88' lang='lat' dir='ltr'>alia</span> <span class='ocrx_word' id='word_1_259' title='bbox 844 3518 933 3587; x_wconf 90' lang='lat' dir='ltr'>inter</span> <span class='ocrx_word' id='word_1_260' title='bbox 958 3517 1150 3600; x_wconf 80' lang='lat' dir='ltr'>canonias</span> <span class='ocrx_word' id='word_1_261' title='bbox 1172 3510 1346 3604; x_wconf 84' lang='lat' dir='ltr'>exsurgit,</span> <span class='ocrx_word' id='word_1_262' title='bbox 1373 3538 1439 3607; x_wconf 83' lang='lat' dir='ltr'>qua</span> <span class='ocrx_word' id='word_1_263' title='bbox 1463 3514 1680 3607; x_wconf 82' lang='lat' dir='ltr'>disquiritur,</span> <span class='ocrx_word' id='word_1_264' title='bbox 1709 3540 1822 3589; x_wconf 91' lang='lat' dir='ltr'>utrum</span> <span class='ocrx_word' id='word_1_265' title='bbox 1849 3542 1927 3593; x_wconf 85' lang='lat' dir='ltr'>vere</span> 
     </span>
     <span class='ocr_line' id='line_1_26' title="bbox 441 3605 1929 3716; baseline 0.001 -31"><span class='ocrx_word' id='word_1_266' title='bbox 441 3635 565 3716; x_wconf 79' lang='lat' dir='ltr'>preces</span> <span class='ocrx_word' id='word_1_267' title='bbox 593 3615 762 3709; x_wconf 74' lang='lat' dir='ltr'>primarie</span> <span class='ocrx_word' id='word_1_268' title='bbox 791 3611 956 3708; x_wconf 83' lang='lat' dir='ltr'>ejusmodi</span> <span class='ocrx_word' id='word_1_269' title='bbox 982 3612 1148 3707; x_wconf 78' lang='lat' dir='ltr'>regularia</span> <span class='ocrx_word' id='word_1_270' title='bbox 1169 3605 1329 3681; x_wconf 87' lang='lat' dir='ltr'>beneficia</span> <span class='ocrx_word' id='word_1_271' title='bbox 1349 3605 1527 3689; x_wconf 78' lang='lat' dir='ltr'>adficient,</span> <span class='ocrx_word' id='word_1_272' title='bbox 1551 3636 1610 3684; x_wconf 85' lang='lat' dir='ltr'>nee</span> <span class='ocrx_word' id='word_1_273' title='bbox 1631 3636 1683 3682; x_wconf 89' lang='lat' dir='ltr'>ne.</span> <span class='ocrx_word' id='word_1_274' title='bbox 1740 3618 1824 3686; x_wconf 87' lang='lat' dir='ltr'>Sunt</span> <span class='ocrx_word' id='word_1_275' title='bbox 1846 3641 1929 3687; x_wconf 56' lang='lat' dir='ltr'>noua</span> 
     </span>
     <span class='ocr_line' id='line_1_27' title="bbox 443 3697 1927 3877; baseline 0 -96"><span class='ocrx_word' id='word_1_276' title='bbox 443 3708 532 3781; x_wconf 90' lang='lat' dir='ltr'>nulli</span> <span class='ocrx_word' id='word_1_277' title='bbox 555 3707 853 3807; x_wconf 84' lang='lat' dir='ltr'>interpretesjurls</span> <span class='ocrx_word' id='word_1_278' title='bbox 875 3712 1043 3791; x_wconf 84' lang='lat' dir='ltr'>canonici,</span> <span class='ocrx_word' id='word_1_279' title='bbox 1065 3711 1127 3877; x_wconf 74' lang='lat' dir='ltr'>ptri</span> <span class='ocrx_word' id='word_1_280' title='bbox 1146 3697 1366 3778; x_wconf 83' lang='lat' dir='ltr'>affirmantem</span> <span class='ocrx_word' id='word_1_281' title='bbox 1389 3699 1612 3789; x_wconf 80' lang='lat' dir='ltr'>confirmant,</span> <span class='ocrx_word' id='word_1_282' title='bbox 1640 3727 1756 3781; x_wconf 81' lang='lat' dir='ltr'>verum</span> <span class='ocrx_word' id='word_1_283' title='bbox 1783 3705 1884 3784; x_wconf 87' lang='lat' dir='ltr'>solida</span> <span class='ocrx_word' id='word_1_284' title='bbox 1901 3715 1927 3785; x_wconf 89' lang='lat' dir='ltr'>ii</span> 
     </span>
     <span class='ocr_line' id='line_1_28' title="bbox 442 3802 1925 3896; baseline 0.001 -17"><span class='ocrx_word' id='word_1_285' title='bbox 442 3809 576 3879; x_wconf 85' lang='lat' dir='ltr'>rarione</span> <span class='ocrx_word' id='word_1_286' title='bbox 594 3805 761 3894; x_wconf 83' lang='lat' dir='ltr'>destituti,</span> <span class='ocrx_word' id='word_1_287' title='bbox 781 3805 850 3880; x_wconf 93' lang='lat' dir='ltr'>solo</span> <span class='ocrx_word' id='word_1_288' title='bbox 869 3805 1048 3881; x_wconf 85' lang='lat' dir='ltr'>verborum</span> <span class='ocrx_word' id='word_1_289' title='bbox 1080 3804 1220 3878; x_wconf 83' lang='lat' dir='ltr'>ormular</span> <span class='ocrx_word' id='word_1_290' title='bbox 1233 3821 1348 3875; x_wconf 86' lang='lat' dir='ltr'>tenore</span> <span class='ocrx_word' id='word_1_291' title='bbox 1364 3802 1503 3896; x_wconf 85' lang='lat' dir='ltr'>gloriari</span> <span class='ocrx_word' id='word_1_292' title='bbox 1519 3804 1684 3878; x_wconf 83' lang='lat' dir='ltr'>videntur.</span> <span class='ocrx_word' id='word_1_293' title='bbox 1737 3808 1830 3879; x_wconf 81' lang='lat' dir='ltr'>Nam</span> <span class='ocrx_word' id='word_1_294' title='bbox 1844 3835 1925 3882; x_wconf 88' lang='lat' dir='ltr'>con·</span> 
     </span>
     <span class='ocr_line' id='line_1_29' title="bbox 442 3895 1926 4003; baseline 0 -24"><span class='ocrx_word' id='word_1_295' title='bbox 442 3905 549 3979; x_wconf 78' lang='lat' dir='ltr'>traria</span> <span class='ocrx_word' id='word_1_296' title='bbox 563 3901 609 3977; x_wconf 82' lang='lat' dir='ltr'>eli</span> <span class='ocrx_word' id='word_1_297' title='bbox 624 3906 735 4002; x_wconf 82' lang='lat' dir='ltr'>praxis</span> <span class='ocrx_word' id='word_1_298' title='bbox 751 3907 910 4003; x_wconf 87' lang='lat' dir='ltr'>Imperii,</span> <span class='ocrx_word' id='word_1_299' title='bbox 933 3921 992 3977; x_wconf 84' lang='lat' dir='ltr'>nec</span> <span class='ocrx_word' id='word_1_300' title='bbox 1009 3901 1084 3996; x_wconf 84' lang='lat' dir='ltr'>usus</span> <span class='ocrx_word' id='word_1_301' title='bbox 1101 3903 1134 3975; x_wconf 80' lang='lat' dir='ltr'>dt</span> <span class='ocrx_word' id='word_1_302' title='bbox 1150 3898 1285 3974; x_wconf 72' lang='lat' dir='ltr'>asluum</span> <span class='ocrx_word' id='word_1_303' title='bbox 1304 3895 1513 3998; x_wconf 81' lang='lat' dir='ltr'>frequentia,</span> <span class='ocrx_word' id='word_1_304' title='bbox 1542 3923 1615 3997; x_wconf 87' lang='lat' dir='ltr'>quae</span> <span class='ocrx_word' id='word_1_305' title='bbox 1631 3902 1698 3976; x_wconf 88' lang='lat' dir='ltr'>sola</span> <span class='ocrx_word' id='word_1_306' title='bbox 1717 3904 1926 3979; x_wconf 87' lang='lat' dir='ltr'>consuetudi·</span> 
     </span>
     <span class='ocr_line' id='line_1_30' title="bbox 441 3992 1925 4098; baseline 0.002 -24"><span class='ocrx_word' id='word_1_307' title='bbox 441 4025 525 4074; x_wconf 87' lang='lat' dir='ltr'>nem</span> <span class='ocrx_word' id='word_1_308' title='bbox 542 3999 690 4086; x_wconf 88' lang='lat' dir='ltr'>inducit,</span> <span class='ocrx_word' id='word_1_309' title='bbox 711 4001 821 4075; x_wconf 84' lang='lat' dir='ltr'>eidem</span> <span class='ocrx_word' id='word_1_310' title='bbox 836 3992 1037 4096; x_wconf 75' lang='lat' dir='ltr'>suffragatur</span> <span class='ocrx_word' id='word_1_311' title='bbox 1047 4052 1057 4085; x_wconf 95' lang='lat'>,</span> <span class='ocrx_word' id='word_1_312' title='bbox 1078 3998 1220 4098; x_wconf 88' lang='lat' dir='ltr'>proinde</span> <span class='ocrx_word' id='word_1_313' title='bbox 1235 4018 1312 4071; x_wconf 90' lang='lat' dir='ltr'>cum</span> <span class='ocrx_word' id='word_1_314' title='bbox 1329 4001 1362 4071; x_wconf 86' lang='lat' dir='ltr'>in</span> <span class='ocrx_word' id='word_1_315' title='bbox 1379 3996 1482 4071; x_wconf 91' lang='lat' dir='ltr'>dubio</span> <span class='ocrx_word' id='word_1_316' title='bbox 1496 3996 1662 4073; x_wconf 81' lang='lat' dir='ltr'>Caesarum</span> <span class='ocrx_word' id='word_1_317' title='bbox 1679 4000 1867 4078; x_wconf 85' lang='lat' dir='ltr'>testimonio</span> <span class='ocrx_word' id='word_1_318' title='bbox 1882 4008 1925 4079; x_wconf 80' lang='lat' dir='ltr'>iia</span> 
     </span>
     <span class='ocr_line' id='line_1_31' title="bbox 443 4095 1927 4198; baseline 0.003 -27"><span class='ocrx_word' id='word_1_319' title='bbox 443 4100 500 4172; x_wconf 84' lang='lat' dir='ltr'>&#39;ua</span> <span class='ocrx_word' id='word_1_320' title='bbox 528 4100 767 4195; x_wconf 82' lang='lat' dir='ltr'>primariorum</span> <span class='ocrx_word' id='word_1_321' title='bbox 790 4117 929 4198; x_wconf 88' lang='lat' dir='ltr'>precum</span> <span class='ocrx_word' id='word_1_322' title='bbox 951 4121 990 4171; x_wconf 83' lang='lat' dir='ltr'>er</span> <span class='ocrx_word' id='word_1_323' title='bbox 1014 4097 1251 4172; x_wconf 86' lang='lat' dir='ltr'>consuetudine</span> <span class='ocrx_word' id='word_1_324' title='bbox 1271 4114 1458 4195; x_wconf 87' lang='lat' dir='ltr'>competat,</span> <span class='ocrx_word' id='word_1_325' title='bbox 1482 4095 1553 4169; x_wconf 79' lang='lat' dir='ltr'>hec</span> <span class='ocrx_word' id='word_1_326' title='bbox 1575 4121 1685 4171; x_wconf 90' lang='lat' dir='ltr'>autem</span> <span class='ocrx_word' id='word_1_327' title='bbox 1706 4103 1741 4170; x_wconf 87' lang='lat' dir='ltr'>in</span> <span class='ocrx_word' id='word_1_328' title='bbox 1763 4103 1927 4195; x_wconf 80' lang='lat' dir='ltr'>regulari·</span> 
     </span>
     <span class='ocr_line' id='line_1_32' title="bbox 442 4126 1923 4299; baseline 0 -30"><span class='ocrx_word' id='word_1_329' title='bbox 442 4126 508 4269; x_wconf 76' lang='lat' dir='ltr'>lus</span> <span class='ocrx_word' id='word_1_330' title='bbox 540 4191 710 4269; x_wconf 81' lang='lat' dir='ltr'>beneficiis</span> <span class='ocrx_word' id='word_1_331' title='bbox 731 4196 840 4269; x_wconf 89' lang='lat' dir='ltr'>locum</span> <span class='ocrx_word' id='word_1_332' title='bbox 863 4222 930 4269; x_wconf 89' lang='lat' dir='ltr'>non</span> <span class='ocrx_word' id='word_1_333' title='bbox 953 4196 1099 4280; x_wconf 87' lang='lat' dir='ltr'>habeat,</span> <span class='ocrx_word' id='word_1_334' title='bbox 1121 4198 1156 4268; x_wconf 86' lang='lat' dir='ltr'>id</span> <span class='ocrx_word' id='word_1_335' title='bbox 1180 4198 1281 4268; x_wconf 89' lang='lat' dir='ltr'>etiam</span> <span class='ocrx_word' id='word_1_336' title='bbox 1299 4195 1385 4290; x_wconf 84' lang='lat' dir='ltr'>juria</span> <span class='ocrx_word' id='word_1_337' title='bbox 1407 4214 1561 4267; x_wconf 84' lang='lat' dir='ltr'>exercere</span> <span class='ocrx_word' id='word_1_338' title='bbox 1583 4215 1763 4291; x_wconf 85' lang='lat' dir='ltr'>nequeunt.</span> <span class='ocrx_word' id='word_1_339' title='bbox 1827 4200 1923 4299; x_wconf 76' lang='lat' dir='ltr'>Qo&#39;·</span> 
     </span>
     <span class='ocr_line' id='line_1_33' title="bbox 443 4291 1924 4397; baseline 0.004 -30"><span class='ocrx_word' id='word_1_340' title='bbox 443 4296 536 4367; x_wconf 89' lang='lat' dir='ltr'>circa</span> <span class='ocrx_word' id='word_1_341' title='bbox 552 4296 674 4366; x_wconf 85' lang='lat' dir='ltr'>merito</span> <span class='ocrx_word' id='word_1_342' title='bbox 688 4298 874 4388; x_wconf 83' lang='lat' dir='ltr'>negativam</span> <span class='ocrx_word' id='word_1_343' title='bbox 889 4311 1025 4368; x_wconf 83' lang='lat' dir='ltr'>tuentur</span> <span class='ocrx_word' id='word_1_344' title='bbox 1040 4291 1232 4366; x_wconf 87' lang='lat' dir='ltr'>sententiam</span> <span class='ocrx_word' id='word_1_345' title='bbox 1248 4293 1305 4362; x_wconf 89' lang='lat' dir='ltr'>alil</span> <span class='ocrx_word' id='word_1_346' title='bbox 1317 4293 1402 4387; x_wconf 86' lang='lat' dir='ltr'>juris</span> <span class='ocrx_word' id='word_1_347' title='bbox 1419 4293 1569 4364; x_wconf 86' lang='lat' dir='ltr'>canonici</span> <span class='ocrx_word' id='word_1_348' title='bbox 1586 4291 1783 4371; x_wconf 67' lang='lat' dir='ltr'>tractatores</span> <span class='ocrx_word' id='word_1_349' title='bbox 1797 4301 1831 4388; x_wconf 78' lang='lat' dir='ltr'>a)</span> <span class='ocrx_word' id='word_1_350' title='bbox 1849 4301 1924 4397; x_wconf 86' lang='lat' dir='ltr'>qui·</span> 
     </span>
     <span class='ocr_line' id='line_1_34' title="bbox 443 4385 1925 4559; baseline 0.006 -94"><span class='ocrx_word' id='word_1_351' title='bbox 443 4390 510 4465; x_wconf 84' lang='lat' dir='ltr'>bus</span> <span class='ocrx_word' id='word_1_352' title='bbox 526 4387 770 4488; x_wconf 84' lang='lat' dir='ltr'>adstipulantur</span> <span class='ocrx_word' id='word_1_353' title='bbox 785 4393 921 4490; x_wconf 89' lang='lat' dir='ltr'>quidam</span> <span class='ocrx_word' id='word_1_354' title='bbox 945 4389 1199 4492; x_wconf 83' lang='lat' dir='ltr'>protestantium</span> <span class='ocrx_word' id='word_1_355' title='bbox 1219 4385 1397 4487; x_wconf 88' lang='lat' dir='ltr'>scriptores</span> <span class='ocrx_word' id='word_1_356' title='bbox 1411 4392 1441 4478; x_wconf 79' lang='lat' dir='ltr'>l)</span> <span class='ocrx_word' id='word_1_357' title='bbox 1473 4394 1626 4559; x_wconf 77' lang='lat' dir='ltr'>puamvis</span> <span class='ocrx_word' id='word_1_358' title='bbox 1641 4395 1676 4465; x_wconf 89' lang='lat' dir='ltr'>in</span> <span class='ocrx_word' id='word_1_359' title='bbox 1697 4395 1798 4472; x_wconf 84' lang='lat' dir='ltr'>hacce</span> <span class='ocrx_word' id='word_1_360' title='bbox 1817 4420 1925 4475; x_wconf 80' lang='lat' dir='ltr'>mate·</span> 
     </span>
    </p>
   </div>
   <div class='ocr_carea' id='block_1_12' title="bbox 441 4483 1614 4586">
    <p class='ocr_par' dir='ltr' id='par_1_12' title="bbox 441 4483 1614 4586">
     <span class='ocr_line' id='line_1_35' title="bbox 441 4483 1614 4586; baseline -0.001 -21"><span class='ocrx_word' id='word_1_361' title='bbox 441 4493 497 4565; x_wconf 86' lang='lat' dir='ltr'>ria</span> <span class='ocrx_word' id='word_1_362' title='bbox 516 4488 596 4586; x_wconf 83' lang='lat' dir='ltr'>jure</span> <span class='ocrx_word' id='word_1_363' title='bbox 617 4491 837 4585; x_wconf 76' lang='lat' dir='ltr'>imperatoria</span> <span class='ocrx_word' id='word_1_364' title='bbox 859 4492 972 4586; x_wconf 84' lang='lat' dir='ltr'>potius</span> <span class='ocrx_word' id='word_1_365' title='bbox 988 4488 1146 4569; x_wconf 86' lang='lat' dir='ltr'>dilatare,</span> <span class='ocrx_word' id='word_1_366' title='bbox 1167 4507 1268 4583; x_wconf 90' lang='lat' dir='ltr'>quam</span> <span class='ocrx_word' id='word_1_367' title='bbox 1288 4483 1458 4559; x_wconf 77' lang='lat' dir='ltr'>coarslate</span> <span class='ocrx_word' id='word_1_368' title='bbox 1492 4486 1614 4564; x_wconf 84' lang='lat' dir='ltr'>oleant.</span> 
     </span>
    </p>
   </div>
   <div class='ocr_carea' id='block_1_13' title="bbox 482 4609 1921 4823">
    <p class='ocr_par' dir='ltr' id='par_1_13' title="bbox 482 4609 1921 4823">
     <span class='ocr_line' id='line_1_36' title="bbox 482 4609 1921 4823; baseline -0.003 -97"><span class='ocrx_word' id='word_1_369' title='bbox 482 4660 521 4745; x_wconf 74' lang='lat' dir='ltr'>a)</span> <span class='ocrx_word' id='word_1_370' title='bbox 543 4654 703 4728; x_wconf 83' lang='lat' dir='ltr'>Wiestuet</span> <span class='ocrx_word' id='word_1_371' title='bbox 713 4658 753 4726; x_wconf 79' lang='lat' dir='ltr'>ad</span> <span class='ocrx_word' id='word_1_372' title='bbox 768 4653 819 4730; x_wconf 86' lang='lat' dir='ltr'>tit.</span> <span class='ocrx_word' id='word_1_373' title='bbox 834 4641 877 4726; x_wconf 80' lang='lat' dir='ltr'>de</span> <span class='ocrx_word' id='word_1_374' title='bbox 892 4609 1049 4746; x_wconf 72' lang='lat' dir='ltr'>prebens.</span> <span class='ocrx_word' id='word_1_375' title='bbox 1065 4655 1100 4725; x_wconf 77' lang='lat' dir='ltr'>dt</span> <span class='ocrx_word' id='word_1_376' title='bbox 1118 4655 1236 4807; x_wconf 59' lang='lat' dir='ltr'>diguip</span> <span class='ocrx_word' id='word_1_377' title='bbox 1246 4651 1352 4823; x_wconf 45' lang='grc' dir='ltr'>1ἷκῑιό.</span> <span class='ocrx_word' id='word_1_378' title='bbox 1375 4651 1517 4729; x_wconf 71' lang='lat' dir='ltr'>scruto</span> <span class='ocrx_word' id='word_1_379' title='bbox 1528 4651 1561 4728; x_wconf 85' lang='lat' dir='ltr'>iu</span> <span class='ocrx_word' id='word_1_380' title='bbox 1574 4649 1655 4743; x_wconf 75' lang='lat' dir='ltr'>iuris</span> <span class='ocrx_word' id='word_1_381' title='bbox 1665 4659 1755 4744; x_wconf 81' lang='lat' dir='ltr'>prud.</span> <span class='ocrx_word' id='word_1_382' title='bbox 1771 4676 1839 4727; x_wconf 83' lang='lat' dir='ltr'>can.</span> <span class='ocrx_word' id='word_1_383' title='bbox 1855 4659 1921 4815; x_wconf 58' lang='lat' dir='ltr'>esis]</span> 
     </span>
    </p>
   </div>
   <div class='ocr_carea' id='block_1_14' title="bbox 0 0 2515 5588">
    <p class='ocr_par' dir='ltr' id='par_1_14' title="bbox 0 0 2515 5588">
     <span class='ocr_line' id='line_1_37' title="bbox 0 0 2515 5588; baseline 0 0"><span class='ocrx_word' id='word_1_384' title='bbox 0 0 2515 5588; x_wconf 95' lang='lat' dir='ltr'> </span> 
     </span>
    </p>
   </div>
  </div>
 </body>
</html>
