5017 5592
491 651 547 725 aa
561 642 773 768 nenton.
789 609 987 718 nonna.
1001 637 1198 718 necans.
1214 639 1343 720 nont.
1359 643 1418 720 m
1434 644 1744 725 criminosos
1763 631 1917 756 nam

491 851 571 898 entes
595 824 721 898 solicite
745 825 927 907 occultant,
963 824 995 897 dr
1019 832 1194 922 'antequam
1217 823 1375 922 Episcopi
1404 807 1580 899 autorildte
1601 834 1771 922 cognitum
1794 830 1847 916 fit,
1879 813 1921 904 ni

498 930 658 996 munitate
676 926 858 1017 gaudeant,
883 927 916 994 in
940 928 1123 1021 perniciem
1149 927 1238 1019 pacis
1260 924 1400 1020 publicae
1419 919 1548 1008 occulte
1572 929 1760 1012 dimittunt,
1795 931 1922 1028 absque

491 1051 606 1095 acura
623 1027 753 1119 praeviae
771 1029 988 1116 poemtentiae,
1014 1046 1069 1093 aut
1087 1019 1144 1119 spe
1166 1025 1416 1094 emendationis.
1474 1028 1521 1094 Ex
1544 1024 1679 1114 latebris
1702 1028 1849 1100 Eccleltae
1873 1036 1922 1110 in·

491 1118 651 1192 inatillimi
675 1120 855 1191 nebulones
872 1146 1108 1216 nonnunquam
1126 1124 1343 1202 emittuntur,
1370 1146 1436 1193 non
1450 1123 1483 1192 in
1497 1121 1605 1194 lucem
1622 1122 1802 1220 publicam,
1819 1150 1922 1224 quam
1970 1153 1976 1178 ¹

491 1228 592 1313 giutrr,
619 1219 672 1290 l‘ed
689 1225 722 1289 in
742 1220 876 1289 latibula
897 1219 1122 1314 predonum,
1147 1244 1293 1314 quorum
1315 1220 1439 1290 artibus
1463 1217 1642 1292 sustentare
1669 1225 1771 1294 vitam
1798 1249 1922 1318 cogun-

491 1348 510 1389 ·.
565 1324 675 1415 Qtam
694 1319 791 1409 longe
806 1318 971 1411 ejusmodi
988 1314 1199 1388 Ecclesiastici
1217 1316 1370 1389 aberrent
1389 1344 1407 1388 a
1423 1316 1569 1410 genuino
1583 1317 1637 1396 sco
1664 1344 1684 1390 o
1702 1315 1795 1428 Asyli
1811 1324 1925 1395 Eccle-

491 1414 586 1498 (liei,
599 1417 727 1487 abunde
750 1439 837 1510 patet
857 1441 894 1484 ex
913 1417 1083 1509 bucusque
1099 1409 1196 1485 diliis
1212 1420 1251 1507 l).
1301 1420 1387 1488 Cum
1403 1416 1583 1513 aliquando
1598 1345 1718 1489 nobilis
1734 1421 1922 1492 feminari-

499 1521 640 1606 gratiam
663 1514 884 1608 proquodam
904 1509 1062 1605 petiisset,
1078 1509 1234 1583 allenium
1253 1516 1411 1609 Princeps
1426 1513 1570 1612 praebuit
1585 1512 1642 1586 sub
1659 1541 1696 1588 ea
1713 1519 1922 1602 conditione;
1948 1541 1952 1546 ·

494 1639 605 1683 :uram
629 1616 772 1683 bominis
794 1614 823 1681 bi
842 1610 1108 1681 l'ullentationem
1129 1618 1163 1680 in
1182 1608 1213 1680 l‘e
1230 1607 1433 1708 l'usciperet,
1459 1636 1656 1710 caveretque
1679 1615 1720 1684 de
1737 1616 1865 1686 damaris
1882 1615 1923 1687 ab
1997 1629 2002 1638 ⁴

491 1717 559 1803 lem
581 1737 639 1782 reo
664 1709 796 1804 possltac
821 1705 1014 1779 inferendis.
1086 1714 1285 1780 Contionem
1307 1708 1462 1808 praestare
1491 1716 1647 1781 Matrona
1674 1712 1800 1784 noluit:
1827 1715 1924 1788 ,unde

491 1839 540 1879 ant
560 1815 715 1903 Prineps
736 1814 966 1897 vitaegrattam
985 1801 1094 1877 facere
1115 1805 1286 1878 recusavit.
1338 1806 1922 1907 Similequrdpolletnonnunquam
2009 1829 2011 1834 ’

493 1916 571 2002 paim
592 1905 817 1982 Eccleliallieis
839 1931 932 1974 teum
957 1910 1056 1975 etiam
1075 1904 1177 2000 Al'ylo
1201 1907 1375 1998 indignum
1399 1908 1658 1989 occultantibus,
1686 1911 1747 1980 -vel
1773 1913 1922 1981 nondum

491 2009 545 2075 lira
564 2032 694 2075 rarorum
713 2002 883 2073 ferocitate
901 2006 983 2071 elam
1004 2001 1266 2083 dimittentibus,
1292 2029 1332 2074 eo
1348 2006 1382 2073 in
1404 2005 1666 2099 Rempublicam
1684 2015 1821 2089 merito,
1852 1999 1921 2102 quo
1998 2066 2006 2076 ,

491 2131 577 2189 egent
602 2129 714 2174 ovium
735 2101 943 2191 obtlnngnnr
968 2126 1157 2182 venatores,
1192 2124 1292 2196 capto
1309 2102 1391 2196 lupo
1416 2104 1546 2173 vincula
1569 2130 1776 2200 rumpentes.
1834 2111 1920 2202 Quae

495 2211 586 2273 iones
605 2199 775 2289 Epil'coois
793 2198 927 2277 oblinat,
953 2227 991 2269 ne
1013 2196 1123 2269 servos
1141 2200 1265 2269 alienos
1284 2200 1322 2268 ad
1338 2205 1454 2269 Sacros
1471 2200 1617 2272 Ordines
1642 2204 1833 2283 admittant,
1859 2230 1922 2274 ete·

494 2332 516 2371 n
534 2304 688 2371 cohibent
709 2296 921 2368 Eccleliatnnt
941 2293 1124 2376 Redores,
1151 2295 1301 2392 neAlylo
1317 2298 1469 2389 indignos
1487 2322 1658 2382 tueantur,
1683 2328 1761 2392 qua.
1790 2323 1825 2371 ut
1842 2303 1921 2374 GE·
2021 2379 2024 2384 ,
2048 2281 2069 2298 ’
2136 2303 2152 2372 .’

491 2421 523 2471 ,S
538 2423 571 2469 tt
599 2403 692 2493 l'apae
712 2396 819 2465 verbis
835 2421 908 2464 utar
926 2405 996 2487 nr),
1025 2402 1119 2463 tnodis
1133 2400 1264 2465 otnnr'dus
1278 2397 1321 2484 est
1342 2403 1512 2466 artisvenda
1529 2405 1687 2490 pernities,
1713 2425 1749 2468 ne
1763 2423 1815 2492 pet
1836 2405 1920 2469 Chri·

491 2504 530 2565 ori
553 2506 678 2564 nonrnn's
699 2499 889 2578 rnliirntnm,
923 2515 977 2562 aur
998 2496 1098 2562 aliana
1118 2495 1191 2582 jura
1208 2499 1355 2584 pervadi,
1385 2518 1440 2564 aut
1461 2497 1576 2585 publica
1597 2497 1922 2588 ‘uideatur'drsrtpltnae

492 2603 592 2666 verti.
645 2595 747 2663 Multi
763 2595 838 2660 Vtri
861 2587 957 2659 {ancli
983 2589 1123 2660 &darell
1143 2591 1181 2662 est
1196 2593 1365 2662 eharitatis
1391 2592 1517 2684 legibus
1544 2588 1575 2662 le
1600 2616 1697 2684 agere
1719 2592 1921 2678 existimant,

491 2696 519 2762 le
540 2695 772 2763 emendatione
794 2690 1057 2783 delinquentium
1083 2689 1223 2780 benigne
1245 2687 1422 2760 confidant.
1488 2693 1553 2759 Pro
1577 2687 1634 2761 luo
1658 2695 1690 2761 in
1713 2690 1920 2786 Reipublicae
2029 2737 2044 2749 -

491 2816 575 2861 rtem
592 2787 713 2859 sincero
730 2788 852 2866 lludio,
878 2812 943 2854 mm
961 2785 1034 2855 laris
1053 2781 1417 2883 percipiunt','quantae
1434 2787 1635 2858 calamitates
1651 2814 1689 2861 ea
1712 2786 1915 2860 facinorolo·

491 2915 514 2958 n
530 2890 703 2960 bominum
722 2889 873 2954 libertate
891 2889 1129 2953 Communitati
1148 2887 1371 2980 impendeant.
1420 2887 1511 2954 Hinc
1527 2889 1671 2958 etiams.
1691 2899 1917 2958 AucusTt·

491 3008 529 3056 rs
551 2978 659 3055 noluit
680 2981 864 3053 Donatistis
889 2983 1105 3051 criminaliter
1129 2988 1257 3079 puniri:
1289 2982 1344 3053 sed
1366 2985 1442 3053 dein
1463 2984 1614 3074 longiore
1638 2987 1848 3082 experientia·
1862 2986 1920 3056 do·

496 3080 672 3163 sfatetur,
700 3082 730 3152 l'e
747 3109 783 3151 ea
800 3076 953 3173 seripltlle
973 3079 1032 3150 illo
1048 3104 1218 3173 tempore,
1245 3108 1301 3172 qut
1320 3086 1449 3150 nandum
1465 3105 1604 3172 expertus
1628 3107 1714 3167 etat,
1745 3090 1800 3154 vel
1821 3110 1918 3177 quan-

491 3212 502 3251 a
520 3190 592 3251 mali
609 3208 708 3251 eorum
724 3186 848 3249 auderet
866 3204 1044 3271 nnpnnttas,
1070 3185 1124 3248 ‘orl
1143 3205 1288 3268 qtttntrnn
1305 3184 1347 3247 eis
1366 3186 1396 3246 t'n
1412 3186 1516 3248 tirellus
1535 3188 1689 3250 initiandis
1701 3185 1835 3274 conserte
1855 3182 1920 3274 pos-
1998 3237 2004 3250 t

499 3287 658 3374 diligentia
678 3282 831 3367 disciplina
853 3281 897 3366 n).
949 3278 1029 3345 ldeo
1042 3280 1150 3369 'etiam
1173 3281 1278 3367 Leges
1303 3279 1339 3364 a)
1359 3301 1500 3366 arguunt
1519 3280 1655 3348 nimiam
1674 3281 1756 3350 banc
1774 3280 1919 3350 Clericu-

491 3407 513 3449 n
530 3381 786 3468 benignitatem,
813 3401 885 3470 quae
901 3375 991 3444 caula
1010 3371 1093 3451 fuit,
1121 3377 1211 3471 quod
1232 3380 1265 3445 in
1283 3376 1393 3448 Gallia
1410 3372 1625 3467 Magistratus
1648 3374 1811 3452 saecularis
1829 3378 1869 3449 cd
1885 3375 1918 3450 se
1974 3434 1979 3445 .

491 3482 578 3551 xerit
599 3473 710 3547 causas
726 3473 864 3571 Asylum
885 3494 1134 3547 concernentes.
1897 3485 1900 3489 ’

1589 3603 1592 3608 ’
1708 3625 1914 3720 §.exerta
2019 3721 2024 3728 ,

491 3825 567 3909 ’)Ι),
585 3823 710 3898 Jnau.
737 3820 919 3898 Fnroura.
939 3822 1065 3887 Karta
1090 3822 1126 3885 de
1149 3818 1240 3906 &aare
1257 3818 1344 3900 ¹[artri
1368 3816 1460 3904 Asyli
1479 3840 1510 3884 n.
1532 3838 1582 3901 40.
1603 3817 1723 3884 caulam
1739 3818 1916 3883 multorum

551 3907 745 3969 dilltdiorom
769 3905 912 3967 adscribit
933 3906 1100 3969 indiscreto
1116 3904 1197 3969 Zelo
1218 3904 1464 3974 nonnullorum,
1500 3905 1635 3984 quinon
1657 3900 1808 3983 perpenso
1826 3922 1917 3986 aequa

550 3990 641 4054 lance
654 3989 767 4050 favore
786 4010 857 4049 cum
877 3988 1111 4057 lmmunitatis,
1131 4006 1197 4050 tum
1218 3988 1387 4069 disciplinae
1406 3987 1607 4057 Christianae,
1630 4007 1666 4045 ac
1681 3984 1814 4065 publicae
1828 3988 1928 4066 qtrle-·

509 4129 512 4135 .
552 4076 611 4137 tis.
633 4072 870 4133 lmmunitatem
884 4073 920 4132 ad
941 4071 1026 4134 casus
1048 4093 1112 4133 nnn
1128 4071 1373 4150 comprehensos
1388 4073 1562 4132 extendere
1576 4081 1750 4141 conantur,
1778 4067 1918 4130 bonum·

553 4175 615 4237 que
631 4157 790 4230 privatum
813 4154 982 4218 facittoroli
998 4155 1136 4218 bominis
1153 4158 1278 4232 publico
1294 4158 1458 4232 utriusque
1478 4151 1668 4233 Reipublicae
1685 4150 1773 4213 bono
1792 4149 1920 4215 subinde

551 4252 766 4320 praeponunt:
802 4237 867 4298 imo
888 4258 954 4297 rino
982 4259 1070 4308 raro,
1100 4257 1171 4298 rum
1199 4239 1374 4318 opprobrio
1397 4236 1521 4297 babitus
1545 4233 1729 4310 Regularis,
1759 4236 1921 4297 cucullant

553 4320 740 4384 sceleratos.
762 4331 816 4380 atat
828 4320 858 4379 su
884 4320 1031 4400 erinjebia
1048 4321 1192 4383 muliebri
1214 4318 1299 4380 veste
1316 4322 1347 4382 in
1362 4321 1495 4382 alterum
1514 4315 1597 4400 quali
1612 4313 1742 4393 sexum,
1777 4336 1843 4380 non
1856 4315 1920 4382 line

555 4406 648 4484 gravi
665 4401 851 4485 praejudicio
863 4337 947 4467 laesssae
962 4408 1058 4488 partis
1067 4446 1076 4479 ,
1096 4402 1335 4468 transforment.

491 4540 528 4615 n)
556 4537 587 4601 C.
614 4558 662 4604 12.
687 4538 769 4624 Dafl.
791 4555 842 4620 54.

491 4661 515 4737 s)
541 4655 608 4720 Lib.
637 4659 681 4719 ll.
708 4654 838 4721 Recrold.
861 4675 883 4721 c.
906 4672 937 4737 5.

491 4801 511 4881 t)
535 4795 712 4880 Leon
734 4786 1337 4880 Ybrod.delrisquiadErdes.tonfug.
