5017 5592
802 665 873 747 titt
893 666 1194 762 novocatis
1219 663 1625 748 uccttstas’rtcta.
1708 753 1713 770 ,
1878 687 1955 770 art

494 847 707 930 :eleliallicia
732 849 987 948 quibuscunque
1012 877 1072 950 per
1087 850 1117 922 se
1140 850 1228 942 ipsos
1242 854 1368 944 agitare
1389 850 1519 924 licebat.
1566 859 1643 924 Nan
1670 853 1858 934 triininclcs,
1879 873 1953 948 quae

495 961 645 1048 inguinis
664 953 800 1022 humaui
816 947 1010 1031 cssulionea,
1032 975 1093 1044 per
1115 975 1268 1028 cruentas
1296 949 1553 1040 flagellationes,
1582 947 1813 1021 membrorum
1837 975 1955 1044 ampu·

494 1057 620 1124 aiones
637 1074 737 1146 atque
758 1073 892 1119 reorum
907 1046 1084 1118 occisiones
1101 1044 1185 1140 l'aepe
1201 1045 1320 1142 sepius
1338 1046 1569 1129 involvebant,
1593 1073 1667 1141 quae
1683 1050 1794 1119 omnia
1811 1072 1828 1117 a
1847 1047 1956 1118 Cleri·

494 1175 516 1223 ,s
539 1149 573 1221 dc
597 1144 788 1240 Religiosis‚
815 1143 937 1241 quibus
957 1149 1000 1215 D.
1018 1150 1068 1218 N.
1087 1143 1166 1241 Jesu
1181 1141 1333 1229 Cbrilli,
1360 1146 1447 1240 Agni
1469 1146 1691 1228 immaculati,
1715 1147 1773 1234 qui
1799 1169 1864 1240 pro
1880 1165 1958 1238 pec·

494 1247 646 1322 itoribut
675 1243 903 1323 occidendus,
927 1247 1095 1315 neminem
1119 1266 1200 1314 vero
1232 1267 1352 1315 eorum
1377 1240 1545 1316 occisurus
1567 1248 1601 1315 iti
1625 1268 1724 1316 carne
1752 1243 1896 1315 humana
1918 1244 1957 1314 iti

494 1345 643 1419 cundum
658 1347 771 1415 venire
793 1341 947 1432 dignatus
972 1340 1043 1422 est,
1069 1338 1288 1414 mansuetudo
1310 1341 1470 1413 imitanda
1497 1338 1706 1433 singulariter
1738 1344 1958 1436 proponitur,

493 1467 583 1546 quam
610 1436 792 1532 longissime
808 1439 929 1510 debent
945 1436 1007 1510 else
1024 1438 1129 1509 aliena
1148 1463 1159 1522 ;
1182 1440 1455 1535 quandoquidem
1468 1438 1600 1536 ¹Clarilli
1614 1433 1755 1512 Ecclesia
1773 1437 1865 1510 sacro
1879 1437 1960 1509 hor·

494 1567 559 1616 ure
591 1564 707 1612 minus
730 1538 770 1609 ab
792 1541 883 1608 omui
906 1537 1071 1628 linguinis
1099 1535 1236 1607 liumani
1261 1534 1420 1610 cffustoue
1446 1534 1585 1609 sollicite
1614 1541 1775 1633 anxieque
1802 1531 1960 1609 abllinuit

493 1639 632 1739 emper,
655 1638 886 1709 &etiamnum
902 1633 1051 1707 abstinet.
1101 1634 1204 1729 Qud
1220 1660 1329 1731 nuper
1346 1633 1501 1732 pluribus
1526 1633 1822 1708 demonstravimus
1844 1628 1960 1705 indis·

493 1737 558 1812 'ert.
581 1742 617 1808 dc
632 1740 755 1806 liairm
778 1741 972 1826 Sanguinisc
992 1743 1026 1804 c.
1051 1737 1130 1831 jesa
1154 1735 1282 1818 Ecclefiae
1300 1736 1355 1819 [aa
1378 1733 1520 1825 instillare
1542 1732 1656 1818 edita,
1687 1735 1722 1807 dc
1746 1753 1960 1830 propugnata

493 1839 536 1910 lie
565 1861 618 1905 ιι.
638 1834 766 1904 Martii.
789 1857 818 1903 a.
833 1856 863 1903 c.
882 1834 985 1921 1768.
1037 1838 1112 1902 Non
1127 1835 1252 1912 civiles,
1276 1834 1354 1927 quia
1369 1828 1436 1902 illae
1452 1833 1595 1923 neg'otiia
1609 1829 1836 1914 sacularibus,
1852 1859 1869 1901 a
1885 1829 1961 1926 qui·

492 1959 561 2016 tur,
584 1930 677 2003 sicuti
701 1943 731 2021 q.
752 1956 788 2025 4.
808 1923 955 2010 dislum,
978 1927 1109 2010 clerici,
1136 1928 1169 2000 dt
1194 1930 1348 2000 monachi
1372 1953 1489 2000 manus
1510 1925 1581 2001 suda
1603 1928 1765 2004 abstinere
1788 1928 1959 2026 jubentur,

492 2055 638 2130 uuquam
654 2054 672 2100 a
688 2025 752 2100 suae
767 2029 842 2100 iitae
857 2023 1005 2098 inslituto
1023 2031 1195 2098 vocatione
1212 2025 1245 2097 dt
1261 2020 1326 2098 fine
1345 2023 1474 2098 alienia.
1519 2032 1572 2099 rit.
1603 2043 1625 2109 'it
1651 2037 1705 2100 Ne
1719 2036 1790 2104 clei.
1805 2039 1858 2106 cic.

596 2163 676 2231 Vll.
701 2156 833 2255 Quibus
847 2157 1031 2230 rationibus
1046 2157 1080 2231 dt
1093 2155 1378 2254 prohibitionibus
1393 2153 1535 2255 persuasi
1552 2163 1639 2232 Sami
1655 2166 1881 2258 imperatorer
1894 2171 1962 2252 Rei

492 2281 558 2354 wi
582 2282 620 2330 ¹0
645 2260 835 2353 Principes,
866 2261 926 2352 qui
947 2253 1083 2353 profusa
1106 2255 1307 2328 liberalitate
1327 2254 1485 2328 Ecclefiar
1505 2279 1606 2354 atque
1631 2258 1796 2335 Ascetcria
1819 2268 1961 2360 integris

492 2363 578 2456 pegia
600 2352 805 2452 dtdynasiiii
823 2379 979 2425 examore
995 2360 1071 2437 Dei,
1107 2378 1126 2424 a
1147 2378 1216 2449 quo
1235 2356 1386 2446 regimen
1405 2353 1522 2425 mundi
1544 2353 1804 2433 misericorditer
1825 2388 1962 2464 accepe-

492 2479 584 2538 runt,
608 2453 640 2524 dt
659 2477 723 2550 pro
738 2455 839 2544 salure
850 2458 952 2522 aalma
963 2452 1018 2540 {iic
1033 2451 1102 2536 (uti
1123 2455 1268 2548 antique
1288 2450 1406 2524 littere
1428 2446 1662 2527 fundationum
1684 2455 1797 2554 passim
1821 2463 1964 2559 loquun-

491 2552 560 2648 tur)
581 2552 764 2646 gaudenter
778 2553 944 2634 ditarunt,
971 2546 1145 2624 lludiolea
1172 2552 1215 2620 ud
1238 2545 1451 2621 fundationes
1473 2548 1506 2620 dc
1529 2556 1711 2627 earundem
1735 2557 1964 2633 confirmatio.

491 2663 735 2729 peecaverunt,
759 2671 801 2719 tie
817 2647 945 2718 Praelati
964 2644 1125 2742 assignatis
1143 2574 1298 2729 subdicit,
1331 2643 1387 2720 seu
1408 2650 1543 2738 ingenui
1565 2647 1665 2724 essent
1689 2675 1746 2725 aut
1765 2659 1878 2739 Servi,
1906 2656 1963 2754 jue

491 2745 544 2847 ips
561 2773 623 2846 per
642 2744 855 2828 sediccrent‚
878 2741 935 2818 sed
950 2748 1013 2819 ltoc
1028 2770 1148 2818 munus
1164 2745 1344 2819 advocatis
1359 2770 1376 2816 a
1392 2742 1423 2816 le
1436 2745 1639 2837 deligendis,
1662 2747 1757 2822 bonit
1770 2775 1898 2836 tamen,
1926 2755 1964 2833 de

491 2871 600 2920 tetum
623 2847 739 2942 peritis
767 2842 1021 2916 demandarent:
1047 2848 1199 2942 quamvis
1220 2840 1441 2916 dtaliacausa
1462 2839 1688 2939 religiosissimi
1712 2853 1881 2948 Principes
1903 2852 1965 2927 du·

491 2967 642 3020 terentur
660 2943 814 3015 videlicet
827 2938 982 3032 lingulati
1003 2968 1082 3036 erga
1102 2940 1259 3016 Ecclesiae
1284 2941 1531 3027 benevolentia,
1566 2944 1598 3017 dt
1620 2946 1802 3019 earundem
1820 2952 1964 3117 privile·

490 3045 538 3138 pia
553 3038 767 3114 conservandi
786 3038 911 3111 sludio:
938 3065 1098 3114 noverant
1120 3046 1208 3112 enim
1226 3066 1292 3113 tam
1307 3039 1472 3124 occultas,
1488 3064 1588 3135 quani
1602 3067 1733 3142 aperiat
1748 3045 1818 3144 pub
1832 3053 1965 3123 icorutn

490 3142 636 3236 puteum
655 3138 803 3220 insidias,
829 3163 909 3234 quaa
925 3141 1126 3210 immunitati
1145 3165 1163 3209 a
1185 3136 1262 3211 foro
1280 3142 1450 3210 communi
1473 3138 1642 3223 Eccleliis,
1674 3143 1707 3215 dt
1727 3145 1885 3217 caenobiis
1909 3172 1965 3223 eo·

490 3263 632 3336 rumque
647 3236 784 3309 subditis
802 3233 954 3307 concessae
970 3235 1096 3309 slruete
1113 3240 1281 3308 interdum
1298 3234 1463 3315 solebant,
1490 3261 1526 3309 ut
1547 3241 1650 3329 igitur
1674 3239 1758 3313 salva
1780 3245 1835 3313 illa
1857 3245 1891 3317 dc
1916 3253 1968 3320 ln·

490 3340 630 3412 tolumia
650 3332 829 3432 perlliret,
857 3334 1074 3415 ordinarunt,
1099 3356 1137 3405 ut
1154 3334 1284 3405 Praelati
1304 3332 1368 3405 suis
1383 3330 1521 3405 subditis
1537 3361 1598 3430 per
1612 3337 1804 3411 tonslitutos
1821 3366 1838 3409 a
1855 3342 1965 3416 seAd·

490 3459 624 3508 rocetos
640 3434 694 3528 jus
710 3433 876 3513 dicerent,
900 3457 968 3526 quo
986 3427 1073 3503 sallo
1095 3430 1217 3502 insidiae
1243 3428 1359 3512 elusae,
1395 3435 1653 3527 peregrinorum
1675 3459 1793 3506 matius
1812 3437 1966 3530 judicum

490 3533 664 3613 cohibita,
701 3531 733 3600 dt
758 3529 890 3625 inliiper
913 3527 1120 3602 subditorum
1143 3529 1329 3601 commodis
1353 3528 1508 3623 plurimis
1528 3553 1564 3600 ac
1585 3526 1689 3603 bursa·
1714 3545 1966 3634 quamoptime

490 3629 660 3730 proviliim
676 3623 750 3699 fuit.
798 3632 899 3724 Juvat
914 3624 1002 3699 dilla
1021 3653 1089 3700 uno
1104 3628 1252 3701 alterove
1272 3627 1426 3722 exemplo
1443 3624 1678 3724 comprobare.

606 3766 704 3834 Vlll.
729 3766 768 3832 ln
784 3764 848 3831 viia
865 3765 901 3834 B.
919 3764 1104 3834 Meinverci
1116 3761 1157 3833 acl
1174 3762 1265 3834 diem
1279 3764 1430 3856 quintam
1450 3761 1545 3858 Junii
1560 3761 1677 3833 Suriua
1699 3760 1741 3838 de
1753 3764 1894 3844 Ecclesia
1908 3773 1967 3849 Pa·

489 3859 704 3938 detbornenli
722 3880 852 3940 nutrit,
877 3863 967 3958 quod
985 3860 1199 3955 privilegium
1220 3857 1390 3941 babuerit,

527 4059 552 4096 „
564 4015 613 4080 De
624 4013 693 4095 ejua
709 4012 891 4075 bominibus
913 4018 977 4071 tani
996 4010 1102 4073 libetii
1119 4029 1211 4091 quani
1228 4008 1340 4075 Servio
1357 4032 1374 4072 a
1393 4010 1478 4074 nulla
1493 4009 1656 4094 judiciaria
1672 4016 1802 4095 persona
1815 4018 1969 4090 coustrin-

608 4096 762 4178 „genilis‚
781 4096 836 4157 niti
852 4110 959 4153 coram
975 4093 1166 4168 Advocato,
1189 4112 1282 4175 quem
1302 4095 1365 4178 ipse
1381 4093 1554 4177 Episcopui
1570 4098 1713 4178 elegerit.

488 4239 569 4309 Hoc
589 4228 804 4326 privilegium
823 4230 993 4300 chrirus
1008 4232 1095 4325 lmp.
1111 4227 1236 4303 Sanllae
1254 4233 1286 4305 dc
1302 4228 1453 4326 gloriosae
1470 4235 1641 4306 memorie
1656 4231 1884 4324 confirmavit,
1899 4244 1969 4316 Coe.

488 4331 587 4410 satec
605 4329 635 4399 dt
655 4328 769 4421 Regali
785 4335 989 4398 authoritate
1006 4329 1205 4411 decerncna;

526 4483 612 4570 „Ut
626 4482 711 4545 nulla
725 4480 852 4554 periitne
868 4481 969 4564 aliqua
989 4481 1148 4562 iudiciaria
1165 4483 1321 4563 potestate
1336 4485 1369 4549 itt
1382 4482 1500 4548 eisdem
1512 4483 1649 4567 ptaediia.
1668 4483 1809 4569 ptaesatte
1821 4485 1970 4557 Ecclellae

608 4565 760 4662 „doniis
778 4565 806 4628 se
819 4567 1061 4635 intromitteret.
1084 4565 1341 4635 nisiAdvocitui
1349 4611 1360 4649 ,
1379 4585 1474 4650 querit
1486 4568 1550 4652 ipse
1562 4567 1755 4658 Episcopus,
1777 4575 1972 4644 veltuorum

609 4647 767 4731 „quilibet
782 4643 990 4715 successurum
1007 4645 1159 4758 elegisset.

1901 4773 1975 4850 Cla·
