5017 5592
615 644 683 724 ne
701 609 829 742 Jona'
848 643 1113 724 caesareo
1139 595 1746 734 rnrnnntanuttrancutr.
1820 607 1824 616 ¹
1854 690 1923 763 ur

557 824 615 890 suo
641 825 739 908 genio
759 822 893 901 vidiuri,
916 828 990 908 quin
1016 826 1152 909 aliquam
1165 828 1212 891 illi
1227 823 1398 902 Ecclestae,
1419 831 1471 895 cui
1496 831 1729 907 adscribuntur,
1750 838 1924 911 utilitatem

556 907 678 971 adferre
692 906 745 970 vel
759 906 878 987 velint.
903 909 956 971 vel
979 908 1104 991 possint.
1144 908 1219 975 Non
1237 929 1309 973 raro
1332 913 1426 974 etiarn
1446 915 1626 998 contingit,
1645 927 1682 981 nt
1695 915 1804 1002 pterea
1822 923 1922 1006 impe.
2003 921 2006 926 '

555 1000 677 1052 trantes
704 990 945 1052 mercimonium
969 994 1127 1071 quoddam
1155 1011 1226 1055 cunr
1251 992 1291 1055 iia
1315 1005 1434 1072 agant,
1464 995 1598 1061 libenter
1618 1019 1673 1063 eaa
1706 1002 1921 1085 relinquentea

555 1071 644 1141 ellit,
665 1070 687 1133 fi
706 1071 803 1133 nodo
817 1072 890 1135 inde
908 1072 1052 1153 quedam
1063 1075 1096 1138 in
1107 1094 1166 1140 eoa
1180 1072 1356 1139 redundent
1373 1077 1561 1157 cunraroda,
1582 1078 1642 1146 alia
1656 1090 1825 1151 uttaceam
1837 1106 1919 1152 con·

555 1161 605 1219 tra
620 1151 676 1219 SS.
691 1151 837 1217 Canonea
846 1158 1023 1223 attentata.

1114 1293 1144 1383 i.
1193 1287 1249 1367 11.
1315 1356 1318 1360 ,

553 1429 641 1497 Cum
664 1426 767 1518 igitur
786 1419 924 1521 precilla
947 1422 988 1495 ad
1009 1423 1094 1505 hnc,
1120 1445 1158 1495 ut
1183 1421 1382 1499 beneficium
1407 1428 1527 1524 primia
1550 1425 1706 1527 precibus
1733 1430 1920 1528 subjeiiuan

430 1518 676 1620 consequatur,
700 1523 827 1594 debitas
850 1521 1025 1617 qualitates
1042 1522 1147 1615 ajure
1174 1526 1344 1595 Canonicn
1395 1524 1580 1623 rescriptor
1604 1528 1722 1602 debeat
1743 1530 1906 1628 possidere
1984 1559 1987 1564 ·

430 1620 576 1693 ulterius
592 1617 800 1701 inferre'ell,
828 1624 857 1690 l.
872 1642 909 1690 ur
924 1645 990 1690 non
1007 1621 1108 1690 laicus
1123 1616 1176 1690 sed
1199 1622 1340 1692 clericor
1357 1547 1411 1701 lii,
1435 1626 1544 1717 prima
1570 1623 1683 1702 saltent
1703 1628 1839 1702 tonsura
1855 1585 1919 1705 ini:

431 1721 534 1791 riatur
549 1716 590 1815 a)
617 1741 771 1812 ternpore
794 1719 1048 1811 acceptationis,
1069 1715 1102 1787 dt
1120 1717 1305 1788 collationis
1319 1715 1357 1813 i)
1372 1742 1414 1791 eo
1429 1722 1521 1815 quod
1546 1724 1578 1791 in
1601 1721 1849 1798 beneficialibus
1867 1752 1919 1803 at.

430 1814 590 1886 tendatur
606 1839 739 1912 ternpus
755 1810 914 1909 presens,
937 1811 1001 1884 stre
1017 1837 1150 1905 tempus
1165 1813 1353 1886 collationis
1369 1819 1415 1886 ll.
1439 1840 1477 1888 ur
1488 1841 1555 1890 non
1571 1816 1608 1890 stt
1626 1844 1758 1895 notatur
1780 1824 1915 1918 illegiti-

429 1914 497 1983 mia
512 1913 696 1990 natalibus.
711 1913 761 1983 uel
785 1912 894 2005 aliqua
909 1907 973 1982 live
986 1935 1024 1980 ca
1049 1908 1190 1991 deliilo,
1214 1908 1279 2002 five
1302 1935 1342 1982 er
1360 1907 1495 1985 deletio
1542 1919 1735 1992 inveniente
1751 1907 1913 2013 irregula-

428 2012 550 2091 ritate,
578 2011 709 2105 &juria
733 2010 920 2078 communia
942 2005 1111 2079 obstaculo
1138 2008 1320 2103 impeditur
1337 2011 1369 2100 t)
1395 2007 1453 2081 nist
1471 1939 1647 2108 deiupera
1670 2013 1745 2090 sede
1770 2019 1913 2113 Apollo«.

428 2107 494 2178 lica
516 2103 715 2202 dispensatio
739 2105 776 2174 fir
801 2101 945 2175 concessa
964 2105 1002 2193 d)
1028 2109 1090 2175 lll.
1113 2128 1151 2175 ut
1166 2104 1284 2176 lrabeat
1308 2129 1457 2190 aeratetn,
1481 2108 1655 2192 ordinem,
1676 2112 1709 2184 dr
1733 2115 1909 2208 qualitates

428 2201 529 2284 aliar,
579 2228 629 2276 ue
651 2204 691 2274 ad
715 2198 866 2273 beneficii
890 2197 1145 2284 assecutionem,
1172 2202 1276 2273 velex
1299 2202 1384 2294 juria
1413 2208 1600 2277 communis
1621 2205 1832 2305 dispositione
1855 2217 1910 2288 tel

428 2325 468 2375 cx
489 2228 688 2374 fundatione
711 2303 942 2397 requiruntur.
994 2298 1211 2394 Exploratum
1229 2301 1318 2369 eninr
1333 2297 1397 2382 eli,
1423 2324 1539 2397 precer
1560 2306 1609 2374 ltn
1638 2306 1756 2377 erialea
1776 2310 1823 2378 illi
1838 2308 1908 2403 jori

425 2388 462 2471 dt
483 2392 736 2472 fundationibus
753 2397 916 2485 derogare
931 2420 997 2465 non
1013 2390 1120 2491 posse,
1145 2391 1386 2492 consequenter
1400 2399 1522 2470 clerico
1544 2328 1742 2489 eiudc'enrndi
1762 2406 1905 2502 qualita-

425 2494 518 2665 tibfpa
544 2492 702 2569 destituto
730 2491 947 2576 beneficium,
970 2490 1085 2565 saltem
1107 2490 1174 2566 fine
1190 2495 1319 2591 pretia
1349 2489 1589 2590 dispensatione
1605 2495 1790 2582 ,consenc
1815 2497 1906 2580 soret

422 2617 470 2667 ne
506 2615 533 2664 a.
597 2633 600 2642 .
1114 2626 1124 2637 ·

460 2744 500 2823 ar)
511 2741 597 2826 ,Cap
613 2758 645 2828 7.
663 2742 705 2808 de
722 2740 896 2825 rescriptio,
920 2738 956 2805 dr
971 2760 1039 2827 cap.
1053 2757 1083 2806 n.
1099 2740 1140 2807 de
1152 2733 1255 2805 lastit.

462 2862 499 2942 b)
524 2860 599 2946 Cap.
611 2881 642 2944 5.
661 2862 701 2925 de
718 2862 855 2945 rescript.
872 2862 905 2923 in
919 2860 950 2925 ό.
967 2859 1084 2945 decep.
1099 2879 1130 2942 9.
1146 2858 1220 2923 aod.
1236 2866 1262 2922 t.
1275 2852 1308 2920 in
1323 2849 1356 2921 6.

459 2982 493 3063 e)
516 2979 565 3045 lt·
583 2978 687 3064 paffinr
704 2981 826 3044 indulta
845 2976 1030 3062 Apostolica
1049 2976 1250 3060 praescribunt
1273 2974 1338 3038 vid.
1365 2970 1504 3038 Chokier
1522 2974 1611 3041 trust
1627 2973 1738 3060 sepina
1753 2977 1807 3044 att
1826 2981 1855 3061 §.
1866 2998 1900 3060 4.

536 3061 579 3127 V.
602 3072 659 3125 out
681 3062 718 3126 de
735 3064 881 3145 legitimo.
926 3060 1059 3123 Hermen
1074 3058 1212 3121 fasciculi
1232 3056 1312 3137 juria
1329 3057 1445 3138 publici
1466 3076 1532 3140 cap.
1550 3077 1597 3121 rr.
1620 3078 1650 3122 n.
1668 3077 1719 3140 52.
1763 3061 1899 3127 Necnri.

533 3162 604 3206 runt
622 3142 683 3216 est,
703 3142 771 3208 hren
792 3142 962 3206 necessario
982 3140 1165 3208 desiderari,
1187 3158 1259 3199 curn
1274 3136 1450 3200 santiionee
1465 3139 1700 3214 Conciliorurn,
1719 3141 1898 3207 &decreta

532 3224 724 3289 Pontificum
743 3245 760 3287 a
781 3226 1008 3287 consecutione
1027 3225 1133 3285 omnia
1149 3220 1295 3285 beneficii
1313 3220 1522 3301 irregulares,
1541 3235 1596 3285 aut
1615 3222 1802 3306 illegitimos
1825 3244 1898 3309 gra·

538 3310 635 3387 vibus
651 3327 695 3371 ex
710 3307 809 3370 canlia
830 3307 1012 3369 excludant.

452 3425 492 3508 l)
516 3425 593 3492 Hoc
606 3426 732 3509 quidem
745 3427 778 3490 in
795 3424 925 3488 indultia
941 3421 1132 3503 Apostolicia
1147 3418 1324 3500 excipitur:
1344 3435 1384 3480 an
1398 3426 1502 3481 autern
1517 3416 1664 3482 Ecclesiae
1680 3418 1889 3496 Germanieae,

532 3508 601 3573 slve
616 3508 834 3578 cathedrales,
856 3505 923 3570 live
936 3506 1142 3601 collegiatae,
1166 3502 1329 3600 hominem
1348 3501 1523 3582 illegitimae
1542 3503 1718 3599 natiuitatis
1742 3504 1795 3564 vel
1815 3504 1893 3567 aliae

531 3581 1892 3746 ltillttaet‘llilsslttttstltfl‘ttttftslzlii‘'tiltltlltlssitt
1966 3610 1973 3618 ’

531 3754 660 3835 illaeque
678 3772 719 3815 ne
737 3754 833 3816 latum
853 3753 978 3832 quidem
994 3767 1132 3831 unguem
1146 3749 1183 3807 ab
1202 3764 1237 3807 ea
1256 3764 1364 3805 norma
1380 3743 1537 3806 discedere
1551 3742 1688 3815 soleant,
1712 3758 1805 3826 atque
1819 3746 1890 3811 lraec
2009 3806 2011 3810 .

531 3838 615 3898 ratio
636 3836 748 3916 agendi
766 3835 893 3897 fundata
916 3833 1042 3896 videtur
1061 3826 1122 3894 esse
1135 3830 1165 3891 in
1185 3828 1257 3908 lege
1273 3824 1464 3896 honestatis,
1487 3826 1520 3887 dt
1539 3828 1615 3890 boni
1639 3826 1777 3908 publici3
1800 3829 1890 3892 inde·

530 3936 643 3982 corum
664 3918 780 4059 qnippe
800 3913 884 3978 soret
900 3914 1058 3995 ejusmodi
1081 3910 1227 3973 homines
1242 3921 1306 3971 tarn
1323 3907 1492 3989 insignibus
1512 3906 1658 3973 Ecclesria
1672 3906 1815 3978 adscribi,
1839 3921 1888 3975 at·

526 4018 589 4082 que
604 4000 635 4061 in
649 4016 712 4061 con
726 3998 844 4062 ortium
861 3993 1026 4059 illustrium
1048 3993 1266 4078 personarum,
1289 4003 1344 4054 aut
1365 3991 1471 4053 saltem
1492 3990 1622 4055 honesta
1640 3990 1797 4074 parentela
1815 3994 1888 4074 glo·

526 4083 675 4144 riantinan
697 4079 841 4143 admitti:
864 4078 1033 4162 praesertim
1055 4097 1127 4142 curn
1146 4072 1229 4138 hisce
1250 4075 1446 4156 temporibus
1472 4073 1679 4156 perfaciliasst
1697 4074 1749 4137 via
1765 4072 1887 4159 dispen·
1979 4104 1982 4109 ·

528 4163 660 4227 sationia
679 4162 894 4246 impetranda.

1093 4272 1123 4365 ς.
1172 4271 1249 4348 lll.

526 4411 707 4490 Occasione
721 4413 833 4487 ultimi
848 4435 924 4483 ntor
940 4403 1029 4481 allati
1042 4399 1188 4503 requisiti
1203 4396 1340 4502 questio
1363 4402 1516 4480 oboritur
1536 4404 1623 4477 inter
1642 4400 1720 4478 DD.
1747 4426 1884 4478 contrua

407 4515 519 4592 versa:
547 4538 663 4585 utrum
689 4514 844 4585 videlicet
862 4505 1027 4605 precrssa,
1052 4503 1234 4599 srqnaliras
1249 4503 1358 4597 aliqua
1380 4503 1419 4574 ad
1444 4503 1660 4576 obtinendum
1684 4499 1882 4576 beneficium

405 4613 579 4714 quoddam
595 4638 662 4690 non
675 4636 713 4689 ex
726 4612 801 4705 lege
813 4599 1019 4682 fundationis
1027 4653 1038 4692 ,
1064 4603 1114 4680 rel
1128 4598 1222 4770 jurip3
1236 4607 1422 4797 popmunis
1435 4599 1666 4703 dispositione,
1687 4596 1743 4675 sed
1757 4624 1796 4675 er
1805 4598 1881 4769 csp:u
1969 4681 1972 4687 Α
