5017 5592
828 673 898 754 nu
915 631 1633 762 invocnrts'ttcctustnsrrcts.
1741 641 1750 650 ”
1893 627 1962 785 ξι,

497 845 552 958 i⁰⁸
572 875 770 954 patronatus
790 855 873 928 dicit
892 858 1102 955 complexum
1116 859 1244 956 jurium
1261 859 1383 933 intuitu
1405 855 1609 934 fundationis
1626 861 1660 931 in
1681 852 1857 932 Ecclesrtm
1873 875 1973 934 cont·'

500 958 704 1054 petentium,
728 979 827 1052 atque
849 955 1065 1029 Advocatiam
1089 955 1363 1042 Ecclesiasticam,
1389 961 1498 1054 quoad
1518 984 1558 1030 ex
1585 953 1780 1030 fundatione
1803 958 1978 1032 Ecclestae'

503 1047 634 1125 nascitur
649 1050 707 1123 sub
721 1053 795 1148 jure
809 1077 1004 1150 patronatus
1027 1056 1292 1152 comprehendi:
1319 1057 1360 1127 ad
1383 1057 1466 1129 hanc
1484 1081 1555 1129 rem
1577 1059 1687 1154 inquit
1713 1057 1835 1127 Nobilis
1857 1061 1964 1128 Dami-

504 1152 549 1222 iat
566 1155 602 1222 le
630 1155 736 1246 lippia
751 1155 784 1220 in
810 1153 962 1249 Diplom.
979 1154 1067 1251 apud
1097 1159 1365 1228 Senectutem
1389 1155 1411 1225 l.
1431 1179 1460 1226 c.
1481 1181 1514 1252 p.
1536 1181 1616 1227 202.
1641 1153 1803 1226 relatum:
1826 1154 1964 1241 asela·

505 1254 561 1320 uti
576 1253 629 1342 jas
649 1271 828 1342 perveneras
852 1254 997 1336 Ecclefiae
1017 1278 1049 1323 nt
1071 1256 1174 1324 Ladlre
1198 1256 1367 1324 Monacbr's
1390 1251 1626 1336 Lucacnfibua,
1649 1257 1818 1342 nullamque
1831 1252 1889 1341 fila
1907 1269 1964 1323 atra

507 1347 665 1418 haeredibus
679 1351 892 1430 advocantem,
911 1354 1052 1442 gardim
1078 1356 1134 1420 vel
1154 1351 1317 1441 custodiam
1337 1354 1386 1432 {erc
1405 1356 1454 1439 iat
1476 1353 1655 1445 praceffitnis
1672 1371 1729 1420 aar
1751 1353 1798 1432 ivs
1819 1351 1966 1438 frequen·

505 1443 616 1513 'ructante
637 1444 688 1516 vel
714 1445 800 1515 aliud
816 1448 868 1539 jus
887 1472 1100 1543 quocumque
1118 1445 1289 1520 censeatur
1310 1451 1445 1517 nomine
1460 1451 1492 1517 in
1517 1451 1633 1520 cadent
1656 1447 1773 1529 ciclada
1796 1445 1963 1534 rescivart'.

507 1541 539 1610 In
555 1542 668 1634 Anglia
684 1543 878 1636 praesertim
892 1569 1012 1616 nomen
1028 1553 1164 1642 patroni
1180 1570 1212 1617 et
1228 1545 1389 1617 Advocati
1406 1545 1594 1640 promiscue
1615 1543 1802 1638 sumptum,
1824 1541 1913 1616 unde
1926 1562 1963 1615 ut

507 1633 560 1730 jum
582 1644 706 1711 notavit
736 1645 931 1736 JANUSe
958 1648 1107 1715 Coe‘tn
1132 1651 1163 1713 t'n
1194 1654 1360 1714 Conlucent.
1385 1647 1426 1712 ad
1455 1654 1575 1714 Detrer.
1610 1649 1703 1712 denuo
1736 1647 1849 1711 relatus
1869 1645 1890 1712 l.
1909 1645 1962 1714 cil.

506 1756 604 1806 omnes
622 1741 692 1807 lere
708 1741 899 1810 Decretales
916 1741 1001 1811 tituli
1020 1741 1062 1812 de
1084 1740 1159 1835 jure
1185 1764 1381 1836 patronatus
1400 1739 1440 1810 ad
1465 1741 1620 1832 Angliam
1647 1743 1816 1837 pertinere
1831 1760 1864 1809 et
1885 1737 1963 1810 ideo

507 1833 712 1926 promiscuam
730 1841 761 1904 in
780 1837 843 1906 iilis
859 1835 920 1910 else
941 1838 1103 1909 Advocati
1129 1863 1161 1909 ct
1192 1841 1324 1933 patroni
1347 1838 1615 1933 appellationem.
1671 1837 1763 1935 Qtid
1790 1836 1964 1908 nihilomi-

506 1941 556 2000 uui
572 1927 769 2003 discriminis
785 1939 870 2004 inter
891 1960 1070 2030 utrumqne
1084 1935 1206 2030 julium
1230 1961 1422 2029 patronatus
1447 1961 1517 2007 turn
1544 1935 1747 2007 Adi-oratioe
1768 1933 1806 2004 fit
1823 1931 1963 2004 statuen-

506 2023 588 2111 dum,
611 2028 686 2102 l'atis
706 2031 771 2100 'am
791 2039 953 2112 reiectat,
977 2035 1016 2103 ab
1042 2032 1207 2113 Auc'lore,
1231 2037 1281 2102 cui
1306 2033 1405 2112 adde,
1428 2034 1517 2126 quod
1546 2034 1747 2103 Advocatiae
1773 2037 1910 2126 propria
1925 2027 1963 2101 fit

502 2125 633 2216 poteslas
651 2055 783 2224 puilica
801 2128 884 2201 bona
901 2157 932 2201 ct
953 2131 1025 2224 jura
1045 2129 1201 2200 Eccledac
1219 2127 1293 2200 suae
1315 2127 1534 2211 defendendi,
1557 2154 1657 2225 atque
1681 2133 1725 2201 ita
1739 2132 1772 2198 vi
1796 2123 1962 2198 fundatio·

499 2227 545 2294 nia
575 2249 766 2322 competere
798 2254 862 2296 non
891 2227 991 2298 silent
1017 2226 1073 2298 nist
1097 2224 1354 2307 fundatoribus,
1382 2233 1413 2295 in
1441 2253 1585 2320 qnorum
1613 2251 1706 2298 antea
1727 2223 1962 2319 jurisdiciione

497 2310 576 2394 bona
594 2323 758 2418 ejusmodi
775 2322 829 2394 fita
855 2323 1008 2404 suerunt,
1040 2322 1274 2394 fundatoribus
1297 2329 1408 2416 itaque
1438 2331 1594 2420 privant,
1618 2321 1855 2396 beneficiorum
1881 2325 1962 2394 item

491 2423 660 2492 minorant
682 2444 807 2491 tanturn
831 2423 1037 2495 erellnrbtn
1053 2449 1118 2492 nnn
1136 2419 1313 2494 accrescat:
1344 2419 1431 2493 htsce
1447 2419 1582 2492 vieillim
1598 2422 1650 2516 jus
1679 2417 1907 2516 praesentandi
1923 2443 1962 2490 ex

491 2509 685 2589 fundatione
698 2519 889 2614 acquisitum
905 2518 1025 2603 fuerin,
1054 2521 1228 2591 Advocatis
1248 2544 1303 2590 aur
1325 2527 1472 2615 patronis
1494 2517 1725 2590 fundatoribus
1744 2514 1963 2588 Ecclestatum

491 2617 656 2713 majorum
673 2611 779 2687 ferme
804 2615 907 2690 solun-t
927 2622 976 2702 ius
999 2616 1222 2691 consentiendi
1243 2620 1413 2712 reliquum
1433 2615 1606 2698 meulent,
1630 2620 1758 2712 quippe
1781 2619 1815 2690 itt
1839 2612 1962 2710 quibua

491 2731 546 2788 eut
563 2717 667 2785 ltlrera
685 2710 803 2792 elesiio
820 2742 874 2788 aut
894 2718 975 2786 aluta
993 2717 1110 2785 modus
1136 2715 1334 2812 procidendi
1349 2715 1426 2809 jure
1439 2719 1609 2792 communi
1630 2715 1869 2790 determinans
1883 2705 1963 2794 fuit,

491 2818 537 2888 'cti
554 2812 670 2888 videre
688 2809 751 2895 est,
778 2823 811 2885 C.
829 2843 846 2886 ι
852 2842 887 2898 5.
903 2821 938 2886 cle
956 2812 1043 2911 Jure
1057 2821 1219 2887 Parrtnat.
1234 2834 1268 2884 et
1281 2811 1374 2890 altbi·

606 3011 663 3084 Al
678 3015 749 3101 cap.
770 3015 827 3082 Vl.
846 3015 877 3097 §-
898 3016 1033 3085 XXlll.
1050 3010 1129 3104 seqq.
1179 3013 1210 3081 A
1228 3006 1464 3080 Subadvocatia
1480 3001 1686 3083 discernendi
1709 2999 1782 3076 sunt
1797 2998 1963 3076 Advocati

491 3105 647 3213 peciolas
670 3104 725 3177 seu
752 3109 987 3201 particulares,
1029 3133 1086 3178 aut
1109 3132 1223 3181 rerum
1246 3104 1438 3200 specialium
1462 3104 1504 3177 ad
1523 3099 1680 3177 Ecclesiae
1701 3101 1962 3199 pertinentium:

492 3231 619 3286 :ertntn
636 3209 723 3275 enirn
737 3203 800 3285 eli,
828 3211 916 3301 quod
939 3231 1072 3302 praeter
1089 3206 1295 3276 Advocatum
1315 3203 1503 3298 generalem
1525 3202 1664 3296 alicujus
1686 3196 1845 3273 Ecclestae
1867 3197 1963 3271 subin

492 3311 606 3382 tlures
627 3304 786 3373 Advocatt
806 3301 962 3398 speciales
978 3307 1146 3373 extiterint
1167 3303 1377 3399 quorundam
1401 3301 1567 3372 bonorum
1587 3300 1629 3368 ad
1650 3297 1787 3369 eandem
1811 3293 1964 3391 spedicu-¹

496 3413 593 3485 ium,
621 3400 701 3469 dum
718 3403 876 3472 nimirum
892 3428 924 3475 v.
941 3425 973 3492 g.
994 3400 1170 3471 collatores
1197 3402 1319 3470 ltorum
1342 3397 1508 3469 bonorum
1529 3394 1586 3466 fibi
1611 3394 1794 3466 eorundem
1815 3393 1959 3463 Advoca·

492 3512 570 3577 iam
584 3520 619 3568 et
635 3495 876 3594 proteliionenr
893 3499 1120 3582 rcl'ervarunt;
1153 3496 1235 3570 adeo
1257 3519 1293 3568 ut
1315 3518 1349 3568 et
1371 3498 1405 3565 in
1428 3494 1551 3566 chattis
1573 3488 1706 3562 vetullia
1727 3487 1865 3561 subinde
1880 3512 1963 3583 quo·

492 3599 633 3676 fundam
649 3592 837 3666 mansorum
853 3598 1014 3669 Advocati
1036 3619 1229 3678 occurrant,
1262 3596 1311 3665 uti
1331 3593 1419 3690 apud
1433 3597 1593 3662 Kar-‘cn
1605 3607 1656 3658 ete
1679 3593 1710 3658 in
1729 3592 1840 3676 Antip.
1857 3591 1964 3680 Qed.

494 3704 606 3790 inlup.
623 3719 704 3774 255·
723 3720 803 3775 257.
825 3711 904 3768 261.
925 3723 1007 3778 ²95·
1025 3700 1084 3770 &a
1136 3697 1437 3764 ScunNNn'rin
1456 3689 1567 3779 Hister.
1583 3685 1721 3767 fuldend
1740 3691 1777 3756 Ρ.
1798 3691 1846 3754 ll.
1871 3698 1897 3752 (ἰ
1929 3709 1963 3762 a.

492 3809 519 3890 ξ.
550 3824 579 3867 ι.
604 3787 755 3862 observat
771 3818 903 3886 praeter
918 3819 1020 3864 unum
1042 3787 1199 3863 Ecclesiae
1214 3784 1384 3862 Fuldcnsrs
1400 3783 1619 3883 principalem
1636 3781 1842 3855 Advocatum
1852 3780 1964 3851 Comi·

492 3919 558 3971 :cm
574 3891 615 3960 de
632 3890 834 3980 Ziegenhain
848 3893 914 3986 jam
930 3895 999 3961 Sec.
1015 3894 1073 3962 tx.
1094 3889 1292 3961 nominarim
1308 3882 1470 3956 recenseri
1486 3885 1615 3954 XVlll.
1631 3879 1846 3977 particulares
1861 3876 1965 3952 bono·

492 4017 566 4068 rum
587 3991 773 4062 advocatos.
820 3992 858 4058 ln
876 3990 1026 4081 Diplom.
1046 3991 1130 4057 Frid.
1147 3993 1177 4059 Ι.
1196 3989 1232 4055 de
1247 4009 1324 4054 antra
1347 3999 1448 4060 trra.
1465 4005 1527 4076 pro
1542 3979 1681 4051 Ecclesia
1696 3982 1747 4049 Sa.
1764 3979 1907 4047 Simonis
1929 3998 1963 4050 et

492 4093 600 4188 iudae
616 4080 819 4161 Goslaricnfi
840 4086 926 4182 apud
943 4091 998 4183 ja.
1014 4089 1120 4156 Altclr.
1140 4087 1367 4154 Heratucm
1384 4083 1415 4150 in
1431 4084 1542 4171 Antiq.
1570 4081 1692 4148 Gtslar.
1710 4081 1758 4144 L:
1776 4100 1806 4142 ι.
1827 4097 1854 4162 p.
1884 4091 1962 4154 ras.

493 4186 704 4264 recensentur
721 4186 834 4280 plures
858 4184 1006 4254 advocati
1032 4180 1283 4273 particularium
1307 4177 1540 4273 praediorum,
1572 4193 1716 4268 quorum
1736 4167 1875 4240 excessus
1898 4174 1963 4241 ltn-

493 4309 629 4364 >eratot
648 4306 797 4364 coercet3
839 4284 965 4352 mentio
987 4284 1066 4348 irent
1089 4276 1237 4369 injicitur
1258 4277 1423 4346 bonorum
1450 4273 1697 4344 Advocatorum
1719 4285 1821 4338 onere
1843 4266 1963 4339 libero·

493 4376 578 4458 ium.
630 4381 892 4451 Sub-Advocati
915 4379 1093 4472 praecipue
1121 4397 1237 4467 graves
1258 4369 1409 4444 Ecclesia
1431 4367 1622 4448 evaserunt3
1650 4364 1727 4438 inde
1747 4367 1854 4436 variae
1875 4368 1965 4437 circa

497 4486 566 4555 llos
588 4478 768 4549 abolendos
784 4475 1032 4547 constitutiones
1050 4474 1177 4555 editae,
1202 4474 1282 4541 uria
1303 4473 1454 4540 Frtderict
1474 4474 1501 4537 l.
1518 4464 1746 4558 prohibitum,
1772 4467 1889 4558 nequis
1904 4460 1964 4533 sub

493 4605 599 4655 roena
617 4575 816 4646 amittendae
838 4575 1036 4646 Advocatiac
1055 4568 1318 4640 Strbadrocatum
1340 4568 1489 4634 nominet
1512 4563 1598 4658 apud
1624 4566 1861 4633 llurttttunt
1884 4569 1962 4630 Me·

493 4671 568 4784 inp.
592 4676 758 4765 Salislurg.
788 4678 825 4746 7.
848 4701 881 4749 2.
894 4698 922 4772 p.
942 4698 978 4761 4·
1001 4670 1083 4746 item
1106 4673 1358 4746 KUSTBRUM
1382 4663 1416 4733 in
1437 4665 1556 4738 collect.
1574 4664 1711 4745 Marad.
1739 4664 1827 4740 Part.
1862 4681 1913 4733 17»
1934 4677 1963 4744 γ.

611 4769 739 4857 chrus
761 4766 808 4850 V.
1285 4764 1321 4836 T
1337 4781 1384 4843 tt
1886 4775 1965 4846 154.
