5017 5592
503 611 577 694 624
795 587 1131 676 ulssuusaslo
1158 589 1672 684 CANoNtcou’uuLlca
1809 671 1814 682 ,

358 753 362 796 '¹
505 767 631 877 eosque
651 777 760 850 mutui
781 775 1053 873 smuladjut'nrii
1079 777 1195 850 amori
1216 775 1426 858 recenderat,
1456 775 1514 858 hi,
1544 771 1712 873 quidquid
1734 773 1770 847 in
1794 770 1893 848 bouis
1911 770 1970 860 see

504 877 685 954 mobilibus
701 873 764 949 sive
779 863 1007 947 imtitobilibus
1023 874 1190 960 habuere,
1217 876 1457 958 vendiderunt,
1481 897 1667 971 eorumque
1682 875 1797 969 pretia
1814 871 1856 944 ad
1879 871 1970 968 pedes

366 1017 369 1044 .
503 975 763 1084 Apostolorum,
789 998 858 1071 quo
874 972 924 1045 illi
941 974 1035 1053 inde,
1059 997 1162 1070 prout
1177 974 1283 1050 cuiuis
1297 998 1384 1072 opus
1402 995 1489 1057 erat,
1512 971 1671 1046 omuibus
1685 970 1847 1045 &Laicis
1862 970 1895 1044 dr
1908 969 1972 1045 Cle·

493 1078 584 1149 ucis
602 1071 854 1154 distribuerent,
877 1072 1079 1143 detulerunt.

621 1197 819 1276 Communis
851 1202 942 1275 illius
974 1207 1093 1277 cerarii
1135 1228 1250 1277 curam
1278 1201 1409 1301 ipsimet
1435 1207 1586 1303 primum
1614 1203 1771 1305 Apolioli
1800 1197 1971 1298 gesserunt,

504 1299 683 1403 postquam
698 1325 798 1382 uero,
824 1300 922 1373 ausin
937 1304 1043 1375 indies
1061 1304 1093 1375 dr
1110 1300 1260 1375 fidelium
1276 1304 1530 1400 &oblationum
1546 1328 1740 1389 numero,a
1758 1326 1843 1376 cura
1857 1302 1970 1375 anima·

505 1411 583 1475 rum
603 1425 665 1472 ceu
685 1402 859 1472 vocatione
879 1397 935 1472 sua
951 1425 1016 1472 non
1041 1425 1161 1497 parum
1180 1401 1258 1473 inde
1282 1402 1440 1499 impediti
1463 1400 1497 1476 se
1515 1403 1685 1484 videraut,
1721 1423 1833 1473 ruram
1861 1397 1969 1498 peculii

504 1495 709 1573 ecelesiastici
725 1500 956 1571 oeconomiam
973 1501 1070 1570 initio
1083 1502 1184 1571 certis
1199 1498 1398 1596 quibusdam
1414 1497 1591 1596 viduisa),
1616 1498 1753 1573 taudem
1767 1521 1855 1582 vero
1867 1516 1968 1574 aarum

504 1597 581 1673 loco
594 1592 719 1694 septem
733 1598 893 1668 Diaconis
909 1597 950 1668 ad
964 1598 996 1667 id
1012 1619 1133 1669 munus
1152 1594 1322 1695 speciatim
1338 1595 1454 1671 eleslis
1473 1594 1783 1693 commiserones)

425 1775 434 1788 ”
544 1773 583 1850 a)
609 1766 701 1842 Qure
711 1764 909 1831 Dirconissae
923 1765 1124 1842 dicebantur,
1142 1764 1229 1831 cous.
1247 1763 1309 1844 Jos.
1324 1763 1410 1834 stul.
1423 1765 1462 1830 de
1472 1764 1588 1850 Rieger
1602 1765 1701 1835 Institi
1716 1763 1966 1852 Jurupesoest

618 1867 699 1933 part.
718 1867 745 1914 1.
761 1847 849 1914 Sesi.¹
862 1867 890 1913 1.
911 1850 940 1928 §.
958 1866 1027 1914 100.

430 2041 433 2048 p
508 1986 510 1995 ·
546 1965 585 2053 s)
603 1963 770 2031 Thomala.
788 1967 828 2029 de
842 1964 957 2030 ves&
971 1985 1050 2031 nov.
1063 1963 1181 2032 Ecelel'.
1199 1966 1314 2050 discipl.
1328 1975 1408 2050 part.
1427 1985 1458 2046 q.
1476 1965 1529 2032 lib.
1545 1984 1572 2029 1.
1587 1982 1659 2032 Μ.
1679 1961 1969 2036 scurranum
1993 1981 1997 1990 ’

618 2050 654 2115 iu
670 2047 727 2114 suo
741 2045 796 2119 Tr.
811 2050 848 2114 ad
863 2047 919 2125 Jur
936 2048 1057 2118 Canon.
1072 2047 1168 2117 Turn.
1184 2067 1212 2116 1.
1226 2065 1257 2133 p.
1272 2049 1345 2133 368.
1358 2047 1394 2115 de
1405 2032 1501 2118 Tou.
1516 2065 1546 2116 a.
1559 2068 1591 2135 p.
1611 2049 1684 2132 246.

1163 2243 1197 2345 q.
1248 2244 1325 2323 nt.

621 2381 702 2452 Mos
718 2375 777 2452 ilie
798 2402 837 2453 er
859 2380 925 2478 piis
942 2401 1041 2478 atque
1062 2375 1248 2477 spontaneis
1267 2378 1416 2452 fidelium
1443 2375 1668 2452 oblationibus
1683 2381 1719 2452 in
1742 2380 1916 2454 communi
1932 2379 1968 2452 ri·

505 2475 606 2548 vendi
627 2479 684 2551 diu
705 2479 814 2549 adhuc
836 2477 910 2574 poli
931 2476 1109 2574 Apostolos
1129 2504 1146 2547 a
1173 2481 1282 2551 Laicis
1304 2501 1492 2573 tamquam
1515 2477 1654 2549 Clerieis
1678 2473 1746 2549 suit
1770 2502 1930 2554 retentus.
1939 2477 1969 2566 a)

504 2577 640 2647 Etenim
658 2576 751 2648 dirae
764 2576 839 2647 illae
855 2574 1004 2647 fidelium
1028 2574 1273 2674 persecutiones
1294 2572 1432 2648 subinde
1455 2574 1497 2646 rd
1512 2596 1644 2672 tempus
1661 2575 1828 2672 equidem
1851 2571 1968 2650 cessare

503 2695 598 2756 rant,
623 2672 756 2772 hocque
768 2675 977 2747 induciarum
992 2697 1146 2772 tempore
1160 2697 1318 2769 coeperat
1336 2669 1479 2743 Ecclefia
1497 2669 1665 2745 hincinde
1688 2673 1822 2770 templa
1838 2675 1970 2768 erigere.

504 2769 644 2869 praedia
658 2770 715 2844 stbi
730 2773 925 2868 adquirere,
949 2773 1140 2869 horumque
1155 2772 1299 2852 reditus,
1322 2772 1355 2842 in
1370 2792 1531 2867 quantum
1546 2765 1771 2853 sufficiebant,
1785 2774 1822 2842 in
1840 2795 1970 2845 comme·

504 2894 583 2940 nem
599 2867 760 2941 Eccleflae
776 2868 870 2941 usum
884 2892 1033 2953 vertere3
1049 2873 1084 2961 b)
1107 2868 1281 2965 postquam
1296 2892 1394 2950 tero,
1416 2863 1668 2939 recrudescente
1684 2865 1821 2963 spiritu·
1834 2867 1968 2966 persece-
2007 2935 2009 2954 ,

506 2968 625 3046 timis,
652 2967 777 3059 templa
791 2972 912 3036 iterum
930 2963 1058 3047 abrasa,
1086 2963 1249 3060 fundique
1266 2966 1299 3036 dr
1316 2967 1387 3059 agri
1402 2968 1509 3061 erepti
1525 2959 1674 3045 fuerant,
1690 2969 1723 3056 c)
1741 2993 1811 3038 nun
1830 2987 1969 3063 poterut

505 3086 573 3131 non
586 3061 732 3133 Ministri
757 3060 916 3133 Ecclesae
938 3062 978 3132 ad
996 3061 1096 3133 solam
1115 3061 1227 3135 rursus
1246 3062 1397 3134 fidelium
1418 3064 1612 3135 charitatem
1641 3058 1851 3156 confugere,
1884 3068 1970 3157 inque

505 3157 670 3230 ultroneis
684 3183 802 3231 eorum
818 3157 1041 3231 oblationibus
1056 3183 1158 3256 opem
1173 3184 1346 3255 quaerere.
1362 3158 1402 3256 d)
1451 3162 1591 3230 Fiebant
1607 3185 1648 3232 eo
1664 3184 1827 3330 tempore
1849 3161 1972 3234 oblatio·

506 3279 566 3327 nes
588 3281 674 3328 nunc
698 3255 738 3326 ad
763 3255 896 3337 altaria,
929 3281 1015 3355 quae
1040 3261 1073 3329 in
1097 3257 1233 3330 aedibus
1257 3260 1394 3355 priuatis
1415 3255 1580 3330 habebant
1613 3256 1742 3330 erllrue.
1759 3284 1798 3342 a,
1833 3284 1919 3331 nunc
1937 3257 1972 3329 td

506 3353 604 3427 aedes
630 3354 805 3451 Episcopi,
840 3355 1077 3453 earumque&
1102 3354 1436 3429 administrandarum
1461 3352 1825 3428 &distribuendarum
1850 3358 1971 3437 eadem,

504 3476 591 3548 quse
607 3449 665 3524 sub
680 3450 849 3550 Apostolis
867 3449 993 3535 suerat,
1010 3457 1095 3524 ratio
1108 3452 1318 3533 serrabatur,
1340 3477 1486 3550 namque
1499 3451 1629 3550 ipsimet
1643 3477 1696 3525 ers
1713 3451 1881 3551 Episcopi
1896 3453 1972 3526 velue

503 3550 647 3642 legitimi
677 3548 916 3647 Apostolorum
941 3550 1144 3625 successores
1178 3549 1474 3631 administrabant,
1515 3574 1643 3647 perque
1676 3546 1753 3624 suos
1793 3556 1975 3640 Diaconos,

504 3671 609 3747 prout
623 3650 727 3720 cuivis
741 3673 828 3745 opus
847 3671 935 3731 erut,
960 3649 1109 3721 Clericus
1126 3657 1213 3721 inter
1230 3651 1261 3721 dt
1279 3651 1396 3719 Laicos
1412 3645 1650 3745 dispensabant.
1669 3645 1706 3744 e)

544 3820 585 3899 o)
606 3817 713 3884 Fratre.
727 3817 811 3884 Flor.
828 3818 849 3880 l.
867 3837 895 3880 c.
912 3815 1009 3883 Tum.
1028 3837 1056 3882 1.
1068 3838 1099 3901 p.
1115 3817 1187 3900 368.
1202 3817 1335 3880 addatur
1345 3816 1380 3881 C.
1397 3834 1427 3882 2.
1444 3814 1767 3899 9.&15.Gaull'.12.
1787 3837 1820 3904 q.
1845 3838 1877 3890 1.

441 4005 448 4018 ,
543 3937 580 4018 b)
601 3932 754 3999 Eusebius
769 3936 801 4000 iu
818 3936 886 3997 vita
904 3933 1100 4000 Constantini
1119 3936 1226 4019 Magni
1241 3937 1296 4004 lib.
1320 3954 1352 4019 4.
1366 3935 1402 4004 C.
1418 3952 1470 4020 23.
1489 3936 1545 4003 lib.
1559 3956 1590 4021 7.
1610 3957 1637 4006 c.
1654 3956 1709 4024 30.
1730 3936 1786 4006 lib.
1803 3950 1838 4018 8.
1855 3962 1885 4011 c.
1904 3935 1979 4010 a&

619 4035 649 4080 2.
668 4019 722 4121 lib.
738 4037 769 4098 p.
787 4038 816 4082 c.
832 4035 881 4081 so.
898 4016 932 4081 dr
949 4018 1004 4087 lib.
1019 4037 1068 4083 10.
1085 4039 1113 4083 c.
1128 4035 1160 4083 a.

543 4139 575 4215 c)
594 4135 683 4201 Idem
702 4135 854 4202 Eusebius
874 4135 939 4202 loc.
959 4139 1014 4204 cit.

544 4253 582 4329 d)
604 4252 772 4319 Thomala.
789 4255 811 4319 1.
833 4277 861 4322 c.
879 4268 957 4343 part.
973 4277 1004 4341 3.
1025 4256 1078 4323 lib.
1096 4276 1124 4323 1.
1144 4278 1171 4323 c.
1192 4276 1224 4340 3.

545 4374 582 4458 a)
599 4371 686 4436 Idem
704 4371 1023 4444 Thessalonicen.
1164 4481 1182 4571 ς
1242 4475 1310 4551 lv

618 4596 670 4668 Ex
684 4610 751 4688 quo
766 4616 848 4668 rera
863 4592 1095 4672 Constantinus
1112 4597 1259 4689 Magnus
1274 4569 1397 4671 nomen
1412 4587 1546 4669 Chrisio
1557 4588 1713 4679 dederat,
1726 4590 1835 4669 aliam
1850 4591 1982 4775 0ng

1905 4714 1934 4767 ct

1706 4845 1743 4904 :g
1756 4859 1778 4904 a
