<?xml version="1.0" encoding="UTF-8"?>
<!DOCTYPE html PUBLIC "-//W3C//DTD XHTML 1.0 Transitional//EN"
    "http://www.w3.org/TR/xhtml1/DTD/xhtml1-transitional.dtd">
<html xmlns="http://www.w3.org/1999/xhtml" xml:lang="en" lang="en">
 <head>
  <title>
</title>
<meta http-equiv="Content-Type" content="text/html;charset=utf-8" />
  <meta name='ocr-system' content='tesseract 3.04.00' />
  <meta name='ocr-capabilities' content='ocr_page ocr_carea ocr_par ocr_line ocrx_word'/>
</head>
<body>
  <div class='ocr_page' id='page_1' title='image "./thesavrvsivrise01schmgoog_0208.png"; bbox 0 0 5017 5592; ppageno 0'>
   <div class='ocr_carea' id='block_1_1' title="bbox 608 592 1912 792">
    <p class='ocr_par' dir='ltr' id='par_1_1' title="bbox 608 592 1912 792">
     <span class='ocr_line' id='line_1_1' title="bbox 608 592 1912 792; baseline 0.003 -52"><span class='ocrx_word' id='word_1_1' title='bbox 608 663 679 741; x_wconf 85' lang='lat' dir='ltr'>tn:</span> <span class='ocrx_word' id='word_1_2' title='bbox 692 645 821 761; x_wconf 78' lang='lat' dir='ltr'>Jnr&#39;tn</span> <span class='ocrx_word' id='word_1_3' title='bbox 844 656 1108 742; x_wconf 77' lang='lat' dir='ltr'>turstano</span> <span class='ocrx_word' id='word_1_4' title='bbox 1130 656 1740 741; x_wconf 79' lang='lat' dir='ltr'>ratuamaauumucuu.</span> <span class='ocrx_word' id='word_1_5' title='bbox 1767 625 1773 746; x_wconf 83' lang='lat' dir='ltr'>J</span> <span class='ocrx_word' id='word_1_6' title='bbox 1797 781 1800 792; x_wconf 23' lang='grc' dir='ltr'>Ι</span> <span class='ocrx_word' id='word_1_7' title='bbox 1844 592 1912 766; x_wconf 28' lang='lat'>19¹5</span> 
     </span>
    </p>
   </div>
   <div class='ocr_carea' id='block_1_2' title="bbox 428 840 1921 1527">
    <p class='ocr_par' dir='ltr' id='par_1_2' title="bbox 428 840 1921 1527">
     <span class='ocr_line' id='line_1_2' title="bbox 431 840 1918 943; baseline 0.002 -24"><span class='ocrx_word' id='word_1_8' title='bbox 431 845 467 919; x_wconf 69' lang='lat' dir='ltr'>a</span> <span class='ocrx_word' id='word_1_9' title='bbox 485 845 599 940; x_wconf 86' lang='lat' dir='ltr'>quieta</span> <span class='ocrx_word' id='word_1_10' title='bbox 617 840 825 938; x_wconf 69' lang='lat' dir='ltr'>posessione,</span> <span class='ocrx_word' id='word_1_11' title='bbox 851 841 981 916; x_wconf 91' lang='lat' dir='ltr'>slallum</span> <span class='ocrx_word' id='word_1_12' title='bbox 996 846 1029 915; x_wconf 89' lang='lat' dir='ltr'>in</span> <span class='ocrx_word' id='word_1_13' title='bbox 1044 845 1151 918; x_wconf 92' lang='lat' dir='ltr'>choro</span> <span class='ocrx_word' id='word_1_14' title='bbox 1167 845 1326 920; x_wconf 79' lang='lat' dir='ltr'>&amp;locum</span> <span class='ocrx_word' id='word_1_15' title='bbox 1343 847 1377 918; x_wconf 93' lang='lat' dir='ltr'>in</span> <span class='ocrx_word' id='word_1_16' title='bbox 1392 845 1540 943; x_wconf 88' lang='lat' dir='ltr'>capitulo</span> <span class='ocrx_word' id='word_1_17' title='bbox 1557 848 1588 920; x_wconf 91' lang='lat' dir='ltr'>ei</span> <span class='ocrx_word' id='word_1_18' title='bbox 1600 843 1814 941; x_wconf 69' lang='lat' dir='ltr'>&#39;assignandm</span> <span class='ocrx_word' id='word_1_19' title='bbox 1839 872 1918 922; x_wconf 89' lang='lat' dir='ltr'>eum</span> 
     </span>
     <span class='ocr_line' id='line_1_3' title="bbox 428 940 1921 1042; baseline 0.004 -28"><span class='ocrx_word' id='word_1_20' title='bbox 428 943 644 1041; x_wconf 79' lang='lat' dir='ltr'>plenitudine</span> <span class='ocrx_word' id='word_1_21' title='bbox 662 942 746 1036; x_wconf 85' lang='lat' dir='ltr'>juris</span> <span class='ocrx_word' id='word_1_22' title='bbox 762 943 954 1040; x_wconf 82' lang='lat' dir='ltr'>canonici&amp;</span> <span class='ocrx_word' id='word_1_23' title='bbox 971 940 1143 1016; x_wconf 73' lang='lat' dir='ltr'>srusluum</span> <span class='ocrx_word' id='word_1_24' title='bbox 1160 948 1394 1042; x_wconf 86' lang='lat' dir='ltr'>perceptione,</span> <span class='ocrx_word' id='word_1_25' title='bbox 1416 944 1566 1042; x_wconf 84' lang='lat' dir='ltr'>qualibet</span> <span class='ocrx_word' id='word_1_26' title='bbox 1578 944 1841 1019; x_wconf 74' lang='lat' dir='ltr'>contradisliouc</span> <span class='ocrx_word' id='word_1_27' title='bbox 1854 944 1921 1021; x_wconf 89' lang='lat' dir='ltr'>ces·</span> 
     </span>
     <span class='ocr_line' id='line_1_4' title="bbox 429 1036 1919 1142; baseline 0.003 -28"><span class='ocrx_word' id='word_1_28' title='bbox 429 1041 554 1124; x_wconf 89' lang='lat' dir='ltr'>sante„</span> <span class='ocrx_word' id='word_1_29' title='bbox 577 1064 617 1109; x_wconf 84' lang='lat' dir='ltr'>ex</span> <span class='ocrx_word' id='word_1_30' title='bbox 631 1036 743 1109; x_wconf 87' lang='lat' dir='ltr'>odiosa</span> <span class='ocrx_word' id='word_1_31' title='bbox 764 1039 974 1113; x_wconf 89' lang='lat' dir='ltr'>indultorum</span> <span class='ocrx_word' id='word_1_32' title='bbox 998 1040 1249 1134; x_wconf 80' lang='lat' dir='ltr'>Pontificiorum</span> <span class='ocrx_word' id='word_1_33' title='bbox 1272 1039 1577 1140; x_wconf 82' lang='lat' dir='ltr'>amplitudineelse</span> <span class='ocrx_word' id='word_1_34' title='bbox 1599 1042 1790 1142; x_wconf 88' lang='lat' dir='ltr'>desumpta,</span> <span class='ocrx_word' id='word_1_35' title='bbox 1813 1043 1919 1119; x_wconf 80' lang='lat' dir='ltr'>limile</span> 
     </span>
     <span class='ocr_line' id='line_1_5' title="bbox 430 1135 1919 1239; baseline 0.003 -28"><span class='ocrx_word' id='word_1_36' title='bbox 430 1139 516 1239; x_wconf 88' lang='lat' dir='ltr'>quid</span> <span class='ocrx_word' id='word_1_37' title='bbox 534 1135 774 1233; x_wconf 80' lang='lat' dir='ltr'><strong>diplomatibus</strong></span> <span class='ocrx_word' id='word_1_38' title='bbox 789 1138 962 1234; x_wconf 89' lang='lat' dir='ltr'>Rudolphi</span> <span class='ocrx_word' id='word_1_39' title='bbox 979 1142 1005 1210; x_wconf 92' lang='lat' dir='ltr'>l.</span> <span class='ocrx_word' id='word_1_40' title='bbox 1032 1141 1144 1211; x_wconf 90' lang='lat' dir='ltr'>Caroli</span> <span class='ocrx_word' id='word_1_41' title='bbox 1161 1144 1223 1213; x_wconf 90' lang='lat' dir='ltr'>lV.</span> <span class='ocrx_word' id='word_1_42' title='bbox 1250 1141 1436 1214; x_wconf 87' lang='lat' dir='ltr'>Weneeslai</span> <span class='ocrx_word' id='word_1_43' title='bbox 1455 1140 1487 1212; x_wconf 84' lang='lat' dir='ltr'>dt</span> <span class='ocrx_word' id='word_1_44' title='bbox 1505 1140 1729 1232; x_wconf 86' lang='lat' dir='ltr'>Sigismundi,</span> <span class='ocrx_word' id='word_1_45' title='bbox 1752 1144 1800 1211; x_wconf 89' lang='lat' dir='ltr'>uti</span> <span class='ocrx_word' id='word_1_46' title='bbox 1819 1141 1919 1215; x_wconf 80' lang='lat' dir='ltr'>&amp;de-</span> 
     </span>
     <span class='ocr_line' id='line_1_6' title="bbox 430 1231 1917 1321; baseline 0.001 -12"><span class='ocrx_word' id='word_1_47' title='bbox 430 1263 536 1321; x_wconf 77' lang='lat' dir='ltr'>creto,</span> <span class='ocrx_word' id='word_1_48' title='bbox 551 1231 721 1305; x_wconf 80' lang='lat' dir='ltr'>llafileenli</span> <span class='ocrx_word' id='word_1_49' title='bbox 745 1259 810 1304; x_wconf 92' lang='lat' dir='ltr'>non</span> <span class='ocrx_word' id='word_1_50' title='bbox 832 1232 1065 1308; x_wconf 83' lang='lat' dir='ltr'>referentibus.</span> <span class='ocrx_word' id='word_1_51' title='bbox 1116 1239 1281 1308; x_wconf 81' lang='lat' dir='ltr'>Praeterea</span> <span class='ocrx_word' id='word_1_52' title='bbox 1307 1241 1351 1308; x_wconf 91' lang='lat'>11.</span> <span class='ocrx_word' id='word_1_53' title='bbox 1374 1237 1639 1309; x_wconf 78' lang='lat' dir='ltr'>animadvertere</span> <span class='ocrx_word' id='word_1_54' title='bbox 1664 1235 1728 1318; x_wconf 86' lang='lat' dir='ltr'>ell,</span> <span class='ocrx_word' id='word_1_55' title='bbox 1753 1233 1917 1311; x_wconf 82' lang='lat' dir='ltr'>formulae</span> 
     </span>
     <span class='ocr_line' id='line_1_7' title="bbox 431 1331 1917 1431; baseline 0.004 -26"><span class='ocrx_word' id='word_1_56' title='bbox 431 1334 642 1405; x_wconf 90' lang='lat' dir='ltr'>indultorum</span> <span class='ocrx_word' id='word_1_57' title='bbox 657 1335 691 1401; x_wconf 94' lang='lat' dir='ltr'>in</span> <span class='ocrx_word' id='word_1_58' title='bbox 709 1351 780 1403; x_wconf 88' lang='lat' dir='ltr'>rem</span> <span class='ocrx_word' id='word_1_59' title='bbox 804 1335 916 1404; x_wconf 81' lang='lat' dir='ltr'>Curiae</span> <span class='ocrx_word' id='word_1_60' title='bbox 940 1337 1097 1404; x_wconf 74' lang='lat' dir='ltr'>Romane</span> <span class='ocrx_word' id='word_1_61' title='bbox 1120 1357 1187 1405; x_wconf 93' lang='lat' dir='ltr'>tam</span> <span class='ocrx_word' id='word_1_62' title='bbox 1210 1334 1325 1431; x_wconf 73' lang='lat' dir='ltr'>&#39;ample</span> <span class='ocrx_word' id='word_1_63' title='bbox 1347 1331 1625 1430; x_wconf 84' lang='lat' dir='ltr'>else-conceptas,</span> <span class='ocrx_word' id='word_1_64' title='bbox 1651 1359 1688 1420; x_wconf 87' lang='lat' dir='ltr'>ut</span> <span class='ocrx_word' id='word_1_65' title='bbox 1710 1334 1858 1406; x_wconf 82' lang='lat' dir='ltr'>Ecclefiat</span> <span class='ocrx_word' id='word_1_66' title='bbox 1874 1338 1917 1412; x_wconf 87' lang='lat' dir='ltr'>de</span> 
     </span>
     <span class='ocr_line' id='line_1_8' title="bbox 430 1426 1918 1527; baseline 0 -22"><span class='ocrx_word' id='word_1_67' title='bbox 430 1429 604 1504; x_wconf 84' lang='lat' dir='ltr'>beneficiis</span> <span class='ocrx_word' id='word_1_68' title='bbox 621 1431 654 1497; x_wconf 92' lang='lat' dir='ltr'>in</span> <span class='ocrx_word' id='word_1_69' title='bbox 671 1427 834 1500; x_wconf 84' lang='lat' dir='ltr'>mensibus</span> <span class='ocrx_word' id='word_1_70' title='bbox 850 1431 1027 1525; x_wconf 87' lang='lat' dir='ltr'>Papalibus</span> <span class='ocrx_word' id='word_1_71' title='bbox 1043 1431 1234 1516; x_wconf 82' lang='lat' dir='ltr'>vacantibus</span> <span class='ocrx_word' id='word_1_72' title='bbox 1250 1458 1269 1502; x_wconf 89' lang='lat' dir='ltr'>a</span> <span class='ocrx_word' id='word_1_73' title='bbox 1284 1430 1443 1505; x_wconf 84' lang='lat' dir='ltr'>Pontifiee</span> <span class='ocrx_word' id='word_1_74' title='bbox 1459 1430 1607 1527; x_wconf 80' lang='lat' dir='ltr'>provisos</span> <span class='ocrx_word' id='word_1_75' title='bbox 1622 1426 1666 1503; x_wconf 84' lang='lat' dir='ltr'>lic</span> <span class='ocrx_word' id='word_1_76' title='bbox 1679 1430 1791 1503; x_wconf 91' lang='lat' dir='ltr'>saltem</span> <span class='ocrx_word' id='word_1_77' title='bbox 1808 1434 1847 1504; x_wconf 93' lang='lat' dir='ltr'>ad</span> <span class='ocrx_word' id='word_1_78' title='bbox 1864 1459 1918 1505; x_wconf 92' lang='lat' dir='ltr'>ea·</span> 
     </span>
    </p>
   </div>
   <div class='ocr_carea' id='block_1_3' title="bbox 430 1524 2055 1627">
    <p class='ocr_par' dir='ltr' id='par_1_3' title="bbox 430 1524 2055 1627">
     <span class='ocr_line' id='line_1_9' title="bbox 430 1524 2055 1627; baseline -0.004 -27"><span class='ocrx_word' id='word_1_79' title='bbox 430 1529 582 1627; x_wconf 90' lang='lat' dir='ltr'>pitulum</span> <span class='ocrx_word' id='word_1_80' title='bbox 605 1524 712 1597; x_wconf 89' lang='lat' dir='ltr'>statim</span> <span class='ocrx_word' id='word_1_81' title='bbox 734 1527 966 1598; x_wconf 90' lang='lat' dir='ltr'>admitterent:</span> <span class='ocrx_word' id='word_1_82' title='bbox 997 1555 1115 1599; x_wconf 86' lang='lat' dir='ltr'>verum</span> <span class='ocrx_word' id='word_1_83' title='bbox 1137 1530 1171 1598; x_wconf 91' lang='lat' dir='ltr'>id</span> <span class='ocrx_word' id='word_1_84' title='bbox 1194 1553 1404 1626; x_wconf 88' lang='lat' dir='ltr'>nequaquam</span> <span class='ocrx_word' id='word_1_85' title='bbox 1428 1530 1468 1600; x_wconf 89' lang='lat' dir='ltr'>ab</span> <span class='ocrx_word' id='word_1_86' title='bbox 1490 1527 1640 1600; x_wconf 79' lang='lat' dir='ltr'>Ecclefiis</span> <span class='ocrx_word' id='word_1_87' title='bbox 1663 1527 1835 1600; x_wconf 90' lang='lat' dir='ltr'>admissum</span> <span class='ocrx_word' id='word_1_88' title='bbox 1856 1529 1915 1614; x_wconf 81' lang='lat' dir='ltr'>est,</span> <span class='ocrx_word' id='word_1_89' title='bbox 2048 1585 2055 1594; x_wconf 86' lang='lat'>.</span> 
     </span>
    </p>
   </div>
   <div class='ocr_carea' id='block_1_4' title="bbox 431 1620 1924 2210">
    <p class='ocr_par' dir='ltr' id='par_1_4' title="bbox 431 1620 1924 2210">
     <span class='ocr_line' id='line_1_10' title="bbox 431 1620 1918 1724; baseline 0.001 -25"><span class='ocrx_word' id='word_1_90' title='bbox 431 1628 561 1723; x_wconf 90' lang='lat' dir='ltr'>ubique</span> <span class='ocrx_word' id='word_1_91' title='bbox 576 1620 648 1696; x_wconf 89' lang='lat' dir='ltr'>fere</span> <span class='ocrx_word' id='word_1_92' title='bbox 670 1625 845 1695; x_wconf 75' lang='lat' dir='ltr'>contrariis</span> <span class='ocrx_word' id='word_1_93' title='bbox 863 1624 988 1696; x_wconf 87' lang='lat' dir='ltr'>statutis</span> <span class='ocrx_word' id='word_1_94' title='bbox 1013 1626 1043 1696; x_wconf 75' lang='lat' dir='ltr'>u</span> <span class='ocrx_word' id='word_1_95' title='bbox 1059 1624 1350 1698; x_wconf 86' lang='lat' dir='ltr'>consuetudinibus</span> <span class='ocrx_word' id='word_1_96' title='bbox 1367 1624 1547 1698; x_wconf 84' lang='lat' dir='ltr'>observatis</span> <span class='ocrx_word' id='word_1_97' title='bbox 1572 1626 1794 1724; x_wconf 82' lang='lat' dir='ltr'>&amp;hueusque</span> <span class='ocrx_word' id='word_1_98' title='bbox 1813 1629 1918 1702; x_wconf 88' lang='lat' dir='ltr'>conti·</span> 
     </span>
     <span class='ocr_line' id='line_1_11' title="bbox 432 1720 1918 1822; baseline 0.002 -27"><span class='ocrx_word' id='word_1_99' title='bbox 432 1749 501 1796; x_wconf 89' lang='lat' dir='ltr'>nua</span> <span class='ocrx_word' id='word_1_100' title='bbox 519 1720 603 1793; x_wconf 91' lang='lat' dir='ltr'>serie</span> <span class='ocrx_word' id='word_1_101' title='bbox 619 1721 826 1814; x_wconf 85' lang='lat' dir='ltr'>vigentibus,</span> <span class='ocrx_word' id='word_1_102' title='bbox 853 1722 1091 1818; x_wconf 87' lang='lat' dir='ltr'>quamobrem,</span> <span class='ocrx_word' id='word_1_103' title='bbox 1116 1722 1172 1794; x_wconf 92' lang='lat' dir='ltr'>ubi</span> <span class='ocrx_word' id='word_1_104' title='bbox 1190 1728 1222 1795; x_wconf 93' lang='lat' dir='ltr'>in</span> <span class='ocrx_word' id='word_1_105' title='bbox 1243 1722 1395 1797; x_wconf 86' lang='lat' dir='ltr'>Ecclestis</span> <span class='ocrx_word' id='word_1_106' title='bbox 1413 1721 1486 1796; x_wconf 89' lang='lat' dir='ltr'>sunt</span> <span class='ocrx_word' id='word_1_107' title='bbox 1501 1723 1748 1806; x_wconf 88' lang='lat' dir='ltr'>domicellares,</span> <span class='ocrx_word' id='word_1_108' title='bbox 1774 1723 1819 1795; x_wconf 93' lang='lat' dir='ltr'>ibi</span> <span class='ocrx_word' id='word_1_109' title='bbox 1835 1749 1918 1822; x_wconf 87' lang='lat' dir='ltr'>pru·</span> 
     </span>
     <span class='ocr_line' id='line_1_12' title="bbox 432 1815 1924 1918; baseline 0.001 -26"><span class='ocrx_word' id='word_1_110' title='bbox 432 1818 491 1896; x_wconf 82' lang='lat' dir='ltr'>visi</span> <span class='ocrx_word' id='word_1_111' title='bbox 508 1815 676 1890; x_wconf 84' lang='lat' dir='ltr'>Pontificii</span> <span class='ocrx_word' id='word_1_112' title='bbox 689 1822 777 1889; x_wconf 85' lang='lat' dir='ltr'>inter</span> <span class='ocrx_word' id='word_1_113' title='bbox 791 1819 1024 1892; x_wconf 74' lang='lat' dir='ltr'>domicellam</span> <span class='ocrx_word' id='word_1_114' title='bbox 1046 1819 1205 1918; x_wconf 82' lang='lat' dir='ltr'>postremi</span> <span class='ocrx_word' id='word_1_115' title='bbox 1222 1820 1404 1903; x_wconf 86' lang='lat' dir='ltr'>habentur,</span> <span class='ocrx_word' id='word_1_116' title='bbox 1430 1843 1487 1893; x_wconf 91' lang='lat' dir='ltr'>aut</span> <span class='ocrx_word' id='word_1_117' title='bbox 1504 1820 1560 1892; x_wconf 92' lang='lat' dir='ltr'>ubi</span> <span class='ocrx_word' id='word_1_118' title='bbox 1585 1821 1849 1893; x_wconf 90' lang='lat' dir='ltr'>domicellarium</span> <span class='ocrx_word' id='word_1_119' title='bbox 1862 1847 1924 1912; x_wconf 33' lang='grc' dir='ltr'>οπο,</span> 
     </span>
     <span class='ocr_line' id='line_1_13' title="bbox 431 1914 1916 2011; baseline 0.001 -20"><span class='ocrx_word' id='word_1_120' title='bbox 431 1920 478 1991; x_wconf 88' lang='lat' dir='ltr'>do</span> <span class='ocrx_word' id='word_1_121' title='bbox 492 1941 559 1989; x_wconf 92' lang='lat' dir='ltr'>non</span> <span class='ocrx_word' id='word_1_122' title='bbox 578 1939 682 1998; x_wconf 81' lang='lat' dir='ltr'>extat,</span> <span class='ocrx_word' id='word_1_123' title='bbox 709 1914 824 2011; x_wconf 83' lang='lat' dir='ltr'>elapsis</span> <span class='ocrx_word' id='word_1_124' title='bbox 834 1921 988 1988; x_wconf 83' lang='lat' dir='ltr'>carentiae</span> <span class='ocrx_word' id='word_1_125' title='bbox 1003 1923 1097 1988; x_wconf 89' lang='lat' dir='ltr'>annis</span> <span class='ocrx_word' id='word_1_126' title='bbox 1117 1918 1274 1998; x_wconf 87' lang='lat' dir='ltr'>modoad</span> <span class='ocrx_word' id='word_1_127' title='bbox 1291 1916 1499 1991; x_wconf 85' lang='lat' dir='ltr'>residentiam</span> <span class='ocrx_word' id='word_1_128' title='bbox 1514 1917 1681 1999; x_wconf 67' lang='lat' dir='ltr'>lirislam,</span> <span class='ocrx_word' id='word_1_129' title='bbox 1709 1943 1746 1988; x_wconf 91' lang='lat' dir='ltr'>ut</span> <span class='ocrx_word' id='word_1_130' title='bbox 1760 1923 1916 2010; x_wconf 78' lang='lat' dir='ltr'>vocitant,</span> 
     </span>
     <span class='ocr_line' id='line_1_14' title="bbox 432 2011 1918 2111; baseline 0.002 -23"><span class='ocrx_word' id='word_1_131' title='bbox 432 2017 672 2088; x_wconf 82' lang='lat' dir='ltr'>admittuntur,</span> <span class='ocrx_word' id='word_1_132' title='bbox 700 2011 903 2110; x_wconf 86' lang='lat' dir='ltr'>insuperque</span> <span class='ocrx_word' id='word_1_133' title='bbox 918 2017 1030 2084; x_wconf 92' lang='lat' dir='ltr'>omnia</span> <span class='ocrx_word' id='word_1_134' title='bbox 1052 2041 1153 2086; x_wconf 90' lang='lat' dir='ltr'>onera</span> <span class='ocrx_word' id='word_1_135' title='bbox 1166 2017 1257 2111; x_wconf 82' lang='lat' dir='ltr'>juxta</span> <span class='ocrx_word' id='word_1_136' title='bbox 1275 2013 1391 2089; x_wconf 87' lang='lat' dir='ltr'>statutt</span> <span class='ocrx_word' id='word_1_137' title='bbox 1413 2015 1717 2089; x_wconf 80' lang='lat' dir='ltr'>&amp;consuetudines</span> <span class='ocrx_word' id='word_1_138' title='bbox 1741 2013 1850 2089; x_wconf 90' lang='lat' dir='ltr'>subire</span> <span class='ocrx_word' id='word_1_139' title='bbox 1869 2015 1918 2090; x_wconf 84' lang='lat' dir='ltr'>te-</span> 
     </span>
     <span class='ocr_line' id='line_1_15' title="bbox 432 2109 1918 2210; baseline 0.001 -24"><span class='ocrx_word' id='word_1_140' title='bbox 432 2137 573 2186; x_wconf 79' lang='lat' dir='ltr'>nentur:</span> <span class='ocrx_word' id='word_1_141' title='bbox 601 2136 639 2182; x_wconf 86' lang='lat' dir='ltr'>ex</span> <span class='ocrx_word' id='word_1_142' title='bbox 655 2135 723 2204; x_wconf 89' lang='lat' dir='ltr'>quo</span> <span class='ocrx_word' id='word_1_143' title='bbox 738 2115 751 2178; x_wconf 90' lang='lat' dir='ltr'>l</span> <span class='ocrx_word' id='word_1_144' title='bbox 757 2116 801 2181; x_wconf 87' lang='lat' dir='ltr'>ll.</span> <span class='ocrx_word' id='word_1_145' title='bbox 816 2109 954 2207; x_wconf 88' lang='lat' dir='ltr'>sequens</span> <span class='ocrx_word' id='word_1_146' title='bbox 976 2112 1153 2184; x_wconf 76' lang='lat' dir='ltr'>deducitur</span> <span class='ocrx_word' id='word_1_147' title='bbox 1168 2137 1424 2205; x_wconf 77' lang='lat' dir='ltr'>argumentum:</span> <span class='ocrx_word' id='word_1_148' title='bbox 1451 2112 1572 2210; x_wconf 83' lang='lat' dir='ltr'>provisi</span> <span class='ocrx_word' id='word_1_149' title='bbox 1588 2138 1605 2184; x_wconf 91' lang='lat' dir='ltr'>a</span> <span class='ocrx_word' id='word_1_150' title='bbox 1625 2112 1701 2185; x_wconf 89' lang='lat' dir='ltr'>sede</span> <span class='ocrx_word' id='word_1_151' title='bbox 1723 2114 1918 2208; x_wconf 78' lang='lat' dir='ltr'>Apostoliea</span> 
     </span>
    </p>
   </div>
   <div class='ocr_carea' id='block_1_5' title="bbox 432 2207 2139 2307">
    <p class='ocr_par' dir='ltr' id='par_1_5' title="bbox 432 2207 2139 2307">
     <span class='ocr_line' id='line_1_16' title="bbox 432 2207 2139 2307; baseline -0.001 -23"><span class='ocrx_word' id='word_1_152' title='bbox 432 2207 657 2284; x_wconf 79' lang='lat' dir='ltr'>Eccleliarum</span> <span class='ocrx_word' id='word_1_153' title='bbox 670 2207 1332 2306; x_wconf 81' lang='lat' dir='ltr'>statutismoriltusqueinomnibuslese</span> <span class='ocrx_word' id='word_1_154' title='bbox 1354 2208 1567 2283; x_wconf 85' lang='lat' dir='ltr'>conformare</span> <span class='ocrx_word' id='word_1_155' title='bbox 1587 2209 1726 2291; x_wconf 90' lang='lat' dir='ltr'>debent,</span> <span class='ocrx_word' id='word_1_156' title='bbox 1753 2209 1916 2307; x_wconf 74' lang='lat' dir='ltr'>&amp;squid</span> <span class='ocrx_word' id='word_1_157' title='bbox 2038 2259 2047 2272; x_wconf 57' lang='grc' dir='ltr'><em>ι</em></span> <span class='ocrx_word' id='word_1_158' title='bbox 2136 2243 2139 2256; x_wconf 90' lang='grc'><strong><em>·</em></strong></span> 
     </span>
    </p>
   </div>
   <div class='ocr_carea' id='block_1_6' title="bbox 431 2304 1967 2797">
    <p class='ocr_par' dir='ltr' id='par_1_6' title="bbox 431 2304 1967 2797">
     <span class='ocr_line' id='line_1_17' title="bbox 433 2304 1914 2406; baseline -0.001 -24"><span class='ocrx_word' id='word_1_159' title='bbox 433 2309 523 2382; x_wconf 82' lang='lat' dir='ltr'>ultra</span> <span class='ocrx_word' id='word_1_160' title='bbox 547 2308 609 2378; x_wconf 90' lang='lat' dir='ltr'>hos</span> <span class='ocrx_word' id='word_1_161' title='bbox 632 2305 755 2375; x_wconf 89' lang='lat' dir='ltr'>limites</span> <span class='ocrx_word' id='word_1_162' title='bbox 778 2329 981 2391; x_wconf 85' lang='lat' dir='ltr'>tentaretur,</span> <span class='ocrx_word' id='word_1_163' title='bbox 1005 2304 1065 2404; x_wconf 82' lang='lat' dir='ltr'>ipli</span> <span class='ocrx_word' id='word_1_164' title='bbox 1088 2311 1313 2406; x_wconf 79' lang='lat' dir='ltr'>Imperatores</span> <span class='ocrx_word' id='word_1_165' title='bbox 1335 2333 1374 2379; x_wconf 81' lang='lat' dir='ltr'>en</span> <span class='ocrx_word' id='word_1_166' title='bbox 1393 2305 1506 2379; x_wconf 87' lang='lat' dir='ltr'>officio</span> <span class='ocrx_word' id='word_1_167' title='bbox 1531 2305 1678 2403; x_wconf 81' lang='lat' dir='ltr'>supremi</span> <span class='ocrx_word' id='word_1_168' title='bbox 1694 2306 1914 2381; x_wconf 79' lang='lat' dir='ltr'>Ecclestaru&#39;m</span> 
     </span>
     <span class='ocr_line' id='line_1_18' title="bbox 432 2403 1915 2501; baseline 0 -22"><span class='ocrx_word' id='word_1_169' title='bbox 432 2407 715 2479; x_wconf 86' lang='lat' dir='ltr'>Germanicarum</span> <span class='ocrx_word' id='word_1_170' title='bbox 731 2403 879 2474; x_wconf 84' lang='lat' dir='ltr'>advocati</span> <span class='ocrx_word' id='word_1_171' title='bbox 895 2406 968 2474; x_wconf 83' lang='lat' dir='ltr'>dtri</span> <span class='ocrx_word' id='word_1_172' title='bbox 983 2404 1258 2499; x_wconf 78' lang='lat' dir='ltr'>capitulariorum</span> <span class='ocrx_word' id='word_1_173' title='bbox 1275 2403 1432 2478; x_wconf 81' lang='lat' dir='ltr'>statuta&amp;</span> <span class='ocrx_word' id='word_1_174' title='bbox 1448 2403 1915 2501; x_wconf 81' lang='lat' dir='ltr'>consuetudineaearumpro·</span> 
     </span>
     <span class='ocr_line' id='line_1_19' title="bbox 431 2498 1967 2597; baseline 0 -20"><span class='ocrx_word' id='word_1_175' title='bbox 431 2526 549 2596; x_wconf 82' lang='lat' dir='ltr'>tegere</span> <span class='ocrx_word' id='word_1_176' title='bbox 564 2552 573 2584; x_wconf 94' lang='lat'>,</span> <span class='ocrx_word' id='word_1_177' title='bbox 599 2498 690 2571; x_wconf 84' lang='lat' dir='ltr'>sicuti</span> <span class='ocrx_word' id='word_1_178' title='bbox 708 2502 770 2571; x_wconf 89' lang='lat' dir='ltr'>hoc</span> <span class='ocrx_word' id='word_1_179' title='bbox 785 2501 921 2597; x_wconf 80' lang='lat' dir='ltr'>quoque</span> <span class='ocrx_word' id='word_1_180' title='bbox 936 2525 1075 2574; x_wconf 88' lang='lat' dir='ltr'>munere</span> <span class='ocrx_word' id='word_1_181' title='bbox 1088 2500 1380 2596; x_wconf 77' lang='lat' dir='ltr'>jamlaudntffine</span> <span class='ocrx_word' id='word_1_182' title='bbox 1393 2509 1427 2575; x_wconf 89' lang='lat' dir='ltr'>in</span> <span class='ocrx_word' id='word_1_183' title='bbox 1441 2504 1516 2575; x_wconf 88' lang='lat' dir='ltr'>aliis</span> <span class='ocrx_word' id='word_1_184' title='bbox 1528 2501 1652 2574; x_wconf 84' lang='lat' dir='ltr'>calibua</span> <span class='ocrx_word' id='word_1_185' title='bbox 1666 2500 1814 2575; x_wconf 75' lang='lat' dir='ltr'>deliintli</span> <span class='ocrx_word' id='word_1_186' title='bbox 1831 2502 1917 2589; x_wconf 80' lang='lat' dir='ltr'>sunl,</span> <span class='ocrx_word' id='word_1_187' title='bbox 1964 2498 1967 2501; x_wconf 63' lang='grc'>’</span> 
     </span>
     <span class='ocr_line' id='line_1_20' title="bbox 432 2595 1917 2698; baseline 0.001 -26"><span class='ocrx_word' id='word_1_188' title='bbox 432 2603 493 2698; x_wconf 90' lang='lat' dir='ltr'>qui</span> <span class='ocrx_word' id='word_1_189' title='bbox 511 2603 614 2691; x_wconf 86' lang='lat' dir='ltr'>igitur</span> <span class='ocrx_word' id='word_1_190' title='bbox 626 2595 773 2693; x_wconf 79' lang='lat' dir='ltr'>precillae</span> <span class='ocrx_word' id='word_1_191' title='bbox 790 2624 906 2669; x_wconf 88' lang='lat' dir='ltr'>contra</span> <span class='ocrx_word' id='word_1_192' title='bbox 926 2598 1179 2672; x_wconf 76' lang='lat' dir='ltr'>consuetudines</span> <span class='ocrx_word' id='word_1_193' title='bbox 1198 2601 1229 2672; x_wconf 79' lang='lat' dir='ltr'>u</span> <span class='ocrx_word' id='word_1_194' title='bbox 1247 2600 1364 2673; x_wconf 85' lang='lat' dir='ltr'>statuta</span> <span class='ocrx_word' id='word_1_195' title='bbox 1383 2599 1603 2674; x_wconf 77' lang='lat' dir='ltr'>Ecclefiarum</span> <span class='ocrx_word' id='word_1_196' title='bbox 1625 2601 1769 2696; x_wconf 86' lang='lat' dir='ltr'>amplius</span> <span class='ocrx_word' id='word_1_197' title='bbox 1783 2599 1841 2672; x_wconf 79' lang='lat' dir='ltr'>fibi</span> <span class='ocrx_word' id='word_1_198' title='bbox 1860 2600 1917 2696; x_wconf 84' lang='lat' dir='ltr'>jue</span> 
     </span>
     <span class='ocr_line' id='line_1_21' title="bbox 441 2694 1915 2797; baseline 0.003 -29"><span class='ocrx_word' id='word_1_199' title='bbox 441 2695 672 2790; x_wconf 77' lang='lat' dir='ltr'>arrogabunt?</span> <span class='ocrx_word' id='word_1_200' title='bbox 697 2701 756 2767; x_wconf 87' lang='lat' dir='ltr'>lV.</span> <span class='ocrx_word' id='word_1_201' title='bbox 773 2721 813 2767; x_wconf 94' lang='lat' dir='ltr'>an</span> <span class='ocrx_word' id='word_1_202' title='bbox 832 2721 897 2768; x_wconf 90' lang='lat' dir='ltr'>non</span> <span class='ocrx_word' id='word_1_203' title='bbox 921 2696 960 2768; x_wconf 79' lang='lat' dir='ltr'>fic</span> <span class='ocrx_word' id='word_1_204' title='bbox 976 2698 1119 2770; x_wconf 90' lang='lat' dir='ltr'>aliorum</span> <span class='ocrx_word' id='word_1_205' title='bbox 1142 2702 1399 2781; x_wconf 90' lang='lat' dir='ltr'>canonicorum,</span> <span class='ocrx_word' id='word_1_206' title='bbox 1423 2703 1482 2797; x_wconf 91' lang='lat' dir='ltr'>qui</span> <span class='ocrx_word' id='word_1_207' title='bbox 1498 2694 1648 2769; x_wconf 84' lang='lat' dir='ltr'>Ecclestis</span> <span class='ocrx_word' id='word_1_208' title='bbox 1672 2696 1792 2769; x_wconf 88' lang='lat' dir='ltr'>talibus</span> <span class='ocrx_word' id='word_1_209' title='bbox 1817 2702 1915 2794; x_wconf 76' lang='lat' dir='ltr'>priua</span> 
     </span>
    </p>
   </div>
   <div class='ocr_carea' id='block_1_7' title="bbox 431 2791 2048 3352">
    <p class='ocr_par' dir='ltr' id='par_1_7' title="bbox 431 2791 2048 3352">
     <span class='ocr_line' id='line_1_22' title="bbox 432 2791 1914 2894; baseline 0 -26"><span class='ocrx_word' id='word_1_210' title='bbox 432 2795 593 2890; x_wconf 77' lang='lat' dir='ltr'>adscripti</span> <span class='ocrx_word' id='word_1_211' title='bbox 609 2791 700 2874; x_wconf 91' lang='lat' dir='ltr'>sunt,</span> <span class='ocrx_word' id='word_1_212' title='bbox 725 2793 799 2890; x_wconf 88' lang='lat' dir='ltr'>jura</span> <span class='ocrx_word' id='word_1_213' title='bbox 822 2795 909 2866; x_wconf 87' lang='lat' dir='ltr'>clara</span> <span class='ocrx_word' id='word_1_214' title='bbox 923 2797 1145 2879; x_wconf 86' lang='lat' dir='ltr'>inverterent,</span> <span class='ocrx_word' id='word_1_215' title='bbox 1170 2794 1331 2869; x_wconf 81' lang='lat' dir='ltr'>fivellent</span> <span class='ocrx_word' id='word_1_216' title='bbox 1350 2820 1414 2894; x_wconf 90' lang='lat' dir='ltr'>per</span> <span class='ocrx_word' id='word_1_217' title='bbox 1430 2792 1697 2894; x_wconf 79' lang='lat' dir='ltr'>prejudiciosum</span> <span class='ocrx_word' id='word_1_218' title='bbox 1714 2792 1830 2867; x_wconf 85' lang='lat' dir='ltr'>saltum</span> <span class='ocrx_word' id='word_1_219' title='bbox 1853 2817 1914 2868; x_wconf 84' lang='lat' dir='ltr'>eoa</span> 
     </span>
     <span class='ocr_line' id='line_1_23' title="bbox 431 2887 2048 2990; baseline -0.001 -24"><span class='ocrx_word' id='word_1_220' title='bbox 431 2916 552 2966; x_wconf 88' lang='lat' dir='ltr'>omnes</span> <span class='ocrx_word' id='word_1_221' title='bbox 566 2890 745 2972; x_wconf 85' lang='lat' dir='ltr'>transilire,</span> <span class='ocrx_word' id='word_1_222' title='bbox 773 2892 862 2964; x_wconf 85' lang='lat' dir='ltr'>&amp;ad</span> <span class='ocrx_word' id='word_1_223' title='bbox 878 2892 987 2964; x_wconf 93' lang='lat' dir='ltr'>locum</span> <span class='ocrx_word' id='word_1_224' title='bbox 1009 2894 1228 2990; x_wconf 87' lang='lat' dir='ltr'>capitularem</span> <span class='ocrx_word' id='word_1_225' title='bbox 1245 2891 1311 2967; x_wconf 90' lang='lat' dir='ltr'>sese</span> <span class='ocrx_word' id='word_1_226' title='bbox 1331 2895 1549 2990; x_wconf 85' lang='lat' dir='ltr'>protrudere,</span> <span class='ocrx_word' id='word_1_227' title='bbox 1572 2916 1648 2965; x_wconf 90' lang='lat' dir='ltr'>curn</span> <span class='ocrx_word' id='word_1_228' title='bbox 1668 2914 1728 2965; x_wconf 88' lang='lat' dir='ltr'>net</span> <span class='ocrx_word' id='word_1_229' title='bbox 1747 2917 1786 2964; x_wconf 82' lang='lat' dir='ltr'>ex</span> <span class='ocrx_word' id='word_1_230' title='bbox 1799 2887 1918 2965; x_wconf 90' lang='lat' dir='ltr'>funda·</span> <span class='ocrx_word' id='word_1_231' title='bbox 2011 2982 2013 2987; x_wconf 66' lang='lat'>,</span> <span class='ocrx_word' id='word_1_232' title='bbox 2042 2921 2048 2936; x_wconf 52' lang='lat'>⁸</span> 
     </span>
     <span class='ocr_line' id='line_1_24' title="bbox 433 2986 1919 3087; baseline 0 -23"><span class='ocrx_word' id='word_1_233' title='bbox 433 2996 527 3064; x_wconf 88' lang='lat' dir='ltr'>tione</span> <span class='ocrx_word' id='word_1_234' title='bbox 541 2986 800 3070; x_wconf 85' lang='lat' dir='ltr'>beneficiorum,</span> <span class='ocrx_word' id='word_1_235' title='bbox 826 3016 885 3061; x_wconf 91' lang='lat' dir='ltr'>nec</span> <span class='ocrx_word' id='word_1_236' title='bbox 899 3015 937 3061; x_wconf 82' lang='lat' dir='ltr'>er</span> <span class='ocrx_word' id='word_1_237' title='bbox 951 2989 1187 3065; x_wconf 89' lang='lat' dir='ltr'>consuemdine</span> <span class='ocrx_word' id='word_1_238' title='bbox 1201 2992 1254 3086; x_wconf 86' lang='lat' dir='ltr'>jus</span> <span class='ocrx_word' id='word_1_239' title='bbox 1275 2994 1339 3064; x_wconf 90' lang='lat' dir='ltr'>tale</span> <span class='ocrx_word' id='word_1_240' title='bbox 1353 2996 1518 3063; x_wconf 83' lang='lat' dir='ltr'>exoticum</span> <span class='ocrx_word' id='word_1_241' title='bbox 1533 2987 1609 3087; x_wconf 73' lang='lat' dir='ltr'>ipss</span> <span class='ocrx_word' id='word_1_242' title='bbox 1623 2993 1819 3087; x_wconf 82' lang='lat' dir='ltr'>competat?</span> <span class='ocrx_word' id='word_1_243' title='bbox 1841 2994 1919 3064; x_wconf 89' lang='lat' dir='ltr'>Ne·</span> 
     </span>
     <span class='ocr_line' id='line_1_25' title="bbox 434 3084 1917 3185; baseline 0.001 -25"><span class='ocrx_word' id='word_1_244' title='bbox 434 3115 501 3185; x_wconf 90' lang='lat' dir='ltr'>que</span> <span class='ocrx_word' id='word_1_245' title='bbox 517 3090 573 3159; x_wconf 92' lang='lat' dir='ltr'>hic</span> <span class='ocrx_word' id='word_1_246' title='bbox 594 3093 639 3158; x_wconf 85' lang='lat' dir='ltr'>V.</span> <span class='ocrx_word' id='word_1_247' title='bbox 668 3087 707 3156; x_wconf 93' lang='lat' dir='ltr'>ad</span> <span class='ocrx_word' id='word_1_248' title='bbox 724 3087 889 3159; x_wconf 79' lang='lat' dir='ltr'>Achillem</span> <span class='ocrx_word' id='word_1_249' title='bbox 913 3084 1173 3180; x_wconf 82' lang='lat' dir='ltr'>confugiendum</span> <span class='ocrx_word' id='word_1_250' title='bbox 1196 3088 1261 3172; x_wconf 87' lang='lat' dir='ltr'>est,</span> <span class='ocrx_word' id='word_1_251' title='bbox 1285 3090 1442 3164; x_wconf 82' lang='lat' dir='ltr'>videlicet</span> <span class='ocrx_word' id='word_1_252' title='bbox 1465 3090 1506 3160; x_wconf 92' lang='lat' dir='ltr'>ad</span> <span class='ocrx_word' id='word_1_253' title='bbox 1521 3085 1706 3185; x_wconf 86' lang='lat' dir='ltr'>expressum</span> <span class='ocrx_word' id='word_1_254' title='bbox 1722 3087 1917 3183; x_wconf 76' lang='lat' dir='ltr'>diplomatis</span> 
     </span>
     <span class='ocr_line' id='line_1_26' title="bbox 435 3185 1914 3352; baseline 0 -94"><span class='ocrx_word' id='word_1_255' title='bbox 435 3185 578 3259; x_wconf 76' lang='lat' dir='ltr'>Casa&#39;rei</span> <span class='ocrx_word' id='word_1_256' title='bbox 595 3208 765 3267; x_wconf 81' lang='lat' dir='ltr'>tenorent,</span> <span class='ocrx_word' id='word_1_257' title='bbox 791 3211 866 3352; x_wconf 62' lang='lat' dir='ltr'>ripn</span> <span class='ocrx_word' id='word_1_258' title='bbox 883 3187 936 3257; x_wconf 90' lang='lat' dir='ltr'>hie</span> <span class='ocrx_word' id='word_1_259' title='bbox 952 3191 1173 3282; x_wconf 82' lang='lat' dir='ltr'>nequicquam</span> <span class='ocrx_word' id='word_1_260' title='bbox 1189 3189 1329 3270; x_wconf 90' lang='lat' dir='ltr'>evincit;</span> <span class='ocrx_word' id='word_1_261' title='bbox 1355 3212 1430 3259; x_wconf 90' lang='lat' dir='ltr'>cum</span> <span class='ocrx_word' id='word_1_262' title='bbox 1448 3188 1537 3258; x_wconf 90' lang='lat' dir='ltr'>enim</span> <span class='ocrx_word' id='word_1_263' title='bbox 1560 3211 1598 3258; x_wconf 86' lang='lat' dir='ltr'>ex</span> <span class='ocrx_word' id='word_1_264' title='bbox 1613 3187 1732 3259; x_wconf 87' lang='lat' dir='ltr'>iisdem</span> <span class='ocrx_word' id='word_1_265' title='bbox 1750 3185 1914 3282; x_wconf 87' lang='lat' dir='ltr'>diploma·</span> 
     </span>
    </p>
   </div>
   <div class='ocr_carea' id='block_1_8' title="bbox 436 3283 1916 3572">
    <p class='ocr_par' dir='ltr' id='par_1_8' title="bbox 436 3283 1916 3572">
     <span class='ocr_line' id='line_1_27' title="bbox 436 3283 1916 3380; baseline -0.001 -24"><span class='ocrx_word' id='word_1_266' title='bbox 436 3284 526 3356; x_wconf 85' lang='lat' dir='ltr'>tibus</span> <span class='ocrx_word' id='word_1_267' title='bbox 551 3283 737 3353; x_wconf 86' lang='lat' dir='ltr'>indubitato</span> <span class='ocrx_word' id='word_1_268' title='bbox 755 3308 816 3352; x_wconf 91' lang='lat' dir='ltr'>con</span> <span class='ocrx_word' id='word_1_269' title='bbox 846 3306 896 3362; x_wconf 89' lang='lat' dir='ltr'>ct,</span> <span class='ocrx_word' id='word_1_270' title='bbox 919 3284 972 3376; x_wconf 86' lang='lat' dir='ltr'>jus</span> <span class='ocrx_word' id='word_1_271' title='bbox 997 3286 1234 3378; x_wconf 82' lang='lat' dir='ltr'>primariorum</span> <span class='ocrx_word' id='word_1_272' title='bbox 1258 3309 1396 3379; x_wconf 89' lang='lat' dir='ltr'>precum</span> <span class='ocrx_word' id='word_1_273' title='bbox 1418 3285 1671 3378; x_wconf 84' lang='lat' dir='ltr'>lmperatoriex</span> <span class='ocrx_word' id='word_1_274' title='bbox 1690 3287 1824 3380; x_wconf 88' lang='lat' dir='ltr'>antiqua</span> <span class='ocrx_word' id='word_1_275' title='bbox 1838 3308 1916 3355; x_wconf 88' lang='lat' dir='ltr'>cun·</span> 
     </span>
     <span class='ocr_line' id='line_1_28' title="bbox 436 3379 1914 3476; baseline 0 -24"><span class='ocrx_word' id='word_1_276' title='bbox 436 3379 614 3453; x_wconf 82' lang='lat' dir='ltr'>suetudine</span> <span class='ocrx_word' id='word_1_277' title='bbox 630 3403 838 3476; x_wconf 86' lang='lat' dir='ltr'>competere,</span> <span class='ocrx_word' id='word_1_278' title='bbox 864 3381 917 3451; x_wconf 89' lang='lat' dir='ltr'>hic</span> <span class='ocrx_word' id='word_1_279' title='bbox 933 3405 1013 3451; x_wconf 88' lang='lat' dir='ltr'>vero</span> <span class='ocrx_word' id='word_1_280' title='bbox 1029 3381 1117 3451; x_wconf 91' lang='lat' dir='ltr'>nulla</span> <span class='ocrx_word' id='word_1_281' title='bbox 1133 3380 1336 3453; x_wconf 91' lang='lat' dir='ltr'>consuetudo</span> <span class='ocrx_word' id='word_1_282' title='bbox 1353 3380 1390 3454; x_wconf 87' lang='lat' dir='ltr'>stt</span> <span class='ocrx_word' id='word_1_283' title='bbox 1404 3381 1613 3464; x_wconf 68' lang='lat' dir='ltr'>introdusit,</span> <span class='ocrx_word' id='word_1_284' title='bbox 1635 3384 1667 3452; x_wconf 90' lang='lat' dir='ltr'>vi</span> <span class='ocrx_word' id='word_1_285' title='bbox 1685 3384 1779 3475; x_wconf 85' lang='lat' dir='ltr'>eujus</span> <span class='ocrx_word' id='word_1_286' title='bbox 1801 3384 1914 3475; x_wconf 91' lang='lat' dir='ltr'>preci·</span> 
     </span>
     <span class='ocr_line' id='line_1_29' title="bbox 436 3476 1915 3572; baseline -0.001 -23"><span class='ocrx_word' id='word_1_287' title='bbox 436 3476 491 3549; x_wconf 85' lang='lat' dir='ltr'>slae</span> <span class='ocrx_word' id='word_1_288' title='bbox 506 3478 546 3549; x_wconf 88' lang='lat' dir='ltr'>ad</span> <span class='ocrx_word' id='word_1_289' title='bbox 564 3478 748 3571; x_wconf 91' lang='lat' dir='ltr'>capitulum</span> <span class='ocrx_word' id='word_1_290' title='bbox 765 3479 893 3548; x_wconf 92' lang='lat' dir='ltr'>admitti</span> <span class='ocrx_word' id='word_1_291' title='bbox 912 3477 1071 3559; x_wconf 89' lang='lat' dir='ltr'>debcant,</span> <span class='ocrx_word' id='word_1_292' title='bbox 1094 3503 1151 3549; x_wconf 88' lang='lat' dir='ltr'>aut</span> <span class='ocrx_word' id='word_1_293' title='bbox 1164 3478 1204 3549; x_wconf 90' lang='lat' dir='ltr'>ab</span> <span class='ocrx_word' id='word_1_294' title='bbox 1225 3477 1383 3551; x_wconf 90' lang='lat' dir='ltr'>oneribus</span> <span class='ocrx_word' id='word_1_295' title='bbox 1405 3481 1495 3572; x_wconf 85' lang='lat' dir='ltr'>jutta</span> <span class='ocrx_word' id='word_1_296' title='bbox 1516 3476 1632 3548; x_wconf 84' lang='lat' dir='ltr'>statuta</span> <span class='ocrx_word' id='word_1_297' title='bbox 1654 3477 1830 3549; x_wconf 88' lang='lat' dir='ltr'>subeundis</span> <span class='ocrx_word' id='word_1_298' title='bbox 1853 3481 1915 3547; x_wconf 89' lang='lat' dir='ltr'>im·</span> 
     </span>
    </p>
   </div>
   <div class='ocr_carea' id='block_1_9' title="bbox 435 3571 2047 3671">
    <p class='ocr_par' dir='ltr' id='par_1_9' title="bbox 435 3571 2047 3671">
     <span class='ocr_line' id='line_1_30' title="bbox 435 3571 2047 3671; baseline -0.002 -24"><span class='ocrx_word' id='word_1_299' title='bbox 435 3600 557 3648; x_wconf 82' lang='lat' dir='ltr'>munes</span> <span class='ocrx_word' id='word_1_300' title='bbox 577 3571 653 3655; x_wconf 81' lang='lat' dir='ltr'>sint,</span> <span class='ocrx_word' id='word_1_301' title='bbox 676 3578 726 3645; x_wconf 92' lang='lat' dir='ltr'>uti</span> <span class='ocrx_word' id='word_1_302' title='bbox 751 3597 841 3670; x_wconf 88' lang='lat' dir='ltr'>patet</span> <span class='ocrx_word' id='word_1_303' title='bbox 855 3602 892 3645; x_wconf 90' lang='lat' dir='ltr'>ex</span> <span class='ocrx_word' id='word_1_304' title='bbox 914 3578 1045 3646; x_wconf 88' lang='lat' dir='ltr'>notoria</span> <span class='ocrx_word' id='word_1_305' title='bbox 1066 3578 1232 3646; x_wconf 87' lang='lat' dir='ltr'>contraria</span> <span class='ocrx_word' id='word_1_306' title='bbox 1252 3577 1508 3671; x_wconf 88' lang='lat' dir='ltr'>plerarumque,</span> <span class='ocrx_word' id='word_1_307' title='bbox 1527 3572 1550 3643; x_wconf 83' lang='lat' dir='ltr'>fi</span> <span class='ocrx_word' id='word_1_308' title='bbox 1571 3598 1638 3644; x_wconf 92' lang='lat' dir='ltr'>non</span> <span class='ocrx_word' id='word_1_309' title='bbox 1660 3576 1830 3657; x_wconf 92' lang='lat' dir='ltr'>omnium,</span> <span class='ocrx_word' id='word_1_310' title='bbox 1853 3577 1915 3645; x_wconf 89' lang='lat' dir='ltr'>Ec·</span> <span class='ocrx_word' id='word_1_311' title='bbox 1954 3626 1982 3644; x_wconf 87' lang='lat'>-.</span> <span class='ocrx_word' id='word_1_312' title='bbox 2038 3575 2047 3583; x_wconf 84' lang='grc'><strong><em>’</em></strong></span> 
     </span>
    </p>
   </div>
   <div class='ocr_carea' id='block_1_10' title="bbox 432 3668 1916 4553">
    <p class='ocr_par' dir='ltr' id='par_1_10' title="bbox 432 3668 1916 4553">
     <span class='ocr_line' id='line_1_31' title="bbox 435 3668 1914 3768; baseline -0.001 -24"><span class='ocrx_word' id='word_1_313' title='bbox 435 3670 609 3745; x_wconf 79' lang='lat' dir='ltr'>clelisrum</span> <span class='ocrx_word' id='word_1_314' title='bbox 627 3673 816 3743; x_wconf 85' lang='lat' dir='ltr'>Germaniae</span> <span class='ocrx_word' id='word_1_315' title='bbox 834 3673 1007 3768; x_wconf 89' lang='lat' dir='ltr'>perplura</span> <span class='ocrx_word' id='word_1_316' title='bbox 1027 3669 1134 3744; x_wconf 89' lang='lat' dir='ltr'>secula</span> <span class='ocrx_word' id='word_1_317' title='bbox 1155 3676 1346 3743; x_wconf 87' lang='lat' dir='ltr'>continuata</span> <span class='ocrx_word' id='word_1_318' title='bbox 1365 3669 1589 3750; x_wconf 85' lang='lat' dir='ltr'>observantia,</span> <span class='ocrx_word' id='word_1_319' title='bbox 1610 3668 1700 3765; x_wconf 81' lang='lat' dir='ltr'>jutta</span> <span class='ocrx_word' id='word_1_320' title='bbox 1723 3695 1823 3766; x_wconf 93' lang='lat' dir='ltr'>quam</span> <span class='ocrx_word' id='word_1_321' title='bbox 1838 3694 1914 3765; x_wconf 89' lang='lat' dir='ltr'>pre·</span> 
     </span>
     <span class='ocr_line' id='line_1_32' title="bbox 436 3766 1915 3866; baseline -0.001 -25"><span class='ocrx_word' id='word_1_322' title='bbox 436 3770 525 3841; x_wconf 82' lang='lat' dir='ltr'>cislae</span> <span class='ocrx_word' id='word_1_323' title='bbox 542 3768 583 3839; x_wconf 89' lang='lat' dir='ltr'>ab</span> <span class='ocrx_word' id='word_1_324' title='bbox 598 3771 688 3838; x_wconf 83' lang='lat' dir='ltr'>aditu</span> <span class='ocrx_word' id='word_1_325' title='bbox 703 3771 838 3864; x_wconf 88' lang='lat' dir='ltr'>capituli</span> <span class='ocrx_word' id='word_1_326' title='bbox 855 3772 886 3840; x_wconf 80' lang='lat' dir='ltr'>dr</span> <span class='ocrx_word' id='word_1_327' title='bbox 903 3770 1137 3842; x_wconf 81' lang='lat' dir='ltr'>emolumentis</span> <span class='ocrx_word' id='word_1_328' title='bbox 1149 3768 1388 3866; x_wconf 83' lang='lat' dir='ltr'>capitularibus</span> <span class='ocrx_word' id='word_1_329' title='bbox 1402 3767 1520 3842; x_wconf 78' lang='lat' dir='ltr'>exclufi</span> <span class='ocrx_word' id='word_1_330' title='bbox 1530 3766 1603 3839; x_wconf 93' lang='lat' dir='ltr'>sunt</span> <span class='ocrx_word' id='word_1_331' title='bbox 1617 3791 1717 3865; x_wconf 91' lang='lat' dir='ltr'>atque</span> <span class='ocrx_word' id='word_1_332' title='bbox 1730 3768 1915 3840; x_wconf 91' lang='lat' dir='ltr'>hodienum</span> 
     </span>
     <span class='ocr_line' id='line_1_33' title="bbox 436 3863 1916 3947; baseline -0.003 -6"><span class='ocrx_word' id='word_1_333' title='bbox 436 3868 678 3947; x_wconf 82' lang='lat' dir='ltr'>excluduntur,</span> <span class='ocrx_word' id='word_1_334' title='bbox 699 3891 841 3937; x_wconf 88' lang='lat' dir='ltr'>necnon</span> <span class='ocrx_word' id='word_1_335' title='bbox 865 3872 975 3938; x_wconf 91' lang='lat' dir='ltr'>omnia</span> <span class='ocrx_word' id='word_1_336' title='bbox 992 3868 1055 3938; x_wconf 91' lang='lat' dir='ltr'>alia</span> <span class='ocrx_word' id='word_1_337' title='bbox 1073 3892 1175 3939; x_wconf 88' lang='lat' dir='ltr'>onera</span> <span class='ocrx_word' id='word_1_338' title='bbox 1198 3865 1299 3939; x_wconf 85' lang='lat' dir='ltr'>inllar</span> <span class='ocrx_word' id='word_1_339' title='bbox 1317 3868 1460 3940; x_wconf 90' lang='lat' dir='ltr'>aliorum</span> <span class='ocrx_word' id='word_1_340' title='bbox 1483 3869 1719 3939; x_wconf 92' lang='lat' dir='ltr'>canonicorum</span> <span class='ocrx_word' id='word_1_341' title='bbox 1740 3863 1848 3936; x_wconf 89' lang='lat' dir='ltr'>subire</span> <span class='ocrx_word' id='word_1_342' title='bbox 1869 3887 1916 3936; x_wconf 92' lang='lat' dir='ltr'>te·</span> 
     </span>
     <span class='ocr_line' id='line_1_34' title="bbox 435 3961 1915 4061; baseline -0.001 -26"><span class='ocrx_word' id='word_1_343' title='bbox 435 3989 579 4045; x_wconf 90' lang='lat' dir='ltr'>nentur,</span> <span class='ocrx_word' id='word_1_344' title='bbox 603 3966 661 4059; x_wconf 89' lang='lat' dir='ltr'>qui</span> <span class='ocrx_word' id='word_1_345' title='bbox 676 3965 779 4055; x_wconf 84' lang='lat' dir='ltr'>igitur</span> <span class='ocrx_word' id='word_1_346' title='bbox 793 3965 894 4035; x_wconf 91' lang='lat' dir='ltr'>iidem</span> <span class='ocrx_word' id='word_1_347' title='bbox 917 3966 1027 4037; x_wconf 91' lang='lat' dir='ltr'>locum</span> <span class='ocrx_word' id='word_1_348' title='bbox 1045 3968 1079 4035; x_wconf 91' lang='lat' dir='ltr'>in</span> <span class='ocrx_word' id='word_1_349' title='bbox 1103 3965 1251 4053; x_wconf 85' lang='lat' dir='ltr'>capitulo</span> <span class='ocrx_word' id='word_1_350' title='bbox 1265 3965 1318 4038; x_wconf 89' lang='lat' dir='ltr'>vel</span> <span class='ocrx_word' id='word_1_351' title='bbox 1332 3965 1411 4037; x_wconf 93' lang='lat' dir='ltr'>alias</span> <span class='ocrx_word' id='word_1_352' title='bbox 1432 3968 1667 4061; x_wconf 76' lang='lat' dir='ltr'>prerogativae</span> <span class='ocrx_word' id='word_1_353' title='bbox 1689 3961 1745 4033; x_wconf 81' lang='lat' dir='ltr'>fibi</span> <span class='ocrx_word' id='word_1_354' title='bbox 1770 3963 1915 4034; x_wconf 90' lang='lat' dir='ltr'>vindica·</span> 
     </span>
     <span class='ocr_line' id='line_1_35' title="bbox 435 4060 1913 4161; baseline -0.001 -28"><span class='ocrx_word' id='word_1_355' title='bbox 435 4061 546 4133; x_wconf 84' lang='lat' dir='ltr'>bunt?</span> <span class='ocrx_word' id='word_1_356' title='bbox 567 4084 661 4133; x_wconf 90' lang='lat' dir='ltr'>taceo</span> <span class='ocrx_word' id='word_1_357' title='bbox 678 4065 821 4134; x_wconf 88' lang='lat' dir='ltr'>rationes</span> <span class='ocrx_word' id='word_1_358' title='bbox 839 4061 1019 4160; x_wconf 73' lang='lat' dir='ltr'>discipline</span> <span class='ocrx_word' id='word_1_359' title='bbox 1042 4061 1261 4136; x_wconf 70' lang='lat' dir='ltr'>ecclesiastice</span> <span class='ocrx_word' id='word_1_360' title='bbox 1283 4086 1458 4161; x_wconf 87' lang='lat' dir='ltr'>tantopere</span> <span class='ocrx_word' id='word_1_361' title='bbox 1484 4060 1653 4141; x_wconf 81' lang='lat' dir='ltr'>adversas,</span> <span class='ocrx_word' id='word_1_362' title='bbox 1674 4086 1747 4156; x_wconf 80' lang='lat' dir='ltr'>quar</span> <span class='ocrx_word' id='word_1_363' title='bbox 1769 4061 1913 4158; x_wconf 72' lang='lat' dir='ltr'>quadam</span> 
     </span>
     <span class='ocr_line' id='line_1_36' title="bbox 438 4156 1911 4258; baseline -0.001 -27"><span class='ocrx_word' id='word_1_364' title='bbox 438 4183 536 4231; x_wconf 85' lang='lat' dir='ltr'>tenus</span> <span class='ocrx_word' id='word_1_365' title='bbox 557 4165 589 4250; x_wconf 84' lang='lat'>§.</span> <span class='ocrx_word' id='word_1_366' title='bbox 612 4163 709 4228; x_wconf 89' lang='lat' dir='ltr'>Vlll.</span> <span class='ocrx_word' id='word_1_367' title='bbox 737 4184 1005 4232; x_wconf 75' lang='lat' dir='ltr'>commemorate</span> <span class='ocrx_word' id='word_1_368' title='bbox 1021 4156 1127 4233; x_wconf 86' lang='lat' dir='ltr'>suere.</span> <span class='ocrx_word' id='word_1_369' title='bbox 1177 4159 1254 4232; x_wconf 82' lang='lat' dir='ltr'>Etli</span> <span class='ocrx_word' id='word_1_370' title='bbox 1278 4161 1429 4258; x_wconf 80' lang='lat' dir='ltr'>quaedam</span> <span class='ocrx_word' id='word_1_371' title='bbox 1450 4159 1602 4233; x_wconf 82' lang='lat' dir='ltr'>Ecclefiae</span> <span class='ocrx_word' id='word_1_372' title='bbox 1622 4159 1778 4254; x_wconf 87' lang='lat' dir='ltr'>precillas</span> <span class='ocrx_word' id='word_1_373' title='bbox 1796 4181 1911 4230; x_wconf 87' lang='lat' dir='ltr'>contra</span> 
     </span>
     <span class='ocr_line' id='line_1_37' title="bbox 435 4245 1913 4355; baseline -0.001 -27"><span class='ocrx_word' id='word_1_374' title='bbox 435 4245 625 4329; x_wconf 72' lang='lat' dir='ltr'>manatura</span> <span class='ocrx_word' id='word_1_375' title='bbox 643 4257 677 4326; x_wconf 80' lang='lat' dir='ltr'>dt</span> <span class='ocrx_word' id='word_1_376' title='bbox 691 4282 802 4327; x_wconf 90' lang='lat' dir='ltr'>mores</span> <span class='ocrx_word' id='word_1_377' title='bbox 817 4259 857 4328; x_wconf 90' lang='lat' dir='ltr'>ad</span> <span class='ocrx_word' id='word_1_378' title='bbox 876 4259 985 4330; x_wconf 94' lang='lat' dir='ltr'>locum</span> <span class='ocrx_word' id='word_1_379' title='bbox 1005 4258 1222 4355; x_wconf 88' lang='lat' dir='ltr'>capitularem</span> <span class='ocrx_word' id='word_1_380' title='bbox 1237 4257 1430 4331; x_wconf 89' lang='lat' dir='ltr'>admiserint</span> <span class='ocrx_word' id='word_1_381' title='bbox 1452 4258 1556 4354; x_wconf 90' lang='lat' dir='ltr'>(quod</span> <span class='ocrx_word' id='word_1_382' title='bbox 1571 4256 1625 4328; x_wconf 89' lang='lat' dir='ltr'>hic</span> <span class='ocrx_word' id='word_1_383' title='bbox 1639 4260 1825 4328; x_wconf 71' lang='lat' dir='ltr'>examinare</span> <span class='ocrx_word' id='word_1_384' title='bbox 1844 4280 1913 4326; x_wconf 91' lang='lat' dir='ltr'>non</span> 
     </span>
     <span class='ocr_line' id='line_1_38' title="bbox 435 4350 1914 4453; baseline 0 -27"><span class='ocrx_word' id='word_1_385' title='bbox 435 4360 544 4444; x_wconf 86' lang='lat' dir='ltr'>vacat)</span> <span class='ocrx_word' id='word_1_386' title='bbox 573 4354 607 4423; x_wconf 90' lang='lat' dir='ltr'>id</span> <span class='ocrx_word' id='word_1_387' title='bbox 635 4354 718 4425; x_wconf 85' lang='lat' dir='ltr'>niltil</span> <span class='ocrx_word' id='word_1_388' title='bbox 739 4355 811 4425; x_wconf 84' lang='lat' dir='ltr'>aliis</span> <span class='ocrx_word' id='word_1_389' title='bbox 834 4354 984 4428; x_wconf 84' lang='lat' dir='ltr'>Eccleliis</span> <span class='ocrx_word' id='word_1_390' title='bbox 1010 4355 1193 4449; x_wconf 83' lang='lat' dir='ltr'>praejudicii</span> <span class='ocrx_word' id='word_1_391' title='bbox 1216 4352 1344 4427; x_wconf 89' lang='lat' dir='ltr'>inferre</span> <span class='ocrx_word' id='word_1_392' title='bbox 1373 4353 1497 4453; x_wconf 87' lang='lat' dir='ltr'>porcll,</span> <span class='ocrx_word' id='word_1_393' title='bbox 1519 4378 1675 4428; x_wconf 89' lang='lat' dir='ltr'>eumuna</span> <span class='ocrx_word' id='word_1_394' title='bbox 1694 4351 1837 4429; x_wconf 80' lang='lat' dir='ltr'>Ecclesia</span> <span class='ocrx_word' id='word_1_395' title='bbox 1855 4350 1914 4427; x_wconf 91' lang='lat' dir='ltr'>suo</span> 
     </span>
     <span class='ocr_line' id='line_1_39' title="bbox 432 4448 1551 4553; baseline 0.002 -27"><span class='ocrx_word' id='word_1_396' title='bbox 432 4451 505 4551; x_wconf 88' lang='lat' dir='ltr'>juri</span> <span class='ocrx_word' id='word_1_397' title='bbox 527 4454 722 4527; x_wconf 90' lang='lat' dir='ltr'>renuntiare</span> <span class='ocrx_word' id='word_1_398' title='bbox 746 4477 866 4550; x_wconf 89' lang='lat' dir='ltr'>queat,</span> <span class='ocrx_word' id='word_1_399' title='bbox 887 4456 967 4553; x_wconf 89' lang='lat' dir='ltr'>quin</span> <span class='ocrx_word' id='word_1_400' title='bbox 987 4454 1059 4526; x_wconf 86' lang='lat' dir='ltr'>aliae</span> <span class='ocrx_word' id='word_1_401' title='bbox 1071 4449 1217 4552; x_wconf 88' lang='lat' dir='ltr'>idipsum</span> <span class='ocrx_word' id='word_1_402' title='bbox 1231 4448 1343 4527; x_wconf 82' lang='lat' dir='ltr'>fatere</span> <span class='ocrx_word' id='word_1_403' title='bbox 1365 4476 1551 4528; x_wconf 86' lang='lat' dir='ltr'>teneantur.</span> 
     </span>
    </p>
   </div>
   <div class='ocr_carea' id='block_1_11' title="bbox 1173 4693 1931 4797">
    <p class='ocr_par' dir='ltr' id='par_1_11' title="bbox 1173 4693 1931 4797">
     <span class='ocr_line' id='line_1_40' title="bbox 1173 4693 1931 4797; baseline 0.001 -5"><span class='ocrx_word' id='word_1_404' title='bbox 1173 4713 1287 4797; x_wconf 76' lang='lat' dir='ltr'>uba</span> <span class='ocrx_word' id='word_1_405' title='bbox 1453 4719 1457 4725; x_wconf 84' lang='lat'>&#39;</span> <span class='ocrx_word' id='word_1_406' title='bbox 1600 4745 1604 4754; x_wconf 94' lang='lat'>·</span> <span class='ocrx_word' id='word_1_407' title='bbox 1798 4693 1931 4793; x_wconf 76' lang='lat' dir='ltr'>.ct·⁵</span> 
     </span>
    </p>
   </div>
   <div class='ocr_carea' id='block_1_12' title="bbox 0 0 2522 5588">
    <p class='ocr_par' dir='ltr' id='par_1_12' title="bbox 0 0 2522 5588">
     <span class='ocr_line' id='line_1_41' title="bbox 0 0 2522 5588; baseline 0 0"><span class='ocrx_word' id='word_1_408' title='bbox 0 0 2522 5588; x_wconf 95' lang='lat' dir='ltr'> </span> 
     </span>
    </p>
   </div>
  </div>
 </body>
</html>
