5017 5592
528 663 691 780 ‘'s50
893 629 1232 728 Dissertatio
1274 591 1812 716 'canonicoruniicii
1934 659 1941 678 ·

616 843 787 920 citiorum,
809 856 895 929 quae
909 852 1019 902 tamen
1033 821 1228 904 necelliiriae
1247 822 1458 896 clericorum
1481 815 1707 894 sustentationi
1726 848 1792 895 non
1813 817 2022 908 inserviunt,
2046 821 2094 896 scd

616 943 706 1013 iuter
721 932 848 1008 residua
866 949 1103 1008 numerantur,
1122 919 1277 996 sallellas
1293 924 1327 992 iii
1343 918 1376 992 se
1390 916 1572 1014 suscipere,
1589 921 1716 1017 hasque
1729 923 1868 993 illarum
1886 925 1962 993 uice
1979 927 2098 995 aerario

462 1085 468 1094 ·
617 1033 797 1136 publico&
807 1022 1072 1127 principisFisco
1084 1022 1125 1095 ad
1141 1024 1268 1094 horum
1277 1016 1587 1090 indemnisaiionem
1603 1017 1730 1090 solvere
1744 1020 1905 1102 deberet,
1923 1022 2008 1117 quid
2022 1024 2100 1093 enini

618 1135 698 1208 inde
713 1130 907 1204 viderentur
922 1122 1012 1194 aliud
1029 1145 1190 1220 quaerere
1206 1117 1384 1199 Ecclesiae,
1410 1114 1468 1186 nisi
1491 1113 1539 1187 sui
1560 1115 1859 1212 locupletationem
1885 1143 1968 1189 curii
1991 1120 2102 1192 damno

618 1229 864 1327 Reipublicae?
891 1244 984 1294 taceo
1004 1221 1059 1292 hie
1073 1220 1152 1290 alias
1171 1221 1318 1290 rationes
1333 1217 1509 1312 aequitatis
1525 1231 1563 1285 ex
1582 1212 1651 1311 ipsa
1674 1213 1867 1289 desensone
1884 1215 2041 1314 publica,
2063 1219 2100 1290 de

512 1363 518 1380 ι
618 1355 686 1426 qua
704 1329 804 1399 etiam
819 1316 982 1394 Ecclesiae
998 1320 1219 1415 participant,
1245 1314 1403 1395 fluentes,
1456 1337 1513 1383 uas
1530 1309 1597 1410 ipsa
1616 1313 1767 1407 jamdum
1785 1312 1935 1387 Ecclesia
1959 1319 2101 1409 agnovit,

619 1429 720 1510 rium,
744 1419 894 1517 utsupra
910 1421 939 1509 §.
956 1443 1015 1491 aa.
1035 1418 1168 1497 monui,
1192 1416 1227 1484 iii
1247 1438 1276 1486 c.
1295 1439 1351 1486 22.
1371 1336 1457 1484 caiis.
1475 1437 1534 1504 23.
1552 1435 1585 1507 q.
1606 1425 1640 1491 8.
1662 1410 1766 1483 sanxit
1789 1462 1811 1496 „
1827 1434 1883 1495 ar,
1911 1421 1997 1508 qaod
2011 1416 2102 1502 rarsi·

619 1545 722 1599 raram
736 1523 778 1614 est
795 1523 965 1610 antiquitus
978 1537 1031 1610 pra
1044 1539 1116 1612 pace
1135 1518 1171 1590 ld
1190 1518 1309 1607 quiere,
1333 1535 1393 1604 qua
1410 1534 1463 1580 iias
1481 1517 1562 1583 tueri
1584 1512 1620 1586 U
1635 1513 1793 1604 defensare
1813 1515 1956 1599 debeas,
1980 1519 2101 1608 Impera·

620 1624 736 1697 roribus
752 1620 794 1711 fir
816 1618 1009 1703 divendere.

1215 1734 1250 1837 ι.
1299 1736 1507 1838 xiviii.

738 1885 826 1972 ‚Cum
843 1880 956 1975 itaque
973 1899 1011 1949 ex
1025 1870 1181 1948 omnibus
1197 1871 1288 1945 hisce
1302 1876 1506 1966 argumentis
1521 1873 1619 1947 larius
1635 1871 1796 1949 hissenus
1811 1871 1974 1948 deduslis
1987 1897 2101 1974 pateat,

589 2011 596 2026 ¹
620 1978 749 2056 nullam
762 1967 1086 2050 bonis'itcclesiarum
1096 1973 1286 2044 adventitiis
1302 1974 1547 2044 immunitatem
1563 1974 1724 2048 atributia
1734 1977 1941 2058 convenire,
1956 1972 2015 2048 nili
2031 1976 2102 2048 bare

623 2081 692 2156 illia
714 2073 919 2176 specifice&
939 2068 1088 2169 expresse
1107 2067 1212 2144 fuerit
1235 2065 1400 2153 concessa,
1432 2068 1582 2168 sequitur
1605 2073 1690 2145 hanc
1715 2074 1847 2145 illisne
1870 2095 1956 2146 tunc
2003 2073 2103 2145 uidem

624 2181 728 2253 etiam
743 2175 904 2249 vindicari
926 2169 1035 2271 posse,
1059 2169 1193 2268 quanda
1214 2165 1356 2239 Ecclesia
1377 2168 1487 2262 aliqua
1508 2174 1692 2263 generatim
1716 2170 1964 2268 temporalium
1980 2099 2103 2244 suorum

624 2277 837 2350 immunitate
853 2298 871 2343 a
887 2273 1043 2365 Principe
1058 2269 1178 2338 donata
1199 2264 1282 2349 fuit,
1308 2291 1385 2338 cum
1402 2269 1492 2338 enim
1518 2269 1694 2362 privilegia
1713 2266 1774 2340 sni
1791 2273 2011 2366 exceptiones
2029 2290 2104 2341 are·

625 2373 723 2468 gula,
749 2372 822 2441 sunt
837 2368 948 2441 slrislc
963 2364 1232 2464 interpretanda,
1250 2387 1351 2458 atque
1366 2367 1399 2435 iii
1414 2361 1547 2438 defesso
1566 2366 1725 2438 claritatis
1739 2366 1927 2440 verborum
1939 2365 2104 2466 respicien-

627 2471 709 2544 dum
724 2467 770 2541 est
786 2492 857 2540 tum
874 2467 915 2538 ad
936 2464 1132 2539 mentem&
1155 2465 1319 2535 rationem
1341 2461 1449 2545 illius,
1474 2466 1534 2559 qui
1554 2464 1609 2535 dat
1631 2467 1868 2560 privilegium,
1902 2465 2037 2540 turned
2055 2463 2104 2546 iil,

625 2567 721 2668 quod
735 2570 770 2639 iii
786 2565 946 2639 similibus
961 2563 1148 2661 privilegiis
1163 2584 1200 2632 ut
1215 2560 1401 2657 plurimum
1418 2563 1583 2633 contineri
1601 2559 1703 2648 soler;
1730 2563 2013 2663 quandoquidem
2030 2584 2104 2654 ergo
2123 2599 2128 2606 ·

625 2689 758 2742 errante
774 2661 926 2737 deduslis
939 2685 1121 2756 utrumque
1139 2659 1179 2731 ad
1194 2658 1261 2730 sola
1276 2656 1362 2731 bona
1376 2658 1595 2731 Ecclefiarum
1612 2660 1735 2732 dotalia
1753 2661 1920 2759 quadrat,
1948 2660 2104 2759 sequimr,

655 2764 847 2858 riuilegium
863 2763 1102 2841 immunitatis,
1128 2759 1162 2828 in
1177 2781 1246 2854 quo
1271 2757 1450 2829 adventitia
1468 2782 1533 2830 non
1560 2754 1711 2853 specifice
1736 2755 1950 2835 &distinsle
1972 2751 2105 2858 expressi

627 2790 720 2945 sunt,
743 2860 801 2933 etsi
825 2860 936 2932 verbis
963 2853 1174 2952 generalibus
1192 2853 1231 2927 fit
1251 2877 1476 2952 conceptum,
1509 2855 1551 2928 ad
1577 2857 1662 2930 bona
1686 2856 1911 2932 Ecclesarum
1937 2857 2106 2934 adventitia

506 2957 509 2962 ¹
627 2960 781 3059 pertrahi
796 2982 862 3030 uon
877 2953 981 3055 posse.

1258 3080 1292 3184 ι.
1338 3081 1485 3160 XLIX.

747 3221 918 3319 Qioniam
943 3219 1047 3312 igitur
1077 3216 1164 3291 bona
1179 3214 1403 3291 Ecclesiamm
1425 3216 1549 3290 dotalia
1574 3242 1593 3288 a
1614 3215 1749 3290 tributis
1773 3214 1911 3315 semper
1936 3217 2105 3302 immunis,

630 3319 812 3394 adventitia
831 3344 913 3392 uero
929 3318 1048 3391 iisdem
1068 3315 1200 3406 semper
1216 3313 1361 3412 subjesia
1381 3311 1536 3398 fuerunt,
1562 3338 1662 3411 atque
1681 3316 1872 3388 adhucdum
1894 3315 1992 3401 sunt,
2019 3341 2106 3413 quae·

630 3424 737 3500 ritur,
763 3419 845 3515 quid
858 3418 943 3512 juris
960 3420 992 3486 in
1009 3414 1103 3496 casu,
1128 3415 1184 3487 ubi
1200 3418 1240 3487 de
1256 3413 1383 3511 praedii
1399 3415 1571 3508 cujusdam
1585 3412 1805 3496 ecclefiaslici,
1834 3415 1962 3512 dequo
1976 3418 2104 3488 dubium
2144 3425 2146 3482 ἶ

631 3516 696 3597 esl,
724 3516 834 3588 dotale
850 3515 887 3587 sit
903 3541 941 3583 an
962 3516 1198 3593 adventitium,
1222 3510 1489 3585 collcilabilitate
1506 3509 1683 3583 Ecclesiam
1701 3517 1788 3583 inter
1805 3511 1837 3584 dr
1856 3515 2104 3685 llempublicam
2143 3501 2146 3596 j

634 3617 919 3694 controvertitur,
945 3637 1025 3684 num
1049 3611 1225 3708 praedium
1248 3608 1333 3681 illud
1357 3609 1636 3705 praesumendum
1655 3608 1692 3680 sit
1714 3609 1842 3693 dotale,
1877 3636 1943 3684 con

1962 3637 1980 3686 e
2004 3631 2106 3688 ueniet

631 3710 800 3786 atributis
817 3715 982 3791 immune,
1008 3734 1089 3781 nuni
1107 3733 1188 3781 vero
1204 3708 1442 3790 adventitium,
1467 3709 1619 3803 adeoque
1633 3705 1867 3781 colleslabile?
1981 3637 2002 3712 q

753 3855 914 3972 Quaeslio
930 3855 1011 3927 haec
1027 3877 1100 3971 toto
1115 3858 1211 3970 coelo
1226 3854 1343 3929 differt
1355 3854 1396 3928 ab
1411 3855 1485 3941 illa,
1505 3880 1606 3954 quam
1621 3855 1720 4026 sqpta
1736 3853 2104 3974 §.¹363proposuimuii

632 3981 675 4124 l:
689 3951 2102 4150 lissfllll,lllltlilllitli,bassilissa{52¹si‘illli'1'l5532mal

633 4170 734 4242 atque
751 4177 815 4247 pro
831 4154 986 4246 Principe
1003 4151 1288 4242 pronuntiandum
1303 4147 1365 4221 esse
1377 4151 1539 4236 diximus3
1558 4150 1712 4249 praesens
1728 4176 1839 4222 autem
1856 4153 2026 4247 quaestio,
2039 4170 2100 4224 eum

631 4247 730 4336 pnite
750 4250 884 4319 titulum
906 4245 1123 4346 possessionis,
1150 4276 1217 4345 quo
1233 4246 1357 4321 scilicet
1374 4249 1550 4345 praedium
1567 4250 1766 4345 quaeslionis
1782 4250 1822 4318 ad
1845 4251 2026 4324 Ecclesiam
2041 4259 2105 4345 peri

632 4342 780 4420 venerit,
805 4368 845 4412 an
863 4348 959 4417 ritulo
973 4343 1179 4418 fundationis
1200 4346 1265 4417 live
1282 4347 1387 4429 dotis,
1413 4372 1454 4417 aii
1479 4347 1592 4442 aliquo
1616 4346 1682 4419 alio
1705 4349 1820 4430 titulo,
1845 4338 2099 4430 conternanti

633 4434 780 4534 quaestio
798 4437 897 4519 laeli,
921 4442 984 4514 five
1003 4443 1149 4538 quaestio
1165 4444 1283 4524 slatus,
1307 4469 1409 4539 aquo
1432 4445 1553 4515 deinde
1575 4469 1636 4539 per
1655 4446 1804 4516 accidens
1830 4448 1966 4540 praedii
1984 4445 2099 4540 hujuscs

633 4537 688 4610 vel
702 4537 891 4606 immunitas
908 4539 962 4608 vel
973 4541 1222 4614 coiieuabiiins
1239 4541 1425 4639 depender;
1443 4541 1603 4638 squidem
1620 4567 1701 4615 uero
1717 4539 1802 4614 fasir
1818 4568 1888 4614 non
1904 4543 2101 4641 praesumun-

526 4737 534 4752 α
633 4658 707 4723 tur,
730 4629 785 4709 sed
798 4632 936 4732 probari
952 4635 1093 4725 debent,
1118 4638 1280 4716 Ecclesiae
1296 4638 1460 4714 incumbit
1476 4641 1623 4739 probare
1638 4641 1833 4740 qualitatem
1848 4646 2003 4740 praedii,
2023 4640 2102 4712 idea·

2051 4751 2103 4833 qur
