5017 5592
369 549 372 558 .
511 513 588 589 2n.
794 585 796 590 ,
959 449 1546 608 otssttnawnrttt
1656 475 1662 486 ·

636 624 896 755 condatenlm,
923 690 963 746 ut
985 668 1092 745 refert
1113 675 1373 744 Fannanus
1397 669 1441 737 ad
1458 676 1532 761 exp.
1555 670 1696 748 relax.
1722 670 1759 740 de
1776 672 1897 765 conttff·
1918 677 2006 767 preb.

373 841 391 860 ,
418 841 421 848 .
494 810 553 860 ,sn
570 808 604 869 9.
632 773 812 874 aliquando
835 769 1022 844 dubitatum
1047 764 1162 853 suill'e,
1184 794 1225 838 an
1249 790 1312 865 per
1331 759 1454 857 distant
1480 762 1726 860 dispositionem
1754 769 1898 842 Concilii
1924 776 2007 844 Tri·

521 879 652 955 dentini
698 897 789 947 retes
812 872 1044 966 Imperatoriae
1065 867 1208 964 speciem
1233 887 1416 958 granatum
1442 859 1739 957 exspeilativarum
1766 865 2007 944 constituentes

519 1001 590 1054 nnn
610 901 824 1054 ce'nierentur
839 966 975 1039 sublatae
991 994 999 1038 t
1026 965 1085 1038 Ast
1099 963 1279 1062 quastione
1293 986 1357 1060 pet·
1376 959 1713 1057 archiopiscopatu
1730 967 2009 1044 Cameracensem

439 1145 441 1154 .
518 1071 697 1188 precibua,
714 1091 800 1166 quaa
824 1063 900 1164 poll
920 1056 1093 1164 synodum
1117 1064 1356 1136 Tridentinam
1380 1059 1558 1156 Philippus
1576 1059 1618 1131 de
1641 1065 1762 1134 Monte
1784 1064 1824 1133 ab
1851 1067 2008 1162 impera·

408 1177 412 1191 ¹
518 1197 598 1250 rore
623 1167 833 1247 obtinuerat,
854 1188 1029 1256 gravatum
1052 1163 1160 1254 delata
1180 1163 1220 1233 ad
1249 1163 1285 1231 S.
1309 1162 1611 1250 congregationem
1638 1160 1781 1230 Concilii
1805 1163 2009 1238 Tridentini

516 1265 764 1365 interpretem,
790 1261 929 1335 censuit·
945 1267 978 1335 S.
1001 1264 1228 1354 congregatio
1259 1256 1488 1328 cardinalium
1514 1257 1656 1328 Consilii
1684 1258 1883 1332 Tridentini
1908 1255 2012 1337 ltasce

514 1366 697 1471 primarias
712 1385 829 1459 preces
845 1364 912 1430 non
937 1360 1178 1455 comprehendi
1196 1355 1288 1428 dieto
1309 1358 1347 1427 C.
1368 1380 1443 1441 19.,
1461 1356 1538 1450 quia
1555 1360 1745 1448 imperator
1760 1354 1894 1451 speciali
1913 1383 2007 1431 men·

516 1470 612 1541 aione
633 1462 780 1554 dignus,
802 1458 849 1528 ibi
875 1481 945 1531 non
964 1461 1170 1530 nominatur.
1226 1459 1270 1526 Et
1290 1453 1452 1528 relatione
1472 1447 1560 1521 falla
1582 1453 1623 1522 ad
1649 1453 1841 1525 Pontificem
1865 1457 2005 1548 Grego-

516 1567 608 1637 rium
622 1560 734 1640 xlii,
759 1553 829 1653 ipse
852 1551 1048 1626 sententiam
1069 1553 1350 1647 congregationis
1373 1548 1572 1646 adprobavit
1605 1552 1695 1642 (viti.
1716 1572 1811 1627 vart
1832 1555 2008 1636 aseer.

353 1670 356 1679 '
446 1667 449 1672 '
519 1665 562 1762 J.
578 1663 660 1734 Ectl.
676 1675 759 1751 part.
775 1680 812 1730 a.
828 1658 881 1730 tit.
896 1680 955 1740 ²5·
981 1662 1053 1750 cap.
1070 1679 1103 1741 9.
1123 1679 1154 1726 n.
1171 1655 1262 1747 aa).

993 1877 1009 1918 ,.
1135 1825 1172 1911 a
1220 1817 1375 1904 axvi

608 1984 611 1990 ’
633 1960 777 2034 becario
789 1959 1003 2055 primariarant
1014 1977 1133 2050 precam
1150 1949 1322 2040 ellaiius,
1345 1978 1415 2048 quo
1430 1952 1638 2035 collatores,
1663 1950 1706 2023 ad
1722 1937 1807 2049 quoa
1830 1951 2010 2049 primarie

512 2081 634 2161 preces
648 2059 722 2131 sunt
735 2055 888 2139 direllae,
914 2053 1164 2161 compelluntur
1180 2057 1274 2124 inuiti
1296 2054 1335 2123 nd
1352 2050 1551 2124 beneficium
1573 2049 1723 2122 Procilla
1745 2046 2008 2140 conferendum.

511 2161 591 2241 Illi,
615 2149 737 2258 quilius·
753 2159 902 2244 executio
920 2150 1086 2248 ejusmodi
1100 2149 1141 2222 ab
1156 2155 1371 2260 imperatore
1386 2152 1625 2246 committitur,
1648 2155 1830 2222 &cauteres
1841 2157 2011 2246 primaria·

430 2315 433 2324 .
509 2279 582 2330 rum
592 2278 712 2352 precam
734 2263 989 2351 nuncupantur.'

533 2361 538 2372 '
590 2351 592 2356 ¹
1035 2417 1044 2426 .
1082 2443 1084 2448 Ι
1119 2349 1151 2437 i.
1200 2345 1388 2421 vall.
1427 2378 1432 2387 ·

391 2556 403 2572 ,
480 2479 487 2568 J
534 2532 549 2556 Ι,
566 2557 611 2655 st·
631 2463 665 2534 Si
678 2445 826 2628 ppitaatia
842 2461 1117 2553 praces'eeertitae,
1141 2465 1313 2557 Imperator
1335 2464 1428 2531 etiam
1441 2461 1506 2557 Jas
1528 2457 1618 2529 babet
1636 2457 1797 2528 earundem
1818 2463 2011 2544 Extrartus

371 2595 373 2600 ·
515 2583 572 2651 ran
601 2581 685 2631 aratu
709 2583 732 2630 t.
1108 2601 1110 2608 -

493 2686 497 2696 ·
533 2729 550 2788 t
634 2670 771 2741 Veritas
784 2662 884 2758 hujus
903 2662 1141 2764 propoitinnis
1155 2641 1321 2776 etincitur
1335 2686 1375 2740 cr
1394 2660 1580 2736 indubitata
1597 2664 1721 2760 praxi,
1747 2662 1831 2741 adeo
1853 2687 1894 2740 ut
1918 2664 2010 2745 ultr·

370 2855 379 2870 ,
511 2771 599 2848 nori
622 2758 903 2844 demonstratione
918 2765 1007 2838 haud
1023 2773 1131 2859 egeat.

553 2935 650 3007 COR.
676 2933 702 2997 Ι.
732 2932 839 3010 Quoto
852 2950 934 2995 vero
952 2938 1147 2993 executores
1157 2932 1290 2990 eum-in
1305 2931 1400 2990 linem
1425 2928 1678 3000 constituantur,
1701 2940 1738 2989 nt
1749 2931 1936 2994 collatores
1955 2936 2011 2994 io-·

449 3067 460 3074 -
626 3018 718 3082 vitos
738 3015 931 3097 compellant
947 3012 986 3073 ad
1001 3007 1188 3073 beneficium
1203 3006 1345 3070 Precistae
1361 3006 1587 3071 conferendum
1604 3007 1659 3106 (s.
1674 3008 1747 3087 66.)
1756 3028 1766 3084 ;
1782 3011 1814 3072 in
1827 3016 2007 3092 propatulo

505 3100 507 3104 ’
626 3099 689 3174 est,
712 3097 792 3161 alios
807 3092 956 3160 coristitul
974 3103 1167 3156 executores
1183 3087 1371 3175 neapolie,
1395 3109 1489 3174 quam
1507 3091 1562 3171 qui
1582 3101 1706 3156 tattone
1720 3089 1867 3158 beneficii
1882 3093 2007 3164 habent

629 3180 882 3260 iurisdictionem
898 3178 931 3240 in
946 3175 1138 3238 Collatores.
1231 3174 1247 3222 θ
1353 3183 1357 3188 ·
1772 3177 1778 3190 ·

542 3299 641 3372 ςοιζ,
663 3299 706 3365 ῃ,
740 3297 793 3362 Ex
813 3315 879 3380 quo
896 3296 995 3378 porro
1009 3285 1206 3354 maniielintn
1219 3285 1282 3364 est,
1303 3309 1431 3373 precam
1445 3291 1659 3375 primatirmm
1681 3292 1718 3356 ad
1738 3289 1921 3360 Collatnrea
1942 3294 2001 3361 Ca·

527 3379 535 3448 ’,
628 3381 773 3448 thollcos
791 3381 978 3443 directarum
991 3389 1205 3445 executores,
1226 3390 1291 3434 non
1307 3372 1364 3436 nist
1377 3376 1467 3436 viros
1482 3375 1681 3456 indignitate
1694 3375 1909 3442 Eccleliastica
1921 3397 1998 3444 con·

512 3459 574 3500 '³²
625 3461 776 3536 stitdtom
800 3460 834 3526 Si
856 3469 962 3522 autern
983 3454 1164 3524 Collatotes
1188 3454 1381 3538 Augustanae
1404 3455 1598 3521 Coofeffinni
1619 3458 1679 3521 lint
1702 3459 1840 3534 ruditu,
1860 3463 1900 3526 ad
1915 3480 1996 3546 quoa

526 3547 544 3614 .’
627 3564 739 3630 precer
752 3544 822 3608 sunt
837 3539 1011 3626 possedite,
1032 3540 1192 3604 Dominoa
1208 3557 1339 3621 quoque
1349 3538 1555 3610 territorialea
1572 3541 1720 3606 constitui
1733 3538 1831 3625 polle.

497 3703 511 3758 p
550 3661 648 3733 COR.
665 3659 723 3725 111.
759 3659 919 3735 Quoniam
934 3659 1069 3740 deniqne
1085 3654 1262 3742 Imperator
1272 3658 1306 3723 in
1320 3660 1413 3723 rebna
1432 3656 1654 3725 Ecclasaasticia
1672 3658 1706 3721 dt
1724 3657 1934 3724 beneficiariis
1954 3677 1999 3728 ex

626 3743 658 3808 se
674 3741 1008 3826 juristifflonem'non
1021 3741 1133 3815 habete
1158 3741 1251 3806 facile
1264 3742 1383 3817 confit,
1403 3741 1604 3806 Executores
1614 3761 1742 3826 precum
1756 3741 1796 3804 ad
1808 3741 1998 3808 Catholieoa

623 3824 837 3896 dtreetrmm,
855 3841 922 3885 non
934 3821 1216 3905 imperatoria,sed
1226 3825 1388 3888 Pontificis
1403 3824 1754 3890 authoritateofficium
1765 3824 1853 3888 soom
1866 3843 2000 3910 perage·

493 3967 500 3976 .
622 3927 671 3976 se.
715 3904 1008 3972 Cotroboranthoc
1023 3906 1171 3989 pleraque
1190 3906 1380 3970 Pontificum
1403 3909 1543 3983 indulta,
1566 3906 1849 3989 &Imperatorum
1874 3927 2000 3990 precer,

625 3992 741 4136 pniboa
755 3991 911 4055 formula:
932 3988 1134 4052 uentrem
1149 3987 1188 4052 δ’
1201 3989 1383 4073 mutamus
1400 3990 1588 4064 authoritate
1603 3990 1764 4075 PontiJirt'o
1785 4010 1916 4074 precum
1936 4009 1999 4055 uo·
2037 3997 2041 4004 '

654 4091 757 4137 rarum
771 4086 985 4145 executores,
1006 4070 1118 4135 inserta
1132 4071 1186 4135 est.
1210 4127 1213 4134 ,

448 4227 452 4233 ·
546 4189 691 4271 §CHOL
719 4189 745 4257 L
778 4192 865 4255 Olim
884 4193 1094 4272 Imperatores
1113 4192 1339 4256 executionem
1356 4211 1482 4277 precam
1503 4190 1624 4260 suatum
1648 4190 1833 4277 plerumque
1852 4187 1999 4256 Prtefitli-

624 4278 685 4341 bus
703 4273 944 4414 Capitolomm,
969 4293 1002 4336 v.
1016 4294 1044 4337 c.
1057 4273 1193 4338 Decanis
1208 4277 1395 4339 demandare
1408 4278 1646 4343 consueverant.
1693 4277 1854 4354 Quoniam
1867 4293 1948 4336 veto
1961 4274 1998 4341 ht

623 4357 725 4423 variis
764 4355 804 4417 ub
823 4357 1032 4435 praetextibus
1052 4356 1086 4418 in
1104 4358 1300 4436 exequendis
1321 4360 1465 4440 precibus
1486 4362 1736 4445 negligentiores
1760 4358 1823 4422 elle
1842 4356 1999 4434 solebant,

623 4458 753 4522 coepete
766 4436 965 4518 postmodum
985 4436 1193 4532 imperatores
1212 4443 1417 4505 executionis
1436 4442 1579 4506 officinm
1599 4444 1720 4507 deferte
1743 4442 1998 4516 Potentiorum,-

623 4540 662 4610 γ,
670 4541 704 4610 g.
713 4518 915 4591 Electorlbua
924 4509 1144 4592 Eceteua'ttrcir
1156 4517 1189 4589 dt
1200 4519 1382 4612 apocopa:
1397 4513 1673 4607 Quemadmodum
1683 4522 2014 4691 defendiuandolppp'
