5017 5592
385 781 389 788 .
421 653 425 658 ’
459 663 533 743 nu
557 657 780 758 cinctuti.
807 659 877 740 un
895 658 1002 757 tus,
1028 600 1694 766 Qunattuutntnnntac'o
1713 667 1779 747 ac.
1808 694 1878 775 533
1982 719 1985 724 .
2099 699 2102 704 -

531 844 558 908 0
588 844 628 938 eit¹
637 885 646 915 ‚
664 861 750 939 queen
768 838 951 908 fflNSUE
958 839 1274 940 TsJDlNARsUsss
1291 848 1413 918 uocans,
1429 842 1565 930 quosne
1578 864 1659 910 nnnc
1677 853 1743 914 toto
1758 821 1894 934 Angue,

572 928 644 1018 osseo
663 935 791 1002 utitur,
812 936 841 991 et
859 927 1028 1010 Hybernto.
1589 976 1591 979 ⁴
1807 967 1814 988 t

526 1070 617 1141 XLI.
642 1063 802 1159 Magister
818 1091 894 1139 veen
911 1074 958 1139 N.
981 1088 1102 1162 vsqoct
1137 1060 1331 1159 teifirntate:
1363 1064 1419 1140 hic
1441 1063 1564 1139 versus'
1575 1071 1709 1167 exponit
1728 1068 1896 1144 tutionem

408 1162 713 1246 fundamentalem,
736 1163 767 1233 vi
791 1166 884 1235 cuiue
903 1165 1065 1258 Magister
1080 1171 1127 1235 N.
1143 1163 1274 1261 saepius
1295 1166 1361 1235 iam
1383 1163 1490 1235 diuae
1509 1169 1638 1239 decimae
1657 1163 1909 1242 concessionem·

409 1267 574 1360 'Mngistte
593 1265 671 1335 Hnb.
697 1265 873 1333 conuentu
888 1257 1044 1343 assensum
1057 1257 1245 1359 praestante
1261 1257 1400 1344 fassam,
1434 1264 1655 1358 impugnare,
1687 1289 1720 1339 et
1741 1288 1896 1339 euertere
1936 1344 1939 1348 ,

409 1363 604 1436 conabatur.
670 1358 965 1430 Praetendicenim
990 1354 1227 1430 concessonem
1251 1356 1454 1431 deeimaesibi
1472 1365 1573 1455 prius,
1604 1387 1706 1532 Euam
1729 1360 1896 1455 Magistro
2005 1367 2009 1380 '

1630 1459 1729 1559 bique
1752 1460 1893 1538 enndetn

409 1460 509 1533 Hub.
526 1456 664 1539 faciam,
691 1454 732 1525 ab
747 1453 913 1553 Episcopo
928 1451 1133 1528 Dioecesano
1152 1458 1219 1528 iam
1236 1453 1331 1529 fuisse
1347 1459 1574 1551 confirmatam,

409 1580 453 1632 ex
472 1559 538 1631 stoc
553 1558 663 1650 capite
679 1556 810 1650 potius,
838 1577 938 1649 quam
961 1551 1125 1645 Magistro
1143 1552 1257 1637 Hub.,
1282 1554 1409 1629 deberi.

529 1689 637 1760 XLII.
660 1684 816 1784 Exposco
838 1684 879 1759 fic
900 1684 1003 1759 dubio
1026 1687 1174 1784 Capituli
1197 1685 1292 1774 casu,
1328 1690 1394 1762 iam
1419 1687 1459 1761 od
1483 1685 1651 1764 Pontificio
1674 1687 1894 1778 decisionem,

410 1811 501 1889 quac
515 1785 715 1857 dissinibioni
733 1782 861 1866 insistit,
886 1786 1151 1883 properandum.
1205 1791 1309 1870 Vnde,
1341 1792 1412 1881 quie
1426 1814 1479 1861 net
1498 1789 1650 1879 confidere
1670 1791 1813 1881 uosnissi,
1846 1794 1896 1863 ina

412 1895 489 1982 quit
503 1878 673 1965 Pontifex,
699 1886 777 1967 cons.
793 1903 817 1953 t.
836 1904 858 1953 t.
876 1910 923 1954 t.:
949 1887 1028 1975 qued
1049 1885 1179 1979 conceffie
1201 1908 1306 1982 voque
1323 1889 1439 1956 debete.
1498 1889 1611 1958 Primo
1636 1886 1701 1959 hoc
1722 1885 1895 1961 decisionis

411 1985 490 2058 suae
510 1979 662 2053 membro
683 1982 729 2051 ita
744 1977 923 2075 respondet
938 1977 1107 2052 Pontifex:
1135 1984 1276 2076 Ceneeffio
1296 1987 1379 2078 ptius
1390 1985 1494 2077 sassa,
1517 1984 1545 2073 ,s
1558 1993 1714 2056 conuentu
1722 1988 1848 2079 sciente,
1863 2006 1896 2061 et

412 2108 474 2159 nen
491 2083 715 2152 contradicente
731 2077 747 2113 '
757 2079 846 2170 sessa
860 2078 924 2171 est,
949 2081 1039 2150 redut
1056 2080 1177 2167 tirenum
1190 2084 1276 2151 debet
1289 2083 1406 2151 babere.

396 2212 398 2215 ’
456 2219 471 2253 ’
495 2211 584 2279 Haec
608 2212 704 2275 vetba
736 2212 849 2273 iterum
874 2209 1208 2307 euidentetptobant,
1245 2208 1423 2308 Capitulum
1439 2208 1540 2273 hocce
1555 2227 1620 2273 non
1639 2208 1724 2292 posse
1740 2213 1839 2296 accipi
1854 2212 1896 2277 de

537 2291 1538 2449 ‘ft'st'd‘substituisti,santiani“usisibus
1554 2306 1706 2437 idmst}
1726 2307 1764 2436 ‘s
1781 2293 1899 2441 ssd:
2002 2302 2017 2348 ²

537 2377 657 2522 sitem
683 2425 781 2521 serito
796 2458 855 2519 erit
874 2453 1094 2536 Episcopornm
1107 2456 1249 2524 donacio,
1271 2394 1316 2518 ses
1333 2396 1489 2526 dindina,
1509 2459 1555 2517 nes
1574 2395 1768 2520 edinnintntib
1786 2463 1833 2522 rei
1849 2478 1896 2522 ee-

533 2540 701 2624 csefiosst'tae
716 2541 825 2618 absque
842 2537 990 2600 COLLA
998 2535 1098 2599 UDA
1106 2535 1247 2600 TIONE
1269 2547 1298 2601 es
1314 2536 1684 2603 SUBSCRIPTIONE
1704 2540 1896 2607 (sericorum.

531 2624 725 2768 ssp‘irpptem
748 2620 980 2684 collaudareet
998 2616 1185 2683 subscribere
1203 2618 1316 2693 debet,
1339 2641 1378 2684 an
1401 2620 1554 2695 sufficiet,
1590 2619 1675 2683 hunc
1689 2641 1750 2683 non
1772 2630 1894 2692 conten·

536 2825 657 2893 xL111.
685 2818 855 2893 Mirabisia
871 2814 1044 2915 profesio,
1070 2843 1103 2894 et
1119 2819 1260 2893 notoriis
1280 2820 1363 2891 iuria
1384 2820 1559 2918 vttiuaquc
1576 2820 1750 2917 principiis
1769 2840 1899 2893 contre·

416 2922 470 2993 tia
484 2917 564 2991 haec
578 2917 695 2992 deciso
712 2919 816 2991 videri
834 2915 954 3014 posset,
976 2943 1085 3014 quum
1104 2926 1135 2990 in
1149 2924 1215 3011 peri
1229 2917 1315 3010 cause
1330 2921 1479 3011 potintfit
1494 2924 1623 2990 conditio
1641 2922 1820 3011 pnffldtntis.
1854 2923 1897 2991 R.
1946 2949 1949 2954 ⁴

418 3019 454 3091 1.
469 3027 525 3106 65.
544 3021 576 3087 in
593 3024 644 3097 6.,
669 3020 748 3087 item
765 3018 786 3087 l.
813 3029 875 3096 ¹28
905 3010 941 3086 ss.
958 3017 999 3088 dc
1018 3020 1058 3087 R.
1079 3021 1107 3088 s.
1168 3021 1258 3108 Ergo
1278 3040 1414 3112 quoque
1439 3020 1473 3086 in
1523 3014 1661 3087 caesenti
1687 3014 1760 3087 casu
1783 3020 1898 3111 potior

418 3109 483 3188 esse
500 3111 657 3185 debuisset
677 3116 831 3206 Magistri
850 3118 996 3193 sinberti,
1021 3111 1211 3207 praedisiae
1227 3114 1375 3186 decimae
1395 3041 1599 3208 possessoris,
1632 3137 1748 3209 vtpote
1771 3114 1812 3185 ab
1834 3123 1896 3186 At·

419 3211 617 3286 chidiacono
641 3215 705 3281 ium
729 3209 889 3289 ittttcssiti,
920 3211 1088 3284 conditio,
1123 3236 1222 3303 quntn
1246 3212 1401 3301 Magistri
1428 3221 1471 3282 N.
1501 3206 1725 3304 possessionem
1748 3212 1899 3284 nondum
1930 3223 1933 3230 '
1976 3279 1979 3284 .
2103 3301 2111 3310 .

419 3305 607 3396 nassi,sed
629 3309 750 3377 nudam
770 3305 923 3401 Episcopi
950 3302 1249 3379 confirmationem.
1319 3310 1457 3377 Accedit
1481 3313 1503 3377 s.
1530 3333 1582 3389 15.
1620 3310 1704 3379 Cod.
1727 3308 1767 3377 de
1791 3312 1830 3380 R.
1852 3314 1898 3382 V.

419 3407 594 3497 Ministssi
614 3410 688 3475 ineis
706 3406 766 3492 ess,
790 3408 1120 3498 inquitsmperator,
1145 3428 1229 3483 eunt,
1251 3407 1298 3474 eni
1312 3408 1405 3495 priori
1429 3406 1577 3473 traditum
1602 3404 1660 3494 est,
1681 3410 1713 3474 in
1736 3408 1898 3476 detinendo

420 3510 549 3577 dontinio
564 3503 619 3595 effe
638 3507 793 3597 potiorem.
846 3501 1025 3572 Videbttur
1046 3503 1157 3593 itaque
1173 3496 1323 3574 Pontifex
1338 3496 1551 3597 inpraesenti
1571 3496 1645 3572 casu
1663 3504 1899 3590 contramanie

419 3598 503 3675 festa
520 3606 693 3697 utriusque
711 3602 792 3671 iuris
808 3600 975 3697 principio
992 3593 1158 3672 decidisse.
1320 3593 1324 3602 ¹

538 3740 662 3806 XLsV.
699 3732 761 3805 Sed
780 3731 1066 3825 respondendum,
1092 3734 1126 3801 in
1139 3735 1206 3826 peti
1224 3731 1331 3813 tense,
1363 3730 1385 3802 i.
1402 3753 1430 3802 e.
1457 3734 1548 3805 tietb
1570 3732 1718 3823 utrinque
1738 3727 1805 3825 peti
1828 3734 1901 3803 due·
1965 3773 1970 3778 ·
2047 3809 2051 3814 ,

422 3856 509 3916 tunt,
533 3829 697 3929 praesenti
714 3827 942 3927 possessorem
971 3827 1174 3925 suppositum
1195 3828 1374 3922 negando,
1400 3827 1444 3912 st,
1469 3830 1560 3925 qnod
1584 3831 1629 3901 oit
1645 3853 1776 3911 textus,
1800 3829 1900 3900 Dese·

422 3953 502 4024 gato
530 3930 737 4010 constiterit,
771 3926 944 4025 praediiio
973 3933 1022 4001 N.
1048 3930 1157 4022 prins,
1184 3952 1249 3996 non
1274 3927 1521 4001 contradicente
1543 3931 1746 4009 Conuentu,
1770 3922 1901 3999 conces·

421 4032 492 4101 sant
521 4023 616 4099 fuisse
645 4032 829 4098 vennone
854 4023 1026 4123 ipsamque
1049 4027 1133 4098 hono
1154 4019 1391 4095 concessionem
1422 4022 1587 4122 Episcopo
1610 4025 1650 4093 od
1675 4020 1899 4095 confirmatio·

421 4149 500 4196 nem
528 4121 788 4220 praesentatam,
816 4144 892 4194 tanc
909 4125 997 4193 enim
1017 4122 1157 4195 secunda
1172 4116 1331 4192 concessio
1348 4126 1381 4191 in
1401 4114 1551 4191 sanorem
1569 4124 1695 4189 Hnsetti
1711 4116 1921 4193 suissetnuso·

422 4223 475 4305 la,
496 4246 613 4318 vtpote
628 4246 732 4318 quum
755 4243 916 4318 patronus
940 4217 997 4291 isse
1014 4216 1252 4292 Ecclesassicus
1271 4216 1329 4289 suo
1346 4215 1573 4314 ptacs'cntundi
1590 4242 1728 4288 munere
1743 4220 1808 4286 iam
1822 4213 1900 4291 suis·

420 4316 470 4391 set
487 4315 640 4399 funssua,
658 4319 689 4390 dt
709 4315 914 4390 honorificus
930 4319 1010 4387 iuris
1028 4321 1221 4388 Patronatus
1231 4308 1360 4386 studius
1376 4311 1507 4386 consum
1513 4339 1607 4409 ptus,
1624 4338 1684 4387 nec
1700 4322 1730 4387 ei
1747 4316 1899 4395 variandi

423 4417 558 4489 licentia
574 4418 833 4488 concederetur:
858 4415 944 4486 vnde
960 4417 1071 4510 potina
1087 4410 1282 4485 subintrabit
1297 4413 1398 4495 altera
1419 4416 1446 4484 s.
1469 4415 1508 4485 R.
1533 4441 1549 4508 3
1555 4438 1591 4505 3.
1612 4417 1647 4484 in
1670 4421 1702 4489 6.
1758 4416 1901 4490 Alntnte

423 4516 576 4606 conislium
590 4527 657 4606 quis
672 4540 730 4586 non
744 4509 854 4609 potest,
875 4517 906 4583 in
922 4516 1049 4585 asterites
1065 4517 1292 4585 detrimentum.

548 4649 653 4719 XLV.
675 4650 753 4724 Nec
772 4642 985 4724 abductius.
1009 4672 1063 4733 υ.
1081 4648 1177 4816 (led.X
1172 4647 1209 4715 de
1223 4653 1263 4717 R.
1281 4651 1341 4723 Vn·
1356 4643 1451 4722 'hanc
1471 4646 1559 4725 euim
1577 4646 1685 4742 segem
1698 4642 1722 4719 st
1737 4643 1902 4838 intessipa:

1192 4767 1250 4814 xx
1279 4764 1298 4834 3
1865 4765 1885 4813 v
