5017 5592
535 635 623 760 ¹ur
646 645 775 781 June
799 681 1140 760 couirronuui
1161 681 1354 760 rnirnuu
1380 681 1530 760 cinca
1546 679 1724 761 suern
1838 711 1887 784 o

1032 871 1062 960 §-
1111 868 1271 945 xxur.

521 1022 668 1094 Comitia
689 1017 854 1114 Spirensis
877 1028 919 1093 A.
940 1042 1043 1115 1544.
1060 1019 1220 1118 prasente
1239 1019 1384 1107 Caesare,
1407 1020 1620 1120 Starihusque
1638 1017 1710 1096 fere
1731 1019 1886 1100 omnihus
1937 1047 2076 1113 compti,

414 1117 571 1192 celebrata
586 1122 686 1190 nimis
701 1115 825 1192 famosa
840 1116 931 1202 sunt,
956 1145 1056 1216 quam
1077 1145 1113 1192 ut
1136 1122 1189 1192 hie
1205 1147 1323 1193 eorum
1340 1125 1467 1193 mentio
1490 1119 1564 1193 sieri
1583 1147 1649 1194 uon
1673 1121 1807 1206 debeat,
1829 1145 1885 1194 ne·
1902 1130 2055 1213 Spirensi·

417 1244 476 1314 que
492 1241 604 1288 tamen
620 1214 683 1301 esl,
706 1243 767 1290 cur
789 1242 903 1289 rerum
927 1216 1091 1310 gestarum
1114 1214 1252 1302 seriem,
1275 1221 1414 1302 modos,
1440 1224 1584 1291 rationes
1600 1245 1796 1294 narremus.
1829 1217 2083 1314 (ndu-1544„

416 1318 553 1408 indigna
567 1319 616 1386 rei
633 1315 831 1396 Catholicae,
856 1340 916 1387 nec
932 1315 999 1413 ipsu
1023 1321 1103 1388 Pace
1125 1315 1347 1412 Weslphalica
1369 1319 1471 1389 hodie
1493 1301 1666 1413 permissa,
1691 1315 1819 1389 Caesare
1839 1317 1886 1388 di·
1903 1297 2078 1418 clll'sflffl‘

393 1413 534 1486 ,llirore
554 1411 731 1484 cunslituta
748 1411 839 1498 suns3
864 1437 1086 1510 preterquam
1102 1415 1191 1511 quod
1211 1413 1427 1487 Ecclesiarutn
1445 1417 1574 1486 Praelati
1592 1440 1810 1507 gravarentur
1834 1442 1887 1487 va·
1904 1399 2033 1446 ηοω·

415 1517 466 1584 riis
488 1512 611 1584 iisdem
639 1509 802 1610 impositis
824 1510 999 1593 colleslis,
1025 1510 1079 1608 (s)
1105 1511 1334 1604 Auguslanunr
1359 1513 1719 1608 contra,i’rorestantes
1740 1511 1887 1586 edilium

417 1607 625 1709 suspensum,
648 1615 739 1682 Bona
756 1606 973 1682 Ecclehaslica
994 1607 1226 1706 possessoribus
1243 1611 1358 1683 relihia
1380 1641 1399 1681 a
1421 1610 1525 1709 prisca
1545 1611 1708 1703 religione
1729 1611 1890 1683 devianti·

417 1707 489 1790 hus,
515 1708 701 1780 Cameralis
716 1707 841 1800 judicii
860 1704 1040 1778 Asl'essorcs
1058 1705 1123 1780 siue
1144 1709 1315 1802 religionis
1342 1709 1530 1783 discrimine
1552 1712 1697 1802 recepti,
1723 1707 1889 1780 Murislris
1967 1717 1972 1724 '

419 1805 685 1878 Ecclessarumdr
711 1807 906 1877 Scholarum
933 1803 1190 1876 Protcslantium
1218 1834 1254 1877 ex
1281 1807 1376 1877 honis
1405 1805 1633 1878 Eccsefiasticis
1659 1808 1786 1878 reditus
1817 1805 1889 1878 assi·

420 1909 495 1998 goati
516 1905 580 1976 circ.
607 1905 662 1996 (c)
688 1905 850 1975 Catholici
869 1900 1020 1980 restitere
1035 1904 1073 1971 ab
1093 1907 1187 1973 ininn
1204 1909 1352 1975 Decreto
1367 1908 1462 1986 huic,
1480 1904 1533 1974 sed
1552 1902 1763 1997 postmodum
1778 1929 1890 1977 tamen

423 2001 532 2074 Cesari
552 2025 610 2074 aut
631 1998 788 2072 assensum
811 2000 1048 2095 praebuerunt,
1075 2026 1130 2072 aut
1144 2000 1290 2074 rehslere
1307 2003 1498 2076 noluerunt.
1550 2003 1663 2094 Magis
1684 2003 1791 2074 adhuc
1808 2007 1891 2076 Pon·
1924 2003 1929 2018 ⁸

424 2100 534 2172 isicem
549 2152 558 2182 ,
584 2100 616 2170 dr
643 2100 834 2171 Catholicos
856 2098 1014 2178 offendit,
1038 2100 1129 2194 quod
1146 2101 1286 2171 Carolus
1302 2126 1364 2198 per
1379 2104 1554 2195 utriusque
1570 2105 1675 2198 partis
1689 2101 1889 2196 Theologos

426 2196 503 2269 annis
524 2197 619 2294 seqq.
645 2201 841 2269 Wormatiae
866 2198 897 2267 dr
921 2196 1109 2268 Ratishonae
1135 2196 1212 2269 fidei
1236 2223 1431 2269 aemorum
1458 2195 1707 2269 reformationis
1734 2193 1890 2272 formulae

429 2295 608 2370 consuendae
627 2294 843 2377 allaboraret,
863 2299 988 2366 arcanis
1004 2320 1114 2366 tamen
1130 2291 1219 2367 forte
1234 2275 1350 2367 Cdroli
1370 2293 1566 2368 rationibus.
1592 2293 1649 2384 (d)

390 2501 395 2528 ,
458 2447 511 2530 (a)
533 2446 748 2510 Praestiternnt
769 2448 800 2509 id
823 2446 963 2513 historici
982 2447 1118 2510 Coaevic
1150 2443 1167 2520 J
1176 2464 1332 2522 ovrus,
1356 2445 1612 2512 Burcanrus
1642 2444 1891 2514 Scrrrnrnn·

525 2551 627 2603 rcus,
650 2527 689 2593 fd
709 2530 909 2593 haeresium.

436 2691 441 2704 .,
457 2649 506 2727 (s)
530 2649 570 2714 R.
595 2649 623 2714 l.
648 2648 681 2732 §.
708 2669 757 2712 rr.
779 2646 818 2714 ὃ
834 2648 949 2740 paſjim.

460 2765 506 2848 (r)
527 2763 565 2830 R.
592 2765 619 2830 s.
647 2763 735 2846 Spir.
751 2767 780 2844 ς.
795 2786 846 2850 ῃ.
863 2767 905 2830 nd
918 2769 981 2846 §.9
1004 2814 1013 2831 .
1058 2765 1211 2830 Rationes
1232 2761 1381 2847 politicas
1401 2768 1500 2825 tantas
1521 2764 1554 2826 in
1574 2763 1694 2826 Carolo
1716 2763 1892 2841 facilitatis,

527 2849 639 2944 odium
660 2865 735 2992 ετῖι
757 2846 949 2946 Franciscntn
988 2848 1084 2912 raliiae
1108 2847 1145 2916 R.
1164 2856 1278 2927 putant
1293 2865 1426 2921 omnes,
1448 2847 1591 2938 acerhipa
1610 2847 1890 2914 hlnaataoureo

529 2929 611 3014 Hrjl.
632 2930 674 2992 du
716 2929 928 3013 utinomsme.
946 2934 965 2995 s.
979 2951 1009 3013 3.
1028 2931 1070 2994 ad
1082 2932 1128 2998 A.
1145 2948 1236 3011 1544.

462 3047 515 3133 υ)
539 3048 614 3118 vu.
636 3029 919 3116 umaaou'aa
940 3051 960 3118 t.
980 3052 1031 3117 aa.
1051 3049 1093 3115 aa
1114 3049 1158 3114 A.
1184 3046 1274 3131 1546.

1038 3235 1068 3323 i·
1116 3229 1275 3303 xxiv.
1362 3178 1373 3194 ’

531 3376 657 3451 Exarsit
672 3379 742 3454 hcc
755 3384 843 3452 inter
858 3380 982 3452 helsum
1000 3379 1317 3460 Sehmalcaldicunt,
1341 3402 1409 3474 quo
1427 3374 1570 3451 feliciter
1583 3375 1754 3463 confesso,
1781 3381 1816 3454 in
1831 3381 1894 3454 Co·
1940 3379 2082 3446 Libellufl

422 3479 517 3550 mitiis
540 3475 741 3570 Augustanis
762 3488 804 3552 A.
833 3492 937 3569 ¹548·
961 3483 1071 3550 Status
1095 3478 1193 3575 pierii
1208 3503 1250 3549 ue
1270 3474 1301 3548 se
1316 3478 1428 3572 quoad
1445 3479 1602 3550 articulos
1618 3481 1802 3571 Religionis
1818 3503 1879 3550 con
1907 3461 2039 3563 Interim

420 3572 585 3650 troversos
610 3579 764 3650 Concilio
784 3578 988 3650 Tridentino
1018 3573 1135 3658 futuro
1162 3505 1342 3646 suhmisere
1371 3573 1426 3666 (a)
1449 3599 1525 3646 cum
1546 3601 1626 3647 uero
1651 3578 1684 3646 id
1709 3573 1892 3648 Bononiam
1909 3543 2084 3692 Qghlz.

417 3676 631 3754 translamm,
650 3673 682 3745 dr
700 3680 805 3747 varias
820 3674 864 3747 ob
881 3679 981 3747 tricas
999 3674 1053 3773 (b)
1069 3675 1140 3771 ejus
1156 3695 1293 3747 eventus
1310 3674 1455 3768 inceptus
1470 3667 1566 3752 esset,
1587 3670 1695 3746 Caesar
1709 3678 1891 3746 Decretum
1908 3647 2085 3794 ffugffi·

411 3771 677 3864 interreligionis
695 3774 861 3846 edendum
880 3796 988 3851 ratus,
1012 3776 1065 3845 cui
1085 3778 1211 3844 interea
1226 3774 1259 3842 in
1276 3772 1459 3842 Germania
1474 3769 1709 3845 adherendum
1725 3769 1777 3862 ess
1846 3769 1895 3844 sa·

410 3868 545 3944 mosum
567 3869 652 3944 illud
676 3891 881 3945 tarrantis
906 3873 1079 3968 compilari
1100 3866 1205 3966 juffit,
1231 3870 1342 3966 quod,
1367 3863 1595 3941 siconcesium
1622 3875 1729 3942 Laicis
1745 3793 1892 3944 effrem

409 3966 700 4051 Eucharisticum,
728 3970 867 4042 Clericis
882 3971 941 4060 (iis
958 3972 1014 4064 qui
1031 3992 1102 4039 rum
1117 3990 1236 4039 uxores
1248 3966 1316 4063 jam
1332 3966 1513 4059 duxerant)
1532 3970 1790 4040 Matrimonium
1805 3993 1896 4044 exee-

406 4071 527 4168 pcris,
554 4061 628 4137 sere
650 4069 877 4151 Catholicum,
904 4069 938 4137 in
959 4071 1058 4138 tanis
1074 4090 1183 4139 tamen
1200 4064 1359 4161 loquendi
1376 4059 1532 4137 formulis
1548 4065 1761 4156 ambiguum,
1789 4068 1895 4164 pluri·

406 4192 487 4244 rnos
517 4160 774 4256 Protessantium
797 4165 995 4254 Theologos
1018 4168 1138 4237 acriter
1161 4161 1321 4243 offendit,
1353 4162 1544 4256 multasque
1564 4165 1606 4234 iis
1629 4160 1730 4235 seslaa
1748 4170 1893 4265 peperit,

405 4291 473 4338 nec
498 4259 577 4335 satis
601 4260 753 4336 Pontifici
775 4288 813 4336 ac
840 4262 1022 4336 Catholicis
1037 4263 1179 4359 placuit,
1205 4286 1265 4332 nec
1280 4263 1330 4332 rei
1345 4258 1539 4332 Chrissianae
1553 4256 1693 4355 profuit.
1713 4263 1763 4356 (c)
1813 4270 1900 4338 Non

404 4388 528 4439 tamen
545 4363 774 4436 contradixere
791 4364 824 4432 in
839 4363 995 4433 Comitiia
1011 4365 1121 4431 Status
1139 4359 1322 4440 Catholici,
1344 4381 1404 4428 nee
1419 4365 1462 4428 Α.
1476 4360 1515 4428 C.
1537 4357 1670 4431 addisli.
1695 4362 1751 4451 (d)
1799 4363 1899 4436 Edita

404 4459 512 4536 simul
535 4485 554 4530 a
576 4461 699 4532 Carolo
714 4457 925 4534 Reformatio
939 4455 1170 4531 Ecclehaslica.
1186 4456 1237 4545 (e)
1288 4459 1326 4524 In
1343 4457 1497 4526 Comitiis
1511 4455 1711 4548 Augustanis
1727 4464 1769 4529 Α.
1790 4482 1895 4549 1551.

407 4562 454 4632 de
473 4556 632 4631 Concilio
648 4558 852 4632 Tridentino
869 4556 1093 4629 continuando
1111 4552 1322 4651 promulgata
1343 4577 1361 4622 a
1377 4551 1536 4624 Pontihce
1553 4555 1641 4625 hulla
1656 4561 1807 4637 recitata,
1831 4559 1895 4647 (s)

407 4657 607 4834 Corpilium
625 4682 706 4834 herm
721 4679 929 4758 acceptatum
942 4653 1008 4742 css,
1024 4679 1111 4731 votis
1126 4651 1294 4729 Ordinum
1304 4652 1412 4826 eGriam
1425 4647 1690 4733 Protessautium
1711 4658 1764 4750 (g)
1802 4653 1896 4743 Qun

470 4753 603 4830 'onius
668 4807 679 4831 .
1814 4747 1900 4827 rarii
