5017 5592
1507 521 1519 558 2
1820 527 1824 536 .

648 620 750 714 goa
762 621 890 720 June
905 611 1172 698 cnasnuno
1188 618 1561 698 rntttnnrnnuu
1584 620 1803 700 rancun.
1918 582 2004 710 2'21-
2046 597 2092 642 ”

517 830 616 904 quam
634 799 784 902 possunt,
804 800 859 875 scd
872 798 1062 898 exspectare
1076 823 1133 872 eos
1156 807 1311 898 oportet,
1336 800 1441 897 usque
1455 803 1567 873 duma
1586 800 1699 896 judice
1725 827 1937 903 competente
1950 810 1993 882 lia
2120 813 2135 842 ‘·

517 907 550 976 lit
570 902 697 983 decisa,
722 926 789 996 quo
810 897 883 972 casu
901 897 922 969 st
939 897 1032 970 causa
1048 901 1081 968 in
1102 892 1254 971 favorem
1279 903 1427 995 precislae
1445 897 1623 993 dijudicata
1648 896 1770 984 suerit,
1795 906 1847 974 vel
1864 912 1993 1000 pretio

513 1003 634 1099 judicis
661 1000 817 1070 mandato
843 999 894 1070 tel
913 994 1028 1068 saltem
1053 993 1189 1068 vilioris
1213 995 1362 1093 preciliae
1385 996 1600 1091 requisitione
1622 991 1708 1069 fasta
1729 1024 1844 1095 preces
1862 1004 1897 1076 dt
1919 997 1994 1090 seu}

514 1104 653 1173 lentiam
673 1101 858 1169 executioni
875 1095 954 1167 dare
977 1114 1152 1191 poterunt:
1180 1094 1269 1166 secus
1286 1094 1330 1165 csl
1347 1096 1545 1177 dicendum,
1569 1093 1589 1164 s
1611 1099 1646 1166 in
1668 1095 1763 1168 causa
1784 1099 1925 1173 Ecclefia
1938 1103 1993 1175 tel

512 1198 657 1269 collator
684 1197 819 1275 vicerit,
838 1195 913 1265 'tum
940 1196 1113 1264 enimxero
1139 1188 1288 1264 officium
1309 1193 1445 1265 illorum
1471 1192 1617 1289 quiescet
1639 1218 1675 1265 ac
1697 1191 1892 1288 'suspensum
1914 1202 1991 1285 erit,

513 1295 619 1370 donec
633 1291 724 1366 aliud
739 1289 936 1367 beneficium
950 1292 1070 1389 primia
1085 1289 1243 1386 precibus
1258 1288 1441 1366 obnoxium
1454 1293 1489 1364 in
1505 1290 1621 1366 eadent
1633 1289 1774 1365 Ecclefia
1789 1299 1967 1392 vacaverit.

1193 1527 1241 1619 §.'
1277 1527 1323 1603 X.

629 1675 682 1747 Ur
703 1672 898 1747 coronidem
919 1675 1090 1773 imponam
1106 1676 1168 1747 toti
1192 1674 1491 1768 commentationi,
1517 1667 1729 1772 summopere
1744 1674 1881 1759 utilem,
1902 1675 1992 1752 &ab
2051 1753 2055 1760 ,

515 1776 585 1847 rliia
610 1775 784 1870 plerisque
800 1772 930 1867 dejure
950 1777 1191 1870 primariorum
1206 1796 1346 1867 precum
1371 1773 1597 1867 scriptoribus
1613 1770 1761 1845 omissam
1777 1773 1991 1872 questionem
2075 1820 2076 1823 =
2146 1801 2149 1806 ’

514 1873 670 1946 decidere
687 1865 736 1941 sas
752 1869 816 1951 esl,
838 1874 995 1967 adquam
1017 1874 1176 1941 nimirum
1191 1868 1428 1944 controversam
1444 1872 1588 1965 litesque
1608 1871 1826 1962 cognoscendi
1845 1897 1881 1945 ac
1904 1875 1992 1968 diju·
2011 1905 2016 1914 ·

514 1971 646 2043 dicandi
663 1966 806 2065 poteslas
821 1971 1004 2064 pertineat,
1021 1969 1053 2039 ἃ
1070 1972 1126 2065 qui
1144 1968 1268 2038 eadem
1282 1968 1495 2038 determinari
1512 1969 1712 2064 &componi
1730 1970 1886 2041 debcant:
1904 1997 1990 2044 unua

512 2070 600 2140 inter
616 2089 752 2151 ornnes,
773 2090 858 2161 quoa
871 2067 937 2157 legi
955 2064 1139 2147 Aullorea,
1162 2066 1246 2136 hanc
1270 2064 1483 2158 quaeslionem
1503 2066 1657 2137 duntaxat
1679 2063 1811 2138 excuslir
1825 2075 1989 2163 Ayrcrus,
2039 2149 2042 2158 Ι

512 2190 547 2237 rc
572 2160 742 2244 disseruit,
760 2163 1010 2258 procedendum
1026 2188 1064 2234 ea
1080 2167 1113 2235 itt
1126 2187 1164 2234 re
1187 2160 1357 2241 distinete,
1376 2162 1623 2257 videndumque
1638 2160 1715 2245 esse,
1739 2191 1779 2236 an
1797 2190 1991 2238 controver·
2134 2200 2142 2208 ·

513 2259 554 2336 sia
569 2260 633 2357 ipst
656 2261 871 2341 concedenti,
891 2285 931 2331 an
951 2265 1000 2342 ei,
1025 2265 1077 2332 cui
1091 2284 1209 2357 precer
1225 2256 1398 2341 concessa,
1419 2284 1610 2332 moveatur:
1633 2259 1712 2331 dum
1730 2287 1810 2333 vero
1828 2264 1904 2357 jure
1921 2270 1991 2373 pri·

512 2364 697 2433 mariarum
713 2382 850 2453 precum
866 2384 933 2429 non
954 2356 1042 2430 solua
1057 2358 1178 2451 gaudet
1200 2360 1407 2449 Imperator,
1430 2354 1534 2429 sed&
1557 2354 1657 2429 slatus
1679 2362 1835 2453 lmpcrii,
1855 2365 1990 2434 rursum

513 2456 784 2547 distinguendum
803 2452 866 2527 esse
889 2459 953 2537 ait,
977 2479 1091 2527 utrum
1112 2448 1335 2526 controversia
1359 2452 1454 2535 illos,
1477 2481 1517 2524 an
1541 2453 1601 2526 hoa
1622 2451 1759 2554 speslet.
1816 2460 1990 2554 imprimo

513 2554 587 2628 casu
603 2553 661 2626 ubi
684 2545 905 2648 Imperatoria
921 2556 973 2648 jus
990 2557 1024 2623 in
1046 2551 1184 2625 dubium
1208 2575 1363 2633 vocatur,
1387 2552 1422 2624 dt
1444 2550 1562 2624 decisio
1579 2579 1616 2624 ex
1638 2550 1788 2627 instrum.
1806 2558 1841 2625 P.
1861 2562 1913 2626 W.
1931 2582 1989 2651 pe·

514 2654 613 2727 tenda
636 2645 700 2733 cll,
721 2651 811 2723 haud
834 2650 934 2722 dubie
954 2648 1056 2723 causae
1078 2650 1303 2743 cognitionem
1325 2649 1364 2719 ad
1387 2652 1532 2720 Comitia
1558 2653 1697 2745 Imperii
1717 2648 1867 2746 speslarc
1887 2652 1990 2724 adfir-

513 2772 602 2832 mat,
622 2771 725 2846 prout
739 2752 773 2819 in
790 2746 885 2820 causa
899 2744 1242 2838 Wiedertbtugens&
1265 2744 1458 2819 Borsielcnsr
1475 2772 1516 2819 eo
1539 2769 1759 2842 provocatum
1782 2743 1864 2822 fuit:
1889 2751 1925 2821 in
1940 2747 1990 2824 se·
2118 2796 2123 2804 ,

512 2848 624 2921 cundo
643 2845 662 2917 st
680 2847 825 2943 Principi
842 2850 982 2944 Imperii
1009 2846 1049 2916 lis
1069 2850 1251 2917 intentetur
1267 2846 1308 2917 de
1327 2844 1403 2940 jure
1422 2847 1659 2941 primariarum
1681 2867 1839 2941 precum,
1860 2843 1989 2923 summa

512 2947 653 3043 Imperii
674 2944 851 3016 tribunalia
873 2941 974 3015 causae
994 2949 1219 3036 cognitionem
1236 2940 1294 3013 srbi
1317 2944 1484 3014 vindicare
1500 2942 1700 3035 arbitratur,
1724 2947 1875 3039 quamvis
1890 2945 1989 3020 aliter

514 3045 629 3136 Legati
647 3044 816 3114 Ordinum
834 3041 1021 3113 Ratisbonae
1041 3042 1233 3132 congregati
1255 3036 1452 3112 censuerint.
1503 3044 1541 3109 ln
1569 3040 1637 3132 3tio
1659 3039 1733 3112 casu
1757 3039 1813 3112 ubi
1834 3042 1888 3137 jus
1911 3049 1989 3140 qui·

516 3143 588 3214 detn
611 3141 824 3212 concedentis
845 3140 1030 3211 nullatenus
1046 3145 1077 3208 in
1097 3139 1235 3214 dubium
1251 3160 1388 3208 vocatur
1403 3138 1454 3210 rel
1470 3139 1501 3206 in
1520 3136 1789 3234 disceptationem
1812 3143 1912 3221 venit,
1930 3139 1987 3214 scd

515 3235 723 3310 solummodo
737 3238 778 3307 de
802 3236 950 3334 precislae
968 3233 1079 3307 forsan
1102 3239 1211 3304 minus
1234 3234 1352 3305 habilia
1376 3231 1569 3307 admissione
1591 3236 1630 3306 lis
1654 3239 1763 3308 oritur
1777 3216 1987 3317 (fundatam

516 3334 574 3409 esse
591 3347 639 3408 air
654 3332 922 3430 jurisdislionem
938 3332 1140 3411 Cesaream,
1163 3357 1223 3402 nec
1240 3333 1281 3402 ad
1303 3334 1438 3428 Curiam
1461 3336 1646 3404 Romanam
1669 3333 1840 3406 recursum
1859 3359 1988 3432 patere,

517 3430 1221 3625 llllll'll{ssli‘ssllillslll
1229 3428 1616 3619 ,lllllalilltsi
1633 3433 1989 3624 llllillsllsl

519 3629 737 3723 exponendae,
759 3628 814 3697 alii
835 3627 1033 3721 dijudicent:
1056 3650 1163 3695 meam
1180 3649 1216 3695 ut
1242 3623 1383 3719 desuper
1406 3623 1598 3695 sententiam
1623 3623 1732 3719 palam
1755 3623 1926 3698 edisseram
1952 3627 1988 3700 dt

517 3730 617 3819 tnagis
632 3724 674 3795 ad
690 3722 802 3794 sorum
821 3727 853 3795 ἃ
873 3727 1038 3822 principia
1059 3722 1311 3793 Catholicorum
1333 3719 1605 3803 accommodem,
1628 3724 1754 3819 pariter
1777 3719 1927 3796 dislinsle
1953 3719 1987 3799 dt

518 3823 610 3920 plane
632 3820 818 3919 procedere
838 3845 988 3917 oportet,
1011 3824 1124 3919 primo
1149 3816 1171 3889 fi
1195 3815 1302 3915 ipsum
1328 3818 1380 3914 jus
1407 3818 1691 3912 Imperatorislab
1714 3818 1854 3891 Ecclefia
1877 3822 1988 3916 aliqua
2112 3893 2124 3906 ,

519 3922 686 3993 Catholica
699 3925 735 3989 in
757 3918 896 3990 dubium
912 3944 1104 4000 revocatur,
1127 3944 1193 3989 non
1209 3913 1254 3989 est
1269 3917 1352 3988 adeo
1367 3940 1511 4011 pronum
1527 3941 1624 4013 prom
1653 3942 1808 4011 tumque,
1824 3922 1899 4015 quis
1914 3921 1986 4015 eiua

518 4016 579 4088 litia
597 4015 637 4089 sit
658 4015 782 4088 'udexr
807 4016 898 4111 juxta
920 4020 1084 4112 principia
1108 4022 1209 4102 enim,
1244 4018 1313 4085 uris
1338 4040 1436 4087 nemo
1457 4011 1564 4110 potest
1585 4040 1602 4085 e
1630 4039 1648 4084 e
1670 4015 1769 4107 judex
1793 4018 1997 4113 inproprie·

517 4113 627 4198 causa,
643 4042 668 4185 s
685 4137 796 4185 autem
817 4118 1007 4209 Imperator
1023 4138 1095 4184 eam
1115 4112 1268 4184 decidere
1287 4113 1401 4194 vellet,
1423 4114 1456 4181 in
1478 4136 1515 4183 re
1535 4115 1674 4277 propria
1687 4111 1850 4205 judicium
1864 4112 1922 4185 ille
1938 4111 1987 4189 se·
2103 4162 2108 4176 =

516 4235 563 4284 ret
582 4212 710 4309 absque
730 4210 832 4282 dubio
854 4236 920 4281 non
937 4235 1050 4281 contra
1067 4211 1098 4281 le
1114 4209 1167 4283 sed
1190 4235 1254 4305 pro
1271 4208 1321 4292 sc,
1343 4212 1420 4281 hinc
1445 4208 1526 4279 tales
1549 4233 1604 4280 ecc
1620 4205 1708 4293 cstae,
1732 4234 1806 4304 quae
1829 4215 1986 4285 exercitio

514 4308 596 4404 juria
617 4313 856 4405 primariorum
874 4333 1013 4403 precum
1030 4307 1094 4378 sese
1116 4329 1344 4403 opponerent,
1367 4301 1505 4399 peffimo
1521 4300 1632 4377 forent
1652 4306 1746 4389 loco,
1765 4307 1889 4380 etiamst
1908 4309 1987 4405 jure

513 4414 643 4505 optimo
664 4409 876 4501 maximeque
895 4402 1034 4477 fundato
1051 4403 1250 4501 prohibendi
1274 4425 1388 4498 preces
1404 4404 1603 4494 gauderent:
1623 4400 1813 4477 &ulterius
1835 4406 1889 4477 hic
1906 4432 1987 4503 pen·

510 4502 675 4577 standum
695 4500 760 4585 esi,
781 4504 833 4596 jus
856 4528 994 4601 precum
1019 4529 1084 4575 non
1105 4500 1165 4598 ips
1193 4523 1386 4597 competere
1407 4503 1440 4571 vi
1465 4500 1497 4571 dt
1519 4504 1616 4573 titulo
1644 4500 1820 4597 majestatis
1839 4555 1848 4586 ,
1868 4501 1922 4576 sed
1946 4530 1986 4576 cx

509 4601 749 4681 cousuetudine
767 4604 904 4699 antiqua
918 4626 1033 4679 contra
1053 4604 1141 4682 tiam
1163 4599 1341 4772 ordiqariae
1361 4597 1567 4691 collationis,
1588 4625 1654 4701 qua
1669 4602 1772 4698 igitur
1792 4604 1922 4768 ratique
1932 4603 1986 4694 ju·
2022 4613 2026 4631 “

1201 4743 1203 4748 -
1257 4717 1351 4793 ‘e3
1663 4789 1673 4805 x
1884 4719 1986 4777 retum
