5017 5592
500 657 574 738 454
743 633 1083 715 orssnu‘rarro
1131 567 1776 732 ursrorrrcossnuomcn*
1898 567 1967 682 ·-’

543 822 649 903 „Sunt
668 816 752 882 enim
774 817 955 893 Advocati,
970 815 1004 880 dr
1017 816 1199 880 defensores
1219 759 1450 886 uectem,
1478 829 1561 894 quoa
1579 812 1629 878 Se.
1651 808 1802 874 Canonee
1818 806 1853 874 oz
1870 806 1971 894 Lege.

617 905 754 982 „quibus
768 903 951 964 moderatur
972 899 1128 974 Ecclesia,
1151 897 1328 981 Episcopus
1345 897 1460 959 babere
1470 897 1607 1039 ¹iubent,
1628 911 1766 974 qrrornm
1795 889 1977 1104 ΙιιιῇυιιιἾ

616 982 685 1059 „est
703 981 866 1058 officium,
886 994 923 1045 nt
942 1003 997 1064 per
1016 984 1117 1060 leger
1130 1003 1183 1053 ea,
1201 999 1273 1063 quae
1289 981 1359 1043 sunt
1373 979 1468 1041 Ecclc
1495 996 1538 1055 ω,
1555 986 1610 1042 aut
1625 976 1816 1052 defendent,
1831 991 1891 1042 eut
1905 987 1971 1040 cue*

617 1070 787 1147 „quinum
813 1078 867 1135 sut
880 1079 1065 1148 recuperent
1080 1069 1118 1129 ab
1134 1067 1204 1129 aliis
1222 1066 1304 1127 male
1319 1075 1485 1147 occupata.
1589 1109 1594 1116 -

677 1186 777 1269 apae
808 1180 954 1270 rsomaffi
980 1184 1015 1250 V.
1033 1185 1073 1250 u.
1094 1183 1220 1267 urscrpt
1245 1183 1325 1246 uret
1340 1202 1371 1266 ρ.
1385 1200 1416 1264 3.
1437 1179 1476 1244 L.
1493 1177 1540 1244 η.
1565 1139 1663 1262 cj55.
1684 1196 1760 1244 ca„

503 1295 575 1371 Ubi
589 1301 724 1373 Authoc
739 1302 798 1375 ille
814 1329 966 1386 annotat,
986 1306 1077 1401 quod
1096 1301 1289 1379 Rbemenss
1306 1301 1445 1375 Ecclesia
1462 1293 1623 1393 fugitivos
1641 1294 1773 1376 servos,
1795 1291 1831 1364 dr
1845 1290 1967 1366 colorat

504 1398 754 1472 Advocarorum
774 1400 909 1474 luorum
926 1402 1108 1484 industria,
1134 1405 1339 1497 quaternio
1363 1400 1504 1493 publicis
1524 1397 1660 1492 judiciis
1677 1415 1836 1483 egerant,
1860 1394 1967 1464 iterun

503 1501 691 1572 retraxerit.
746 1503 886 1573 Carolus
914 1501 1029 1572 iridem
1054 1506 1105 1571 M.
1129 1504 1162 1569 in
1179 1499 1243 1572 suis
1270 1496 1536 1592 capitularibus,
1570 1519 1643 1591 quae
1680 1486 1968 1564 Ecclesiastieurun

503 1616 626 1686 rogatu
642 1596 771 1678 edidit,
798 1600 985 1672 Advocatos
1001 1594 1148 1671 forenses
1163 1594 1313 1669 Ecclesis
1329 1597 1505 1691 imperavit
1528 1601 1566 1665 L
1583 1619 1617 1675 ι.
1647 1599 1680 1662 C.
1698 1618 1716 1660 ι
1723 1614 1784 1679 34.

488 1784 490 1787 -
622 1732 684 1803 lv.
711 1729 813 1829 Qrod
837 1730 945 1829 ipsum
975 1755 1112 1828 quoque
1135 1730 1263 1826 Synodi
1289 1728 1463 1801 fecerunt:
1499 1732 1537 1798 In
1566 1724 1757 1823 exemplum
1784 1721 1976 1794 adducimur

505 1825 761 1917 Muguntinam,
786 1854 859 1925 qun
881 1827 1106 1904 Laudaullsmi
1127 1829 1240 1902 Caroli
1266 1854 1354 1910 aevo,
1375 1828 1517 1899 Sedenre
1539 1829 1653 1897 liuore
1678 1828 1793 1895 Leone
1806 1824 1873 1896 nt.
1894 1823 1967 1916 Pept

505 1944 598 2034 euno·
609 1948 681 2021 rep.
703 1926 768 1998 Sal.
789 1939 870 2021 813.
893 1925 1057 2000 celebrata
1077 1923 1155 1999 fuir.
1205 1930 1289 1999 Haec
1306 1953 1372 1999 tan.
1394 1954 1447 1997 ιι.
1472 1922 1659 1997 coustituit}

544 2075 773 2161 „Neqrraanm
800 2081 1055 2154 contentiones,
1089 2091 1145 2146 aut
1175 2082 1263 2150 Lites
1290 2080 1410 2161 aliquae
1434 2080 1477 2145 ibi
1508 2078 1560 2159 (ln
1586 2078 1725 2159 judicio)
1754 2075 1900 2142 Clericus
1922 2069 1967 2136 rel

621 2161 821 2234 „Monachus
836 2167 1021 2246 praesumat;
1046 2164 1095 2225 l'ed
1112 2165 1262 2251 quidquid
1283 2164 1485 2245 querendum
1506 2163 1559 2226 vel
1576 2161 1826 2246 respondendum
1845 2157 1881 2222 l'rt
1892 2201 1903 2234 ,
1923 2171 1967 2241 per

621 2245 824 2317 „advocatos
841 2246 914 2312 lune
935 2246 1114 2329 (forenses)
1133 2247 1198 2312 lroe
1210 2248 1315 2312 saciat.

505 2380 590 2459 Erat
604 2385 692 2454 enim
709 2408 747 2458 ea
764 2407 860 2458 etate
873 2386 1021 2468 clericis,
1042 2358 1079 2460 ἃ
1096 2386 1268 2465 monachis
1285 2382 1494 2482 prohibitum
1519 2381 1665 2477 Legibus
1694 2380 1828 2454 lludere
1851 2383 1885 2456 dr
1904 2381 1970 2454 arti·

505 2473 589 2560 bus,
612 2479 798 2576 juramenta
815 2484 934 2565 edere,
960 2485 993 2558 dr
1012 2486 1259 2557 mundanorum
1275 2489 1489 2576 negotiorum
1516 2482 1732 2563 tumultibus,
1755 2485 1853 2574 queis
1876 2469 1970 2552 need·

363 2639 365 2644 ,
505 2569 594 2649 sario
609 2603 701 2652 mens
715 2580 755 2652 ab
771 2584 943 2664 oratione,
966 2583 999 2655 dt
1015 2581 1113 2656 sacris
1128 2584 1401 2656 meditationibus
1415 2583 1555 2678 aliisque
1567 2584 1633 2677 piis
1648 2583 1836 2662 exercitiis,
1853 2579 1972 2694 adqui

504 2671 575 2749 ittae
598 2677 747 2775 persone
771 2683 869 2756 unice
889 2677 1056 2756 dellinarae
1083 2680 1332 2774 credebantur,
1357 2678 1575 2762 avocabatur,
1596 2675 1662 2750 sese
1685 2671 1876 2754 immiscere
1891 2695 1972 2775 Juett

507 2790 567 2847 tet.
585 2783 642 2852 tit.
678 2786 701 2864 ἰε
730 2804 768 2855 rte
789 2785 889 2854 clerici
902 2787 959 2851 vet
972 2785 1107 2852 monachi
1122 2783 1217 2869 letus.
1239 2804 1308 2873 urg.
1323 2781 1353 2865 {e
1366 2777 1490 2869 immisi.

623 2912 669 2991 V,
691 2910 793 2988 Unde
808 2916 1012 2983 Hincmarus
1030 2913 1252 3009 Metropolitt
1268 2913 1387 2988 Rheni.
1408 2910 1450 2985 de
1463 2910 1586 2984 Catulo
1602 2908 1895 2986 Martclloatnere
1908 2934 1977 2982 eon·

507 3000 802 3173 puelltsss'legrrur,
824 3011 914 3123 quod
930 3012 957 3081 is
973 3006 1226 3123 Suffragancum
1241 3008 1336 3083 suum
1353 3007 1554 3104 Episcopum
1571 3007 1822 3086 laudunensem
1836 3005 1977 3124 jussisset,

524 3126 543 3173 e
566 3126 611 3198 pu
649 3128 778 3176 reorum
791 3108 941 3199 pudicum
965 3106 1184 3179 tribunalibus
1201 3134 1354 3181 unacum
1370 3108 1428 3179 suo
1450 3111 1610 3178 advocato
1635 3104 1759 3178 sistere.
1782 3109 1935 3202 Regtque
1949 3131 1977 3177 in

508 3195 722 3373 fficesvkegtba,
744 3227 809 3306 pro
830 3202 888 3281 suo
910 3203 1138 3281 Ecclefirllicae
1156 3205 1337 3313 discipline
1358 3203 1588 3279 conservande
1607 3201 1909 3289 ssud10,scribere
1929 3230 1977 3280 au·

548 3457 626 3537 „Ex
639 3454 779 3540 Legum,
795 3456 1025 3543 canonumque
1041 3459 1141 3526 Libris
1158 3459 1261 3535 scitia,
1279 3460 1333 3523 ubl
1342 3461 1381 3523 de
1393 3460 1485 3523 rebus
1501 3458 1648 3522 Eccleliae
1663 3458 1896 3554 temporalibus
1908 3475 1977 3524 nort·

624 3540 801 3614 „troverlia
816 3541 929 3618 fiebat,
949 3544 1084 3606 dandum
1101 3543 1218 3641 scillcet
1233 3540 1294 3606 effe
1317 3543 1475 3644 Episcopo
1497 3544 1707 3641 aduocatum,
1724 3545 1777 3622 qui
1790 3559 1865 3622 pure
1885 3541 1977 3618 staret,

623 3622 1977 3853 libs?‘l30‘⁰;lssrssl,is.”l's¹lllsi‚sllllllillslos,llllsdslispsllb'i

622 3805 678 3862 „ra
723 3807 797 3860 ouer
823 3808 866 3863 o,
888 3812 927 3853 au
951 3811 999 3858 iri.

681 3899 739 3965 Du
758 3902 866 3986 cursu
884 3909 967 3978 Tam.
985 3910 1033 3977 11.
1055 3909 1142 3994 apud
1166 3903 1313 3991 s'bnmffi
1332 3905 1402 3972 Lae.
1420 3909 1472 3973 eil.

623 4042 689 4120 Vl.
718 4046 893 4118 Hamillus
909 4047 1012 4122 hocce
1024 4045 1071 4121 est
1087 4047 1338 4121 Advocatorum
1353 4071 1474 4141 genus,
1497 4068 1617 4146 utpote
1632 4041 1738 4116 solum
1758 4042 1800 4116 ad
1814 4048 1977 4147 Jurapru

507 4128 603 4217 fflssfl»
624 4135 709 4213 bona
731 4146 763 4216 dr
788 4142 993 4239 possessiones
1012 4144 1256 4225 Ecclefiarum,
1280 4147 1313 4217 dc
1338 4144 1565 4217 coenobiorum
1584 4150 1616 4214 in
1637 4146 1775 4240 judiciis
1797 4143 1977 4218 Laicalibur

507 4226 733 4343 defendenda,
751 4242 784 4314 dr
802 4244 1029 4338 recuperanda
1045 4242 1240 4314 dellinarurn
1256 4266 1266 4324 3
1292 4242 1380 4312 aliud
1398 4244 1504 4313 adbuc
1518 4238 1583 4313 fuir
1598 4241 1658 4313 illo
1671 4237 1977 4322 sublimus,'eoru'm

506 4327 680 4442 vldslicet,
703 4342 761 4432 qui
777 4340 1038 4440 Episcoporum,
1054 4340 1239 4422 abbacum,
1261 4338 1495 4419 Ecclefiarum,
1513 4340 1545 4411 dr
1562 4345 1739 4414 Sacrorum
1757 4342 1906 4411 aliorum
1921 4336 1977 4410 tol·

507 4422 674 4515 legrorum
702 4439 835 4511 nomine
854 4437 1121 4535 jurisdislinnem
1138 4441 1170 4508 in
1195 4440 1379 4509 eorundem
1401 4438 1572 4520 subditos,
1594 4461 1660 4508 ram
1686 4439 1720 4508 in
1744 4439 1977 4517 criminalibus,

409 4599 417 4612 ,
506 4550 610 4704 auam
625 4529 777 4612 civilibus
799 4534 899 4612 caulis
928 4562 1099 4619 exercere,
1124 4534 1157 4606 dr
1180 4535 1410 4611 administrare
1430 4535 1619 4614 delrcbnntt
1644 4559 1780 4605 neutras
1801 4541 1895 4607 enirn
1914 4555 1977 4606 eru·

542 4645 635 4722 sper
657 4629 836 4720 Canones,
859 4639 991 4733 Leges,
1019 4635 1053 4711 st
1075 4657 1154 4711 tunc
1173 4634 1401 4713 dommautetn
1417 4637 1453 4709 in
1480 4634 1581 4710 Clero
1610 4629 1824 4731 disciplinam
1839 4630 1977 4805 Ρτέἑὲιιίε

1431 4751 1434 4756 “
1539 4755 1548 4760 ·
1953 4747 1977 4804 e
