5017 5592
570 597 588 736 j
630 653 637 662 ·
668 633 880 736 naJuna
901 631 1554 728 caasanroanutnnmnuu
1576 636 1796 717 rancum.
1915 665 1980 743 171
2008 576 2012 584 ¹

464 809 467 816 ’
516 817 557 894 tia
577 817 813 918 primariarum
829 837 966 911 precum
990 801 1217 909 possesionem
1241 839 1281 886 ex
1298 816 1483 911 prehabito
1510 820 1669 892 exercitio
1693 797 1832 931 pacifico
1855 822 1985 896 intelle·

514 915 598 1000 risse,
625 921 724 989 etiam
741 915 949 987 Catltoliciin
966 937 1006 982 eo
1021 911 1113 982 sensu
1135 912 1170 1009 ly
1184 921 1317 985 exercuit
1332 915 1490 1012 accepilse
1508 914 1659 988 censendi
1685 921 1776 1002 lunt,
1803 946 1844 992 ne
1871 925 1905 991 in
1927 947 1984 995 ne·

513 1023 597 1110 gotio
615 1022 680 1086 tam
698 1019 791 1108 gravi
815 1038 928 1084 contra
945 1008 1045 1082 fidem
1073 1015 1308 1085 Germanicam
1327 1017 1510 1112 quidquam
1533 1013 1705 1089 admissum
1727 1014 1821 1090 fuisse
1841 1020 1982 1097 dicatur.

516 1112 638 1188 Omillis
656 1116 791 1185 demum
809 1113 882 1183 aliis
898 1109 1082 1181 rationibus
1099 1112 1140 1181 ad
1163 1112 1295 1206 plenius
1309 1115 1504 1209 capiendam
1526 1116 1610 1184 hanc
1624 1115 1908 1211 explanationem,
1924 1117 1983 1190 ult·

513 1212 633 1286 servare
648 1210 712 1295 est,
738 1238 802 1307 pro
822 1205 1012 1305 pollellionc
1031 1210 1063 1281 dt
1080 1211 1155 1303 jure
1167 1207 1317 1281 Cesarea
1333 1237 1399 1283 tam
1416 1214 1472 1304 diu
1487 1209 1550 1284 else
1563 1211 1731 1297 standum,
1764 1215 1924 1310 quamdiu
1940 1212 1981 1289 ab

512 1312 642 1383 Ecclesia
659 1313 715 1382 tali
733 1311 894 1389 mediata,
919 1307 1054 1403 probari
1071 1312 1203 1403 nequit,
1228 1311 1319 1403 quod
1337 1336 1397 1381 nec
1418 1333 1509 1392 ante,
1535 1337 1595 1382 nec
1614 1315 1647 1381 in
1665 1315 1809 1384 termino
1827 1314 1886 1384 illo
1901 1339 1985 1399 nor·⁴

511 1413 578 1482 meli
594 1435 710 1507 preces
725 1405 851 1479 fuerint
873 1404 1026 1487 diresiae,
1051 1405 1145 1477 autfi
1164 1410 1300 1502 quidem
1318 1409 1382 1479 hoc
1396 1406 1442 1480 est
1465 1405 1611 1490 sallum,
1670 1436 1760 1482 teces
1784 1408 1910 1483 fuerint
1930 1436 1982 1485 re·

509 1506 617 1604 jesia,
643 1513 742 1602 eique
759 1502 900 1600 repulsae
921 1509 1111 1597 Imperator
1133 1509 1356 1600 acquieverit,
1388 1505 1439 1589 vel
1464 1506 1565 1579 modo
1585 1436 1666 1604 pud
1680 1511 1861 1581 terminum
1883 1509 1981 1586 illum

511 1607 726 1677 decretorium
743 1603 883 1700 precilla
905 1599 942 1671 lit
958 1599 1191 1696 presentatus,
1226 1603 1279 1674 vel
1299 1605 1390 1702 quod
1414 1603 1522 1678 Caesar
1546 1632 1623 1682 cum
1644 1608 1824 1680 ordinariis
1846 1607 1984 1682 collato·

513 1705 594 1775 tibus
619 1700 834 1794 transegerit,
859 1723 916 1770 aut
932 1699 1011 1769 alias
1033 1699 1100 1795 juri
1119 1700 1175 1772 lito
1196 1707 1407 1777 renuntiarit.

464 1931 467 1938 .
543 1876 579 1958 a)
597 1871 671 1938 Vid.
690 1869 748 1932 Dn.
766 1870 805 1931 de
818 1867 965 1950 Ludolph
977 1867 1049 1933 obs.
1065 1868 1178 1935 soreos.
1191 1851 1244 1943 82.
1264 1870 1482 1932 Brunnetnann
1498 1870 1529 1934 ia
1542 1869 1656 1934 Exam.
1671 1869 1736 1945 Jur.
1755 1870 1840 1955 publ.
1861 1870 1931 1937 Lib.
1947 1889 1980 1940 e.

614 1973 681 2033 cap.
700 1971 730 2015 2.
746 1952 851 2032 quaest.
867 1963 895 2025 8.
911 1974 940 2034 p.
959 1971 1010 2033 49.
1031 1951 1177 2024 {tuismet
1201 1955 1323 2026 urens,
1342 1955 1458 2026 &aab
1480 1965 1556 2035 part.
1575 1954 1616 2018 ΙΙ.
1631 1975 1698 2039 cap.
1712 1954 1743 2021 6.
1757 1963 1782 2039 ς.
1799 1973 1847 2023 11.
1864 1975 1894 2040 p.
1908 1973 1979 2041 133.

613 2037 757 2121 Ayterua
773 2034 952 2101 Commeat.
966 2036 1005 2098 de
1020 2034 1089 2116 iure
1105 2037 1194 2119 prim.
1209 2054 1292 2117 pree.
1310 2055 1379 2118 cap.
1397 2034 1486 2120 11.§.
1502 2034 1576 2101 Xll.

1153 2226 1186 2328 ι.
1235 2228 1331 2303 xo.

621 2380 673 2450 Ex
688 2374 809 2474 quibus
823 2378 888 2451 rite
907 2374 1051 2476 pensatis
1074 2397 1199 2450 textum
1222 2383 1259 2452 P.
1276 2386 1331 2452 W.
1354 2378 1396 2451 de
1414 2375 1571 2454 facultate
1592 2379 1766 2454 exercendi
1780 2380 1872 2478 juxta
1892 2375 1981 2453 diet·

512 2475 622 2568 ΗΠ.
639 2480 934 2571 interpretantium
951 2498 1144 2568 argumenta
1161 2473 1258 2548 facile
1279 2480 1464 2551 diluuntur.
1515 2486 1607 2552 Nam
1629 2483 1778 2578 primum
1803 2480 1835 2549 dt
1855 2479 1982 2577 palme·
2076 2547 2080 2552 .

510 2577 588 2646 tium
607 2573 654 2646 tbi
671 2570 851 2646 addustum
867 2578 1077 2647 ratiocinium
1094 2579 1214 2669 potius¹
1229 2574 1374 2649 nollratn
1397 2581 1505 2648 munit
1522 2575 1735 2660 sententiam,
1770 2602 1870 2673 quam
1887 2600 1983 2648 ever·
2009 2643 2014 2652 ,

468 2703 470 2708 ·
510 2674 558 2756 tit,
584 2699 650 2743 non
669 2676 758 2744 enim
773 2676 965 2744 exercitium
982 2669 1108 2742 asinale
1126 2673 1178 2743 die
1199 2701 1228 2744 1.
1243 2677 1317 2771 Jan.
1338 2683 1441 2762 1624.
1459 2678 1528 2747 imo
1550 2676 1730 2772 nequidem
1747 2698 1820 2745 toto
1840 2676 1905 2745 hoe
1924 2698 1983 2744 an·

509 2793 562 2852 no,
582 2770 638 2842 led
660 2771 839 2841 antediem
857 2770 952 2842 illum
971 2767 1046 2841 astu
1068 2769 1218 2842 habitum
1238 2774 1460 2868 requirimus,
1491 2775 1536 2843 ita
1562 2797 1600 2843 ut
1617 2770 1726 2844 Caesar
1747 2774 1781 2841 in
1806 2795 1883 2842 sera
1905 2766 1982 2867 pos·

508 2864 633 2940 lelstone
650 2868 740 2938 illius
754 2868 838 2962 juris
854 2863 948 2938 fuisse
965 2869 1029 2937 dici
1045 2864 1150 2962 pollit.
1203 2871 1498 2966 Qtemadmodum
1516 2869 1637 2940 anulla
1658 2872 1897 2940 communitate
1918 2889 1982 2965 puo·

507 2961 604 3039 blicus
623 2967 798 3057 religionis
817 2970 965 3036 exercitii
986 2963 1076 3035 aelus
1093 2973 1237 3037 exerceri
1257 2965 1382 3063 potest.
1415 2964 1481 3037 nist¹
1496 2993 1582 3038 anno
1607 2976 1711 3055 1624.
1733 2990 1790 3038 aut
1811 2968 1866 3037 die
1887 2962 1978 3038 dieto

508 3064 534 3134 in
552 3061 746 3160 pell'effione
761 3061 873 3133 saitem
888 3063 1012 3158 publici
1030 3067 1176 3134 exercitii
1195 3059 1306 3137 fuerit.
1358 3066 1458 3161 Quod
1475 3063 1616 3136 secundo
1633 3063 1774 3136 affertur
1797 3067 1889 3144 loco,
1922 3085 1981 3136 aue

509 3158 657 3234 duntaxst
673 3157 840 3240 asseritur,
867 3185 923 3231 aut
939 3161 1095 3232 Cesareis
1111 3162 1265 3256 precibus
1279 3187 1393 3233 contra
1407 3187 1552 3235 mentem
1570 3169 1606 3235 P.
1623 3170 1676 3233 W.
1693 3165 1768 3260 plus
1793 3159 1848 3234 sua
1862 3159 1980 3259 sponte

509 3259 703 3330 enonnullis
718 3256 859 3329 ecclesiis
875 3259 1026 3329 mediatis
1043 3259 1190 3329 delatum
1211 3255 1299 3341 fuit,
1334 3284 1371 3331 ut
1386 3260 1564 3355 liquescet,
1599 3260 1622 3332 st
1645 3262 1860 3356 particulares
1887 3257 1978 3330 casua

509 3360 572 3451 quis
585 3359 777 3430 examinare
792 3358 882 3427 velit.
931 3361 1090 3427 Tertium
1107 3381 1340 3449 argumentum
1362 3383 1485 3454 apertae
1511 3355 1659 3429 falstatis
1679 3365 1802 3430 merito
1825 3362 1980 3449 arguitur

509 3477 537 3525 er
553 3478 646 3526 textu
660 3453 752 3525 claro
767 3459 800 3525 P.
815 3459 870 3524 W.
887 3452 943 3524 ubi
959 3458 1151 3524 exercitium
1169 3455 1252 3549 juris
1274 3460 1510 3552 primariorum
1528 3482 1665 3553 precum
1690 3461 1723 3525 in
1741 3452 1890 3527 Ecclestis
1917 3459 1980 3523 im·

506 3555 653 3626 mediatis
677 3576 884 3647 perannum
907 3553 1090 3621 normalem
1114 3578 1180 3621 non
1203 3577 1274 3623 erat
1300 3554 1504 3635 limitatum,
1547 3553 1673 3648 idquod
1694 3576 1802 3622 tamen
1823 3548 1977 3645 exptellis

508 3649 608 3722 verbis
625 3656 660 3721 in
677 3650 829 3720 mediatis
846 3648 995 3719 Ecclesis
1011 3675 1051 3719 eo
1066 3652 1166 3720 morlo
1182 3647 1386 3720 coarelatum
1402 3650 1458 3720 est.
1511 3655 1647 3744 Quartae
1665 3653 1785 3718 rationi
1800 3653 1848 3717 vis
1871 3650 1978 3741 major

509 3745 598 3820 inell'e
614 3747 768 3827 videtur,
791 3745 863 3816 stin
879 3749 1054 3825 exteriori,
1081 3771 1118 3816 ut
1139 3754 1183 3818 ita
1206 3749 1337 3827 dicam,
1364 3750 1487 3817 cortice
1511 3744 1698 3839 l'pesletur,
1733 3745 1777 3815 all
1800 3745 1822 3815 st
1846 3747 1885 3816 ad
1910 3769 1976 3816 me·

509 3846 627 3917 lullam
644 3869 750 3940 usquc
766 3869 977 3938 penetretur,
1001 3842 1087 3914 falla
1103 3846 1179 3915 inde
1196 3846 1300 3938 illatio
1317 3869 1372 3914 aut
1393 3841 1471 3914 falsa
1495 3846 1626 3914 videtur
1644 3845 1676 3916 a
1692 3869 1729 3915 er
1752 3841 1833 3915 falso
1856 3843 1980 3938 suppo·
2119 3875 2127 3884 ·

508 3940 560 4015 fito
577 3947 798 4042 deprompta,
824 3967 880 4012 aut
895 3967 958 4039 pro
979 3941 1088 4011 nollra
1102 3941 1258 4013 sententia
1277 3943 1461 4039 plurimum
1475 3938 1572 4013 facit:
1599 3969 1674 4012 nam
1699 3968 1815 4013 verum
1840 3943 1978 4035 quidem

509 4040 547 4112 eli
561 4047 586 4113 l.
602 4068 679 4113 cum
698 4064 772 4111 ante
790 4045 823 4110 P.
837 4047 892 4110 W.
909 4038 1028 4110 Casari
1050 4041 1102 4134 jus
1128 4042 1210 4110 illud
1234 4046 1463 4136 competierit,
1492 4040 1564 4136 poll
1587 4065 1792 4134 comparem
1818 4043 1851 4109 in
1874 4038 1978 4110 dubio

509 4135 631 4237 semper
647 4138 799 4210 llandum
816 4135 878 4208 else
894 4164 957 4232 pro
976 4139 1050 4231 jure
1067 4137 1233 4220 Caesareo,
1259 4140 1363 4209 donec
1382 4145 1532 4234 exceptio
1548 4139 1634 4206 clara
1650 4138 1824 4206 doceatur:
1849 4161 1882 4208 at
1904 4162 1977 4208 eam

510 4242 730 4335 exceptionem
746 4238 779 4305 in
797 4231 1044 4306 fundationibus
1067 4238 1218 4306 mediatis
1241 4237 1337 4306 claris
1362 4233 1564 4331 &expteffis
1589 4236 1698 4303 verbis
1719 4233 1978 4306 Instrumentunt

510 4335 536 4406 P.
553 4341 726 4407 enunciat:
751 4337 855 4425 igitur
871 4335 948 4403 huic
964 4338 1148 4427 exceptioni
1165 4329 1384 4404 deferendum
1403 4333 1466 4403 ell:
1491 4339 1532 4403 ll.
1550 4333 1589 4401 ad
1608 4330 1771 4403 summum
1798 4335 1852 4403 illa
1878 4337 1979 4404 ratio·

510 4432 780 4527 cinatioprobat,
806 4431 861 4501 ubi
883 4431 936 4502 dte
952 4433 1007 4501 illa
1022 4432 1053 4501 dt
1068 4457 1153 4502 anno
1169 4433 1311 4502 normali
1331 4435 1363 4501 in
1381 4427 1570 4527 polscllione
1587 4425 1651 4500 fuit
1673 4433 1761 4501 illius
1779 4431 1978 4525 jttris'ex'er·

509 4533 614 4614 tendi,
640 4533 800 4623 deinceps
823 4526 984 4599 Caesarem
999 4533 1032 4598 in
1049 4553 1085 4598 ea
1101 4554 1235 4601 manere
1252 4528 1391 4612 debere,
1428 4526 1551 4599 sivero
1575 4529 1662 4599 illius
1687 4554 1763 4599 ante
1787 4534 1822 4600 P.
1841 4536 1895 4599 W.
1918 4551 1979 4598 nec

510 4633 698 4707 exercitium
714 4629 821 4701 ullum
834 4626 970 4714 habuit,
983 4652 1039 4699 aut
1055 4628 1118 4700 hoc
1131 4628 1300 4700 turbatum
1319 4628 1350 4699 u
1365 4627 1564 4725 impeditum
1573 4624 1638 4699 suit
1652 4624 1724 4723 ipso
1740 4624 1977 4721 acquiescente,

1261 4729 1292 4796 Y
1323 4751 1346 4800 2
1923 4740 1981 4791 aut
