5017 5592
694 607 765 686 nu
780 607 909 704 Juttt:
926 547 1193 684 cassanen
1219 591 1590 688 animamarum
1608 587 1830 695 annuunt.
1928 648 1996 725 175

523 791 594 868 dem
616 783 813 865 concellioni
828 787 912 860 illud
924 789 978 880 jus
993 815 1058 862 nun
1078 784 1143 862 fuit
1164 787 1345 874 annerum,
1367 816 1443 864 cnm
1458 779 1514 864 diu
1528 791 1596 886 jam
1619 796 1840 894 privilegiisa
1864 801 2001 880 Caesari.

521 891 577 966 bus
601 892 733 964 eximiis
749 888 941 983 complures
955 887 1129 969 Ecclehas,
1143 888 1337 984 praesertim
1355 892 1588 976 cathedrales,
1611 891 1674 966 else
1691 921 1864 969 exornatas
1883 903 2000 976 dtmn·

519 993 558 1066 do
573 987 650 1088 poll
676 984 853 1060 decursum
870 985 996 1082 aliquot
1020 985 1205 1059 seculorum
1224 987 1307 1058 illud
1329 988 1380 1080 jus
1397 994 1430 1060 in
1448 990 1568 1062 iisdem
1588 991 1775 1076 invaluisse,
1800 1022 1838 1067 cx
1852 997 1999 1076 hillnriia

518 1085 671 1190 patescat.
723 1090 830 1160 Porro
848 1083 991 1159 Cesarea
1011 1082 1168 1157 formulis
1192 1083 1325 1158 suarum
1343 1113 1481 1184 precum
1505 1083 1641 1186 pcenam'
1659 1089 1837 1164 amillionis
1860 1101 1997 1192 privile·

519 1191 651 1281 giorum
671 1208 787 1257 contra
807 1183 900 1265 illos,
917 1187 974 1281 qui
992 1187 1032 1256 iis
1053 1186 1288 1280 obtemperare
1312 1186 1513 1270 detresianr,
1539 1185 1740 1274 statuerunt,
1762 1191 2000 1272 &hodienum

519 1285 680 1366 statuunt,
707 1283 851 1381 proinde
877 1280 1131 1364 confirmatione
1159 1284 1417 1377 privilegiorum
1435 1309 1575 1358 utuntur
1595 1289 1636 1358 ad
1662 1283 1793 1359 facilius
1820 1291 1998 1369 collatores

518 1382 741 1555 instducendns,
763 1406 829 1453 non
844 1405 924 1454 vero
941 1405 976 1455 ut
991 1407 1029 1456 ex
1051 1378 1252 1456 conceffione
1271 1408 1389 1458 eorum
1405 1382 1462 1457 fibi
1475 1385 1530 1481 jus
1545 1411 1686 1484 precum
1700 1381 1763 1460 else
1784 1389 1996 1487 acquisitum,

519 1508 536 1558 n
564 1483 703 1555 cudant.

554 1651 590 1736 a)
610 1649 664 1717 Sic
678 1647 820 1722 constat,
842 1655 907 1711 tres
929 1646 1157 1732 Episcopatus,
1179 1648 1406 1724 Lubecenlem,
1430 1647 1645 1718 suatinensem
1658 1653 1693 1719 δι
1708 1657 1996 1744 Ralzebntgensetn

627 1735 666 1797 ab
683 1732 823 1796 Henrico
842 1729 968 1807 Leone,
986 1732 1074 1798 Duce
1087 1731 1240 1796 Saxoniae
1259 1731 1321 1797 esse
1340 1733 1490 1798 conditos
1511 1737 1573 1799 vld.
1593 1737 1642 1801 De
1655 1739 1765 1803 Btlnan
1780 1746 1811 1808 itt
1824 1748 1886 1810 bem
1907 1743 1995 1816 irim

625 1811 960 1980 ''alisii‘iiffwlm
980 1813 1122 1896 &tiberim
1135 1819 1184 1884 bri
1208 1814 1324 1895 ttittnt
1338 1835 1371 1900 p.
1386 1833 1456 1884 121.
1473 1815 1509 1881 de
1530 1818 1687 1904 Lllnigiua
1706 1819 1802 1890 Totn.
1823 1823 1867 1894 ll.
1885 1823 1993 1912 Spieil.

553 2018 588 2102 b)
607 2014 649 2082 In
664 2014 937 2081 commentatione
951 2010 1076 2077 landrta
1097 2031 1165 2096 cap.
1185 2008 1210 2078 I.
1230 2012 1264 2097 S.
1275 2012 1366 2082 XIX.

1177 2216 1207 2298 §.
1257 2210 1332 2286 lV.

481 2345 485 2350 ’
624 2346 746 2419 Minor
758 2347 907 2420 veritmis
923 2343 1051 2443 species
1075 2340 1156 2415 inell
1180 2344 1332 2439 opinioni
1357 2341 1634 2441 quorundamjus
1654 2368 1791 2444 precum
1819 2371 1858 2420 ex
1879 2347 1991 2443 digni·

520 2445 810 2542 tntelmperatntis
826 2444 1006 2515 canonicali
1024 2442 1277 2513 deducentium:
1301 2447 1342 2536 a)
1368 2446 1505 2536 antiqno
1522 2447 1676 2539 equidem
1688 2471 1782 2517 more
1798 2448 1831 2517 id
1848 2447 1991 2545 speciale

518 2539 684 2614 honorisa
726 2540 853 2613 luribus
876 2539 1024 2613 Ecclestis
1045 2539 1308 2632 imperatoribus
1325 2539 1463 2612 exhibiti
1480 2538 1605 2632 signum
1630 2539 1713 2613 suit:
1737 2547 1902 2636 originem
1918 2547 1990 2642 ejus

515 2638 646 2711 inslituti
669 2567 920 2711 sill-lenticum
942 2643 974 2710 S.
993 2639 1031 2708 ad
1053 2638 1243 2728 Collegium
1261 2636 1500 2730 Argentinense
1518 2662 1689 2733 receptum
1706 2643 1842 2735 quidam
1859 2647 1992 2724 Anthus

514 2761 560 2809 tes
573 2732 743 2810 referunt:
760 2740 794 2828 s)
822 2741 950 2831 pariter
968 2739 1135 2806 chricus
1154 2741 1196 2805 V.
1216 2732 1292 2806 albo
1317 2738 1552 2806 canonicorum
1568 2735 1716 2808 Ecclesiae
1733 2740 1921 2811 Lendiensts
1940 2745 1992 2812 in·

513 2831 740 2932 scriptus-suit.
757 2839 793 2927 c)
819 2834 1028 2931 capitulares
1051 2835 1083 2905 S.
1102 2834 1243 2902 Martini
1260 2832 1396 2927 majoris
1423 2831 1572 2904 Eccleste
1593 2833 1816 2928 Ttajeilensts
1835 2841 1987 2933 Impera·

513 2953 614 3005 torem
628 2958 694 3029 pto
714 2956 868 3099 tempore
894 2953 1087 3024 regnantem
1104 2933 1137 2999 in
1159 2929 1252 3001 suum
1276 2933 1456 3022 collegium
1477 2934 1648 3001 communi
1672 2931 1834 3004 elesiione
1850 2957 1989 3032 coopma
2089 2963 2092 2968 ·

511 3055 595 3104 runt.
612 3034 651 3122 d)
678 3030 774 3102 Eccle
789 3055 827 3100 tae
844 3026 1049 3101 Colonienhs
1065 3027 1097 3099 dt
1113 3026 1359 3119 Bambergcnsts
1375 3028 1492 3099 endem
1503 3033 1747 3124 Imperatorem
1765 3034 1985 3108 honorenlim

509 3125 687 3225 prosecutae
705 3124 854 3199 fuerunt.
873 3126 910 3220 e)
934 3133 1129 3219 Tempore,
1149 3150 1217 3220 quo
1241 3131 1431 3222 Imperator
1446 3129 1560 3198 Romae
1583 3154 1602 3198 a
1623 3126 1784 3201 Pontihce
1805 3129 1985 3202 coronaba-

510 3249 575 3310 tur,
597 3252 616 3297 a
639 3229 805 3298 canonicis
829 3222 978 3295 Ecclesiae
1001 3229 1034 3295 S.
1060 3227 1149 3295 Petri
1170 3227 1204 3293 itt
1226 3228 1484 3296 concanonicum
1515 3249 1668 3323 receptus
1692 3227 1755 3309 cll,
1765 3229 1810 3320 f)
1837 3229 1876 3299 ad
1890 3230 1985 3325 eujus

508 3327 607 3397 moris
631 3327 854 3397 imitationem
875 3321 1038 3395 Celerem
1067 3346 1219 3417 tempore
1242 3326 1465 3394 coronationis
1486 3328 1689 3420 Aquisgrani
1711 3324 1854 3421 peraslae
1870 3330 1904 3397 in
1925 3354 1985 3404 nu·

508 3445 636 3496 merum
657 3425 893 3494 canonicorum
909 3417 1059 3493 Ecclesrae
1076 3418 1349 3515 Aquisgranensts
1367 3444 1539 3515 receptum
1558 3423 1590 3496 dt
1611 3428 1717 3521 recipi
1736 3421 1858 3506 solere,
1878 3429 1985 3500 Mari·
2059 3483 2064 3488 .

508 3522 634 3592 miliani
651 3527 678 3591 1.
693 3523 739 3591 11.
751 3517 792 3617 g)
820 3519 851 3592 ἃ
871 3520 1036 3593 recentius
1051 3520 1163 3589 Caroli
1179 3524 1239 3589 Vl.
1255 3520 1295 3611 b)
1322 3521 1473 3614 exempla
1488 3520 1718 3616 comprobant.
1767 3525 1866 3590 Hane
1884 3520 1984 3593 hillo·

510 3621 609 3690 ticam
626 3620 852 3689 narrationem
862 3615 960 3713 stquis
971 3616 1010 3686 ad
1027 3613 1221 3711 presentem
1235 3616 1379 3711 adplicet
1393 3621 1583 3697 materiam,
1600 3622 1627 3688 I.
1637 3616 1894 3698 animadvertet,
1914 3624 1985 3689 Cae·

507 3712 589 3789 sares
612 3717 813 3787 honorarius
835 3715 990 3786 duntaxat
1007 3711 1145 3786 effectos
1171 3710 1234 3784 else
1258 3716 1452 3794 canonicos,
1474 3715 1554 3808 quin
1576 3712 1617 3784 de
1640 3714 1716 3810 jure
1744 3718 1983 3809 palmariarum

508 3834 643 3909 precum
659 3813 757 3884 abiis
778 3817 960 3906 cogitatum
981 3808 1096 3884 fuerit.
1123 3817 1167 3883 ll.
1182 3809 1385 3890 observabit,
1409 3811 1640 3884 tantummodo
1655 3816 1688 3882 in
1704 3812 1902 3908 quibusdam
1920 3818 1983 3885 Ec·

508 3908 607 3983 clestis
631 3913 663 3982 dt
685 3911 822 4007 quidem
843 3910 1116 3992 cathedralibus,
1137 3910 1333 4000 dignitatem
1355 3911 1446 3980 illam
1468 3909 1682 3980 honorariam
1705 3911 1843 4006 adeptos
1862 3906 1924 3982 csse
1947 3911 1983 3986 bt
2016 3955 2022 3964 ·

509 4031 612 4081 nmen
629 4035 696 4082 non
714 4006 820 4079 solum
835 4011 868 4077 in
885 4011 946 4089 iis,
967 4005 1019 4080 scd
1035 4007 1068 4078 dt
1087 4011 1119 4077 in
1135 4010 1206 4078 aliis
1223 4004 1390 4088 Eeclchis,
1413 4007 1469 4078 ubi
1484 4013 1516 4077 in
1544 4034 1720 4079 numerum
1745 4011 1981 4083 canonicorum

507 4133 567 4180 nott
582 4106 658 4180 sunt
676 4110 823 4202 recepti,
839 4105 891 4197 jus
910 4131 1047 4200 precum
1063 4102 1248 4176 etcrcnill'c.
1278 4111 1339 4179 lll.
1357 4106 1509 4195 colliget,
1533 4130 1701 4198 nunquam
1729 4106 1792 4175 tale
1809 4107 1860 4200 jus
1877 4105 1983 4178 Cesa-

508 4229 554 4276 trs
572 4210 605 4277 in
626 4203 767 4278 Ecclesia
784 4209 817 4275 S.
834 4208 922 4275 Petri
940 4207 1054 4273 Rome·
1072 4203 1128 4273 bbi
1151 4201 1333 4294 arrogasse,
1357 4206 1433 4273 licet
1448 4208 1477 4271 ei
1501 4200 1633 4294 speciali
1655 4206 1889 4274 canonicorum
1912 4211 1982 4279 ritu

508 4302 656 4400 adscripti
674 4300 822 4386 suerint,
844 4307 904 4372 tv.
923 4304 1011 4372 haud
1028 4301 1102 4371 satis
1127 4305 1252 4392 capiet,
1275 4304 1333 4395 qui
1350 4327 1387 4370 cx
1412 4303 1572 4389 dignitate
1596 4302 1776 4371 canonicali
1799 4301 1901 4374 isthoc
1924 4303 1980 4398 jus
2087 4365 2091 4374 .

507 4423 690 4496 promanat.
718 4408 763 4475 V.
782 4400 814 4471 dt
833 4396 1001 4496 postremo
1017 4400 1056 4468 ad
1081 4400 1164 4468 hatte
1181 4395 1373 4468 sententiam
1394 4394 1539 4468 sallitatis
1555 4394 1768 4482 apertillimae
1784 4404 1982 4474 convincen-

508 4499 577 4570 dam
592 4502 753 4573 adnntare
766 4501 938 4580 convenit,
954 4496 1030 4568 inde
1048 4489 1191 4568 Calates
1210 4493 1365 4590 suumjus
1383 4495 1567 4565 nullatenus
1577 4485 1751 4578 derivare,
1766 4499 1834 4568 imo
1852 4498 1980 4594 probro

505 4595 559 4677 ibi
575 4599 699 4678 (lucete
714 4596 869 4676 censendi
884 4594 975 4688 suut,
990 4594 1062 4674 stet
1077 4619 1143 4671 tam
1157 4619 1267 4682 tcnut,
1285 4593 1472 4691 humilique
1486 4593 1521 4666 id
1537 4598 1708 4694 principio
1729 4595 1947 4670 derivaretur.
2092 4679 2097 4686 ι

1857 4731 1893 4807 a)
1913 4720 1981 4789 bia·
