5017 5592
502 613 577 690 710
845 563 1561 688 ‘flnisasnrn'rio
1709 543 1731 622 '-

503 766 582 843 ideo
597 749 737 835 Ecclesia
763 758 837 852 jure
859 760 1001 831 civitatis
1025 757 1137 832 cadit?
1181 761 1292 854 Quam
1311 757 1417 830 multa
1430 754 1489 830 sub
1505 776 1667 855 pretextu
1687 757 1778 855 reip.
1793 747 1982 828 consm-

507 865 558 937 dae
575 862 782 957 subrepunt?
807 883 847 927 an
866 858 992 930 idcirco
1005 857 1127 952 jura&
1143 858 1269 950 regalia
1286 860 1479 952 Principum
1494 880 1514 927 e
1533 879 1607 951 rep.
1635 855 1844 948 releganda?
1873 855 1984 925 Admi-

421 1041 425 1048 ,
505 959 700 1035 nistratores
718 954 937 1028 Ecclefiarum
954 979 1115 1026 conantur
1130 979 1193 1050 pro
1213 953 1341 1025 virilius
1357 956 1462 1036 tueri,
1489 977 1612 1046 augere
1626 951 1659 1024 di
1673 976 1800 1024 ornare
1814 975 1871 1022 rea
1884 951 1989 1023 Eccle-

507 1057 560 1132 siae
577 1056 634 1128 sibi
650 1048 849 1148 commissis.
895 1054 1093 1125 Praelarum
1111 1055 1174 1123 hoc
1187 1075 1305 1149 purant
1324 1056 1357 1123 in
1374 1054 1506 1148 privato
1521 1056 1623 1124 etiam
1638 1045 1906 1130 Patrefamilias,
1932 1051 1987 1145 qui

507 1147 541 1230 se
557 1157 698 1249 suosque
715 1173 827 1231 curat;
852 1154 885 1225 in
899 1148 1046 1223 Ecclesiae
1067 1157 1231 1222 Curatore
1245 1150 1349 1221 scelus
1364 1147 1422 1227 esi.
1472 1155 1511 1220 ln
1528 1175 1596 1244 quo
1611 1152 1715 1243 magis
1731 1147 1986 1245 triumphatio-

504 1257 537 1328 ri
555 1250 643 1325 sacta
660 1245 788 1321 sames?
811 1274 851 1319 an
869 1251 901 1319 in
918 1275 976 1330 eo,
1002 1253 1059 1346 qui
1077 1250 1168 1321 videt
1184 1250 1215 1321 dt
1232 1249 1359 1320 inridet
1381 1245 1453 1318 suas
1473 1246 1624 1320 Ecclesia
1645 1250 1756 1345 opes?
1772 1259 1831 1315 'an
1855 1269 1937 1317 vero
1955 1246 1988 1316 iit

402 1405 406 1414 .
507 1352 585 1430 illo,
611 1351 670 1445 qui
687 1369 799 1444 partes
815 1348 925 1444 expiet
941 1351 1128 1419 oeconomi
1144 1345 1201 1417 fidi
1223 1373 1260 1418 ac
1275 1349 1444 1418 Tutoris?
1467 1356 1514 1418 At
1529 1370 1610 1418 vero
1627 1342 1687 1417 isla
1705 1344 1888 1434 diligentia
1908 1344 1987 1438 reip.

373 1505 375 1510 -
507 1472 546 1521 ac
568 1448 715 1542 Piincipi
741 1443 899 1516 damnum
922 1440 1052 1517 affert?
1102 1465 1139 1529 ti.
1171 1448 1376 1515 Coerceatur
1396 1447 1521 1537 itaque.
1575 1441 1640 1515 Sed
1661 1468 1679 1514 a
1704 1444 1802 1539 quo?
1850 1438 1987 1511 Duobus

507 1546 619 1620 modis
640 1543 673 1614 id
692 1539 814 1637 assequi
830 1539 862 1613 se
877 1539 967 1638 posse
986 1539 1142 1615 videbant
1157 1546 1235 1612 DD.
1252 1541 1395 1613 Politici.
1441 1545 1555 1612 Primo
1574 1563 1627 1635 prr
1647 1544 1739 1612 visin
1760 1542 1987 1624 itmdttltttrir,

509 1668 548 1717 ut
562 1639 633 1738 ipse
650 1643 807 1737 Princeps
822 1640 931 1730 legem
950 1635 1055 1710 serret
1069 1663 1183 1710 contra
1205 1638 1380 1720 Ecclefias,
1404 1663 1470 1734 qut
1493 1644 1603 1709 dirrilr
1625 1642 1661 1715 ὅ
1683 1639 1817 1730 postrata
1838 1635 1988 1708 exclude·

510 1765 629 1814 rentur
642 1739 683 1810 ab
699 1738 847 1810 emendis
862 1735 1100 1808 immobilibus.
1161 1743 1207 1808 At
1223 1741 1369 1809 veiovis
1390 1759 1502 1832 aperta
1518 1731 1628 1808 fuisset
1647 1735 1681 1808 dt
1697 1732 1879 1831 usurpatio
1893 1733 1988 1828 jutia·

399 1854 404 1865 ’
510 1837 668 1911 dislionit
686 1833 800 1915 sicrae,
826 1835 918 1906 mille
935 1829 1132 1906 fulminibus
1152 1835 1400 1907 anathematum
1421 1833 1554 1931 pridem
1573 1834 1708 1905 obtrita.
1779 1838 1917 1905 Sirenis
1938 1855 1988 1924 per

509 1941 599 2009 virm
618 1939 742 2006 idionis
762 1957 797 2004 sc
813 1936 937 2022 judicii,
969 1958 1006 2004 ur
1032 1931 1192 2005 sententia
1210 1930 1382 2005 Pontificia
1402 1929 1659 2025 restringeretur
1680 1926 1826 2003 saeultaa
1848 1927 1988 2002 emendi.

512 2031 577 2106 Sed
593 2055 659 2104 non
675 2028 851 2103 ridebatur
863 2029 1068 2114 consultum,
1090 2053 1163 2104 rem
1183 2028 1277 2102 issam
1291 2028 1387 2102 statui
1408 2029 1550 2102 Politico
1570 2031 1686 2102 intime
1704 2029 1864 2100 innexam
1885 2027 1990 2098 Ponti·

478 2167 481 2178 ·
512 2127 586 2204 ficia
602 2128 741 2200 arbitrio
758 2131 987 2210 committere,
1013 2131 1140 2225 quippe
1155 2126 1305 2200 Eccleiiis
1322 2124 1411 2199 sorte
1429 2127 1504 2224 plus
1517 2149 1614 2224 aquo
1629 2121 1785 2198 faventia.
1845 2127 1890 2197 Et
1909 2148 1989 2220 pre·

512 2250 604 2300 terea
620 2231 655 2298 in
670 2222 771 2299 causis
794 2227 877 2298 adeo
891 2230 1016 2299 criticis
1031 2227 1232 2323 plerumque
1248 2222 1392 2298 difficilia
1409 2225 1454 2298 est
1470 2224 1621 2297 recursus
1634 2228 1793 2296 Romam.
1872 2223 1927 2296 uid
1939 2246 1987 2295 re·

512 2322 640 2398 flabat?
690 2327 775 2395 Rem
791 2322 959 2418 ingeniose
975 2325 1084 2395 adorti
1098 2322 1172 2395 sunt
1185 2350 1238 2418 prr
1249 2333 1338 2396 visin
1354 2329 1549 2405 retentionis,
1574 2348 1638 2419 qua
1652 2322 1790 2393 literius
1809 2345 1854 2392 ee
1896 2321 1985 2392 licius

513 2421 724 2495 conservaret
740 2425 898 2517 Princeps
912 2422 998 2495 bona
1014 2421 1072 2494 sub
1084 2420 1318 2517 jurisdielione
1338 2419 1393 2493 sua
1409 2422 1441 2492 di
1458 2423 1620 2492 Dominio
1641 2422 1729 2501 alt03
1763 2419 1910 2492 vetando
1928 2441 1988 2515 per

512 2519 625 2613 legem
640 2521 923 2610 amortisationis,
946 2544 1018 2594 nea
1040 2520 1152 2593 Laicis
1168 2521 1355 2592 alienentur
1370 2519 1555 2592 immobilia
1576 2543 1667 2590 extra
1687 2541 1799 2614 remp.
1824 2521 1861 2589 in
1884 2517 1988 2590 Eccle-

513 2614 586 2692 fiaa.
641 2624 756 2712 Atque
779 2623 824 2689 ita
846 2615 1019 2692 bellissimo
1042 2619 1146 2691 modo
1164 2614 1403 2699 essessumest,
1437 2642 1475 2688 ut
1497 2640 1563 2687 non
1585 2612 1663 2689 esset
1681 2612 1830 2698 neeesse,
1864 2609 1990 2688 afflone

512 2711 671 2814 persequi
687 2739 724 2787 aa
737 2739 892 2812 repetere
913 2716 999 2789 bona
1019 2719 1052 2788 in
1076 2713 1233 2790 Ecclesia
1255 2718 1329 2811 jam'
1348 2715 1505 2787 translata
1527 2713 1560 2786 di
1581 2713 1635 2809 ely
1660 2735 1739 2786 eum
1764 2709 1902 2784 sumere
1922 2707 1990 2807 post

511 2814 663 2886 vulnera.
737 2814 869 2886 Deinde
892 2814 1104 2887 incommoda
1126 2815 1159 2886 dr
1183 2837 1296 2911 partes
1320 2808 1455 2885 Asseris
1477 2813 1541 2882 hoc
1555 2739 1696 2883 artissio
1713 2814 1748 2881 in
1771 2805 1988 2882 Ecclefittum

514 2908 811 2984 Administratotes
826 2911 1062 2985 exonerabant:
1089 2937 1125 2984 ac
1149 2915 1293 3006 denique
1308 2934 1373 2982 tim
1391 2906 1468 2982 scite
1489 2934 1524 2979 ric
1547 2909 1679 2980 dextere
1701 2904 1865 2980 facultate
1888 2909 1987 3003 acqui·

513 3009 611 3081 rendi
624 3006 751 3078 slabil'ia
764 3007 944 3079 exuebatur
956 3007 1115 3089 Ecclesia,
1144 3031 1199 3088 ut,
1232 3009 1356 3079 tametfi
1380 3006 1477 3081 fieret
1496 3003 1633 3093 vidlitna
1647 3009 1902 3100 [alitisptrllice,
1914 3029 1986 3076 caii·

514 3109 612 3199 queri
628 3125 738 3173 tamen
754 3129 819 3173 non
836 3102 957 3198 posset,
985 3102 1124 3189 saladi,
1144 3102 1202 3174 sifi
1217 3110 1359 3175 indiredr
1375 3109 1411 3181 ss
1421 3131 1474 3196 pet
1488 3109 1634 3176 arridetis.
1700 3101 1843 3174 Subtilis
1860 3103 1929 3174 hee
1945 3099 1989 3174 est

516 3203 550 3273 dt
574 3203 706 3291 elegans
727 3195 943 3274 defendenda
965 3202 1047 3295 legis
1071 3203 1291 3274 amortizandi
1318 3203 1512 3282 methodus,
1546 3227 1638 3299 quae,
1671 3199 1729 3272 nisi
1755 3201 1848 3272 aliud
1871 3202 1986 3272 lateret

513 3298 711 3387 stratagema
725 3299 921 3381 Politicum,
948 3297 1153 3397 prorsusnos
1167 3325 1302 3396 raperet
1318 3304 1352 3371 in
1373 3300 1566 3372 sententiam
1583 3297 1880 3372 Adversariorum.
1919 3298 1990 3369 Uti·

515 3421 583 3494 que
598 3401 687 3470 euim
699 3401 748 3488 itrr
764 3402 957 3479 retentionis,
981 3398 1072 3494 quod
1088 3402 1221 3497 privato
1237 3399 1446 3478 conceditur,
1471 3401 1620 3493 Principe
1636 3421 1759 3488 negare
1776 3399 1932 3492 ineptum
1947 3390 1992 3467 est

371 3527 373 3534 ·
516 3514 617 3589 atque
632 3497 809 3568 exoticum.
864 3503 910 3566 At
926 3497 1083 3590 quoniam
1103 3500 1251 3593 privatus
1271 3502 1338 3586 iure
1357 3503 1532 3567 retentionis
1555 3492 1586 3567 se
1608 3494 1732 3566 diutius
1749 3497 1839 3566 tueri
1859 3496 1992 3590 nequit,

516 3617 618 3687 quani
637 3588 793 3686 usquead
815 3595 1009 3681 definitivam
1027 3592 1175 3691 Judicis,
1200 3619 1268 3689 quo
1281 3593 1417 3688 jubente
1431 3617 1503 3662 rem
1516 3593 1592 3687 jure
1607 3595 1805 3670 retentionis
1825 3588 1885 3662 sibi
1903 3587 1993 3661 asser·

516 3712 585 3761 tam
600 3685 773 3762 restituere
788 3694 937 3782 cogitur3
965 3690 1154 3764 Adversarii
1170 3717 1250 3763 vero
1265 3688 1366 3762 cause
1383 3690 1481 3786 liujus
1499 3694 1723 3782 cognitionem
1739 3690 1782 3759 ad
1796 3686 1990 3781 Pontificem

516 3786 647 3859 devolvi
671 3788 806 3868 nolunt,
836 3793 890 3858 cui
914 3792 947 3857 in
968 3788 1070 3860 causis
1092 3788 1333 3885 temporalibus
1355 3794 1583 3884 exceptionem
1603 3795 1837 3879 inrsnrprtetttie
1861 3810 1991 3859 conten·

516 3885 601 3955 dunt
615 3882 764 3968 obstare;
789 3890 929 3976 enigma
943 3911 1009 3956 non
1025 3884 1070 3957 est
1084 3888 1168 3959 adeo
1181 3885 1388 3969 involutum,
1414 3910 1450 3956 ut
1470 3886 1641 3981 Oedipum
1661 3882 1838 3958 desideret.
1888 3889 1991 3981 Qiip·

515 3982 629 4079 pejus
644 3982 763 4073 agendi
779 3980 931 4054 Ecclesia
946 3987 1160 4080 preripitur,
1192 4008 1229 4056 ac
1252 3982 1359 4081 reipsa
1384 3982 1415 4053 dt
1440 3987 1472 4053 in
1495 3980 1618 4056 effeslu
1639 3988 1706 4053 Lex
1726 3983 1991 4053 amortizatiooia

516 4104 583 4149 non
602 4078 702 4151 habet
719 4078 820 4149 l'olain
835 4082 981 4152 indolem
996 4079 1088 4175 juslae
1105 4086 1320 4164 retentionia;
1343 4078 1396 4153 sed
1416 4080 1508 4151 nullo
1523 4082 1607 4176 juris
1621 4077 1764 4153 subfidio
1786 4077 1911 4154 relidlo
1930 4083 1989 4151 Eo·

515 4173 627 4249 ctesias
641 4177 828 4273 privilegiis
843 4176 907 4251 suis
921 4177 1063 4252 excussas
1079 4183 1242 4276 Principis
1256 4180 1385 4274 judieio
1399 4176 1584 4251 subssernit.

632 4370 906 4445 Tusouniun
926 4376 970 4446 11.
1021 4377 1083 4466 Ipfi
1101 4377 1289 4466 Adversarii
1310 4396 1374 4444 rtrtn
1399 4383 1441 4443 D.
1468 4377 1586 4445 Glettle
1608 4376 1684 4452 dont
1705 4374 1846 4459 Ecclefit‘r
1868 4373 1992 4468 persrdt

514 4464 662 4557 sequitu
674 4475 835 4539 rrtrtdrrnt
845 4471 955 4562 subeffe
964 4477 1168 4564 jurisdiiiisni
1188 4474 1351 4558 Pontifiris.
1403 4475 1454 4539 Ito
1473 4481 1585 4542 Autor
1603 4469 1660 4542 iste
1676 4470 1833 4565 pluribus
1847 4475 1883 4541 in
1899 4473 1985 4542 iocis

513 4563 682 4633 Addimus
704 4569 801 4634 etiam
822 4565 894 4650 'iura
910 4568 1126 4640 Ecclesarum
1150 4571 1190 4641 ad
1206 4569 1294 4639 idem
1311 4564 1423 4638 fotum
1438 4571 1632 4663 reserenda·
1655 4594 1730 4638 cum
1757 4570 1892 4642 nullum
1910 4573 1987 4638 inter

513 4654 602 4734 boot
616 4656 649 4732 dr
661 4660 739 4759 jura
750 4662 969 4741 Ecclefiatum
985 4666 1161 4746 discrimen
1178 4667 1290 4767 quoad
1306 4662 1373 4741 sori
1390 4667 1608 4763 priuilegium
1622 4667 1781 4743 reluceat.
1834 4673 1912 4764 Q
1920 4673 1988 4831 sipi

1940 4782 1988 4836 Η
