5017 5592
760 621 1729 760 naJunacotnr.ruvanucracasacnn
1941 673 2022 765 45·
2086 607 2112 624 ’“

517 853 617 907 crant.
665 833 753 900 Hac
767 830 854 900 inter
869 832 1013 903 Comitia
1028 853 1250 904 convenerant
1265 827 1504 922 Norimbergae
1520 834 1624 903 Annis
1640 855 1741 922 1-522.
1762 851 1988 928 1523.1524.

515 933 679 1004 Adrianus
695 932 757 998 Vl.
784 931 820 1000 P.
847 929 1050 1001 Germanico
1074 956 1140 999 non
1155 953 1232 999 ortu
1249 929 1355 999 lolum
1384 927 1488 999 sed&
1513 930 1657 1000 ca'udorc
1672 955 1769 1002 notus
1788 957 1829 1002 eo
1850 933 1985 1006 miserat

513 1030 736 1119 Chcrcgatum
750 1027 939 1108 Nuntium,
956 1030 1014 1122 qui
1027 1028 1210 1118 Religionis
1229 1023 1355 1096 dissidia
1367 1049 1602 1119 componeret:
1625 1031 1677 1102 hic
1695 1028 1874 1124 ipsummet
1886 1029 1984 1102 suum
2008 1113 2011 1121 Ι

511 1127 721 1206 mandarum,
745 1121 1000 1195 lnllruslionem
1017 1148 1145 1196 vocant.
1172 1121 1232 1221 (a)
1258 1120 1404 1194 Statibus
1425 1122 1621 1204 exhibebat,
1643 1128 1723 1220 quin
1743 1126 1828 1227 jussu
1849 1124 1984 1198 Pontifi-
2111 1187 2117 1194 .

509 1230 548 1299 cis
562 1222 728 1317 urgebat,
752 1246 788 1291 ac
805 1228 910 1293 Status
929 1219 1111 1293 Pontificiis
1127 1224 1247 1292 litteris
1272 1222 1427 1294 hotaorati
1448 1223 1541 1314 ipsum
1553 1225 1736 1338 infunaens)
1759 1228 1862 1316 quibas
1878 1231 1984 1296 mediis

508 1348 605 1397 carata
620 1325 737 1413 judicio
759 1324 907 1392 uideatur
931 1324 998 1390 laic
1018 1324 1133 1413 peffima
1148 1319 1227 1407 [etta
1252 1327 1430 1390 commodius
1446 1322 1565 1392 obviari
1587 1321 1689 1412 pvffr,
1719 1321 1855 1401 verbis,
1888 1326 1983 1419 queis
2100 1365 2104 1370 ·

510 1422 650 1495 multum
670 1420 825 1488 Comitiis
843 1414 1012 1490 deserebat
1029 1411 1197 1498 Pontifex,
1219 1442 1327 1511 neque
1342 1441 1451 1488 tamen
1468 1442 1583 1488 revera
1602 1422 1775 1488 Sacrorum
1791 1423 1916 1490 Rerum
1929 1420 1986 1492 de·

509 1518 662 1593 cisonem
680 1514 863 1587 addicebat.
911 1518 1009 1584 Hanc
1027 1513 1194 1587 Pontificis
1217 1513 1500 1596 benevolentiam,
1523 1515 1748 1609 rependebant
1763 1514 1983 1589 Prorcslaures

510 1617 618 1690 libello
633 1619 778 1685 Centum
800 1616 1049 1704 gravaminum,
1075 1616 1234 1682 Nationis
1253 1616 1478 1694 Germanice,
1507 1633 1634 1682 tantum
1654 1611 1694 1684 ab
1717 1613 1782 1684 illis
1802 1616 1983 1700 celebrato,
2092 1653 2095 1658 ·

509 1722 579 1789 anani
599 1715 805 1783 curcurim
822 1735 858 1781 ut
873 1714 918 1780 ait
936 1714 1031 1785 Lun
1042 1730 1061 1781 Ε
1072 1731 1105 1782 w
1117 1731 1126 1780 ι
1140 1730 1164 1780 o
1176 1735 1184 1781 t
1198 1732 1244 1780 us
1262 1713 1423 1804 (h)quem
1441 1708 1513 1804 poll
1527 1707 1696 1782 discessum
1705 1716 1818 1803 Legati
1828 1713 1984 1785 Pontifici
2061 1775 2067 1788 .

510 1811 702 1889 mittebant,
723 1806 843 1904 quibus
860 1808 1114 1880 continebantur
1129 1807 1282 1903 quadam
1309 1811 1469 1878 Nationis
1494 1809 1703 1880 Germanicae
1726 1810 1895 1905 querclae,
1922 1810 1982 1883 sub

510 1908 739 1984 lvlaximiltauo
761 1910 786 1976 1.
809 1907 896 1976 circa
919 1930 973 1976 res
993 1904 1200 1977 beneficiales
1223 1905 1256 1975 dr
1283 1929 1416 1976 annatas
1432 1908 1500 2000 jam
1524 1903 1723 2001 propositae,
1748 1908 1880 2002 reliqua
1898 1933 1980 1981 veru

471 2057 474 2064 ·
505 2013 615 2093 ,omnia
635 2000 876 2078 contumeliosa
892 2007 925 2073 in
948 2001 1184 2076 Ecclesrallicos
1208 2006 1411 2094 generatim,
1437 2005 1633 2076 nominatim
1649 2027 1731 2077 vero
1747 2007 1779 2074 in
1795 2009 1981 2080 Romanam

510 2112 666 2186 Curiana,
693 2099 871 2175 incrustata
889 2104 959 2172 veri
985 2102 1105 2172 bonive
1127 2098 1236 2196 specie
1258 2124 1332 2172 nata
1354 2126 1421 2171 non
1439 2100 1480 2170 ad
1501 2097 1626 2170 dislidia
1650 2103 1899 2200 cumponenda,
1924 2102 1981 2177 sed

510 2207 542 2278 ad
563 2226 669 2278 novas
690 2199 806 2272 turbas
826 2198 1022 2272 excitandas.
1071 2203 1170 2268 Hanc
1193 2196 1236 2271 ob
1258 2222 1331 2270 rem
1364 2203 1518 2269 Clemens
1541 2201 1621 2269 VH.
1648 2198 1789 2269 Adriani
1811 2198 1981 2275 Successor

510 2306 603 2376 alum
624 2299 896 2390 Norimbergam
912 2302 1074 2388 Legatum
1096 2299 1319 2391 Campegium
1340 2294 1552 2366 cardinalem
1573 2289 1677 2378 misit,
1702 2293 1755 2366 scd
1784 2302 1883 2368 variis
1902 2297 1981 2371 atti·

510 2407 575 2475 tatis
590 2400 627 2472 id
645 2396 754 2470 solum
769 2393 993 2468 conclusuma
1015 2395 1197 2465 Comitiis:
1222 2392 1276 2488 (r)
1301 2397 1326 2462 1.
1348 2389 1503 2461 Edislum
1525 2392 1769 2464 Wormatiense
1794 2399 1980 2470 executioni

464 2571 465 2584 ,
511 2499 661 2572 dandum.
684 2499 731 2565 11.
754 2492 953 2565 Poscendaa
976 2491 1136 2564 Pontifice
1160 2489 1259 2562 libari
1279 2493 1314 2560 in
1337 2491 1519 2562 Germania
1543 2490 1686 2560 Concilii
1716 2489 1865 2565 indisdio.
1914 2497 1981 2569 111.

464 2655 475 2676 ,.
511 2595 702 2690 eugendum
720 2594 825 2688 Spirae
841 2614 964 2661 novum
981 2595 1208 2668 conventum,
1231 2587 1290 2659 ubi
1311 2591 1502 2678 gravamina
1518 2584 1675 2682 praedisla
1694 2590 1872 2662 Laicorum
1887 2595 1980 2664 Prin·
2050 2631 2053 2636 ,
2156 2593 2157 2597 ’

511 2697 612 2793 tipum
628 2712 748 2764 contra
764 2689 884 2761 Sedem
902 2691 1103 2767 Romanam,
1122 2686 1154 2757 dr
1170 2708 1284 2757 contra
1309 2682 1547 2755 Ecclestallicos
1571 2683 1775 2756 discutienda
1790 2684 1863 2762 stur.
1915 2695 1979 2772 tv,

464 2795 465 2886 ᾖ
511 2791 721 2882 Evangelium
738 2813 755 2858 a
772 2789 921 2884 probatis
943 2781 1146 2856 Doiloribus
1161 2789 1196 2855 in
1215 2780 1306 2854 sensu
1330 2780 1519 2853 orthodoxo
1547 2780 1821 2876 praedicandum,
1842 2789 1978 2860 iuterim

510 2916 578 2964 vcro
591 2885 776 2960 Doflriuas
798 2880 1024 2956 controversas
1040 2879 1258 2952 discutiendas
1276 2907 1293 2951 a
1309 2880 1498 2971 Theologis
1518 2877 1581 2950 dcc.
1616 2882 1663 2949 Ex
1681 2876 1800 2973 quibus
1814 2882 1849 2951 id
1864 2881 1979 2956 saltem

510 2985 635 3088 patescit
653 3007 864 3057 reverentem
882 2978 1028 3075 supremi
1051 2977 1201 3051 Ecclefiae
1217 2981 1346 3073 Capitis
1369 2981 1587 3068 Germaniam
1614 2976 1668 3046 hic
1690 2972 1800 3059 fuisse,
1823 3004 1884 3052 nec
1907 3005 1981 3055 tum

511 3067 608 3160 adhdc
628 3083 830 3157 Lutberanae
847 3076 1006 3151 dollnoae
1021 3078 1164 3148 multum
1182 3081 1377 3173 propitiam.
1426 3079 1582 3171 Denique
1598 3073 1683 3168 sepe
1703 3098 1886 3149 memorata
1895 3083 1982 3150 Cen·

509 3209 571 3260 rum
602 3183 796 3277 gravamina
818 3179 858 3248 ad
880 3178 1077 3270 ulteriorem
1100 3175 1210 3246 adhuc
1243 3171 1457 3270 questionem
1482 3198 1519 3243 ac
1553 3170 1827 3245 deliberationem
1850 3172 1981 3250 remissa

507 3281 595 3367 sunt,
621 3281 776 3374 adeoque
795 3280 908 3371 inepte
927 3275 1101 3345 dicunnar:
1126 3274 1254 3363 systema
1279 3282 1467 3343 cinonama
1490 3273 1625 3342 statibus
1647 3272 1845 3365 compostum.
1871 3273 1932 3369 (d)

537 3414 594 3497 (a)
618 3412 721 3474 Extat
733 3407 817 3488 apud
829 3407 887 3469 Go
898 3425 1110 3469 nonarum
1131 3403 1252 3485 constit.
1268 3402 1381 3486 Impar.
1402 3401 1484 3467 Tam.
1500 3422 1528 3468 1.
1545 3403 1607 3465 Fal.
1622 3419 1693 3485 450.
1713 3422 1750 3465 ac
1768 3405 1980 3488 agnoscitura

609 3492 766 3558 Cardinali
781 3490 960 3553 Pnaunv
971 3509 986 3551 1
997 3509 1015 3550 c
1026 3506 1105 3551 nvo
1121 3486 1200 3571 Hafl.
1221 3485 1307 3548 Cant.
1327 3484 1411 3549 Tria.
1427 3486 1478 3550 lib.
1494 3503 1524 3548 2.
1538 3506 1561 3549 c.
1575 3485 1606 3548 6.

538 3617 584 3695 (b)
608 3614 666 3678 Cal.
683 3605 796 3693 dtffert
815 3607 887 3672 Not.
904 3607 954 3689 67.
997 3605 1120 3669 Extant
1139 3604 1282 3688 plurimis
1301 3604 1457 3666 vicibusa
1478 3602 1724 3665 Protestantibus
1743 3601 1844 3683 praelo
1860 3603 1978 3670 excusa

613 3696 695 3778 apud
721 3694 1068 3755 normanna-auu
1098 3689 1400 3755 Goaunsvum,
1425 3684 1742 3750 sentosarum.
1918 3721 1923 3730 ·

536 3813 590 3896 (c)
616 3810 687 3875 Vid.
703 3808 824 3886 Raima
837 3832 847 3870 a
859 3806 1011 3886 Rbsmitb
1026 3804 1062 3867 de
1074 3805 1118 3868 A.
1136 3823 1226 3886 1524.
1240 3809 1269 3885 §.
1283 3815 1334 3878 28.
1346 3801 1425 3887 seqq.

536 3935 596 4017 (d)
614 3931 756 3996 Nimium
770 3924 963 3995 insolentiae,
988 3932 1024 3984 ut
1039 3923 1139 3984 verbo
1149 3921 1382 4000 Ludewigiauo
1394 3931 1481 3993 utar,
1504 3922 1615 3996 habet,
1635 3922 1709 3986 dum
1723 3943 1794 3986 cum
1809 3921 1879 3985 aliis
1891 3920 1977 3985 idem

612 4011 737 4082 asserit,
760 4020 886 4071 centum
906 4006 957 4067 illa
981 4005 1162 4084 gravamina
1184 4003 1394 4067 acatholicis
1416 4007 1509 4067 etiam
1528 4003 1669 4068 Statibus
1692 4008 1891 4077 concinnata,
1913 4005 1976 4065 Or·

537 4119 539 4123 ·
611 4098 697 4159 dines
724 4090 757 4154 S.
778 4092 815 4154 lt.
834 4091 858 4152 I.
880 4085 1038 4149 Antiates
1058 4090 1130 4147 atoni
1144 4084 1246 4168 {iuris
1269 4088 1411 4150 canonici
1431 4085 1575 4169 adversus
1591 4086 1732 4163 abusores
1750 4091 1860 4148 veteris
1869 4081 1974 4170 suiffe,

612 4178 692 4263 quod
705 4194 766 4237 nou
788 4172 962 4234 dubitarint
977 4165 1089 4249 Caesari
1108 4169 1228 4231 tradere
1243 4171 1276 4231 in
1295 4188 1421 4241 manus,
1447 4167 1486 4233 s?
1500 4170 1703 4231 commendare
1717 4170 1757 4229 nd
1777 4171 1976 4248 promulgan-

612 4263 703 4325 dum.
725 4253 765 4320 sd
790 4252 1053 4333 observandamin
1080 4251 1253 4313 Germanica
1285 4252 1434 4331 Ecclefiis,
1471 4260 1577 4312 nattam
1601 4251 1671 4313 inde
1699 4250 1834 4334 Spslemu
1857 4261 1974 4312 cavatum

612 4359 762 4407 navarram
785 4338 940 4399 liturnum
956 4329 1009 4415 effe
1027 4331 1089 4395 dcc.
1141 4332 1185 4397 Ut
1206 4337 1290 4396 cuim
1311 4336 1457 4395 omittam
1487 4346 1649 4396 momenta
1670 4334 1743 4405 illa,
1766 4336 1879 4413 quibus
1904 4335 1975 4394 evi·

612 4427 724 4488 deuter
742 4421 854 4504 probat
877 4417 933 4484 Vir
956 4415 1167 4478 solertillimus
1194 4415 1226 4477 P.
1250 4401 1396 4497 lghata'as
1413 4413 1609 4478 Scwanz.
1644 4417 1753 4497 Calleg.
1768 4414 1882 4494 Hijlor.
1896 4433 1927 4493 p.
1941 4417 1972 4483 6.

616 4528 645 4653 p.
667 4527 698 4587 3.
740 4504 875 4565 Centum
897 4499 949 4561 illa
974 4501 1157 4580 gravamina
1184 4496 1314 4560 consuta
1338 4517 1356 4558 a
1378 4496 1641 4571 Protcstantibus,
1669 4517 1736 4558 non
1758 4518 1775 4558 a
1798 4494 1973 4558 Catholicis

631 4587 831 4666 ‘rincipibus,
854 4582 997 4661 adeoque
1017 4600 1093 4643 vere
1107 4583 1292 4662 gravamina
1307 4577 1569 4652 protestantium,
1592 4600 1657 4642 uon
1675 4579 1823 4642 Nationis
1842 4577 1975 4638 Germa·
2105 4609 2109 4616 ·

616 4674 698 4742 nicae
710 4665 816 4751 laide,
833 4684 899 4734 non
912 4659 1036 4812 possum
1048 4662 1157 4734 saltent
1170 4662 1357 4849 nonpnirpri
1367 4666 1551 4748 gravamina
1562 4662 1737 4734 Catholicis
1748 4661 1802 4730 illa
1814 4656 1976 4806 impugffb'
