5017 5592
501 676 577 758 440
705 687 719 711 ··
917 595 1533 772 ‘orscanrnrio
1771 640 1774 644 ’

504 839 559 911 tiae
602 835 753 926 ris'ilegia
772 857 790 905 a
812 837 981 910 communi
996 835 1072 929 lege
1090 832 1308 910 exorbitantia
1330 834 1576 942 adipiscuntur,
1599 791 1846 929 quaericobslat
1858 836 1883 930 s·
1901 858 1979 908 nun·

395 1025 398 1030 ι
503 860 656 1031 quidhic
679 931 819 1005 Ecclesia
835 939 868 1003 in
886 937 1054 1027 Privilcgii
1077 932 1291 1031 acquisitione
1305 933 1397 1004 velut
1414 936 1541 1028 privata
1561 930 1699 1028 persona
1718 938 1809 1005 venit
1831 932 1977 1006 conlide-

504 1033 625 1114 tanda,
648 1055 789 1124 gratiam
805 1056 823 1102 a
838 1037 993 1128 Principe
1008 1031 1209 1129 erl'pcslans.
1261 1034 1362 1128 Qrod
1381 1056 1461 1102 cero
1483 1031 1698 1121 Privilcgium
1723 1029 1876 1116 versetur
1896 1034 1978 1102 circa

424 1193 426 1202 .
503 1135 632 1204 cultum
655 1155 827 1203 externum
856 1133 1143 1232 promovendum,
1166 1132 1230 1202 boc
1250 1130 1408 1242 perinde,
1435 1153 1497 1224 per
1520 1129 1696 1211 accidens,
1721 1128 1899 1225 obliquum
1919 1125 1976 1200 esl:

504 1230 614 1302 cultus
629 1233 718 1299 enim
742 1227 955 1323 hiepraeeise
975 1230 1064 1302 nulla
1080 1228 1154 1320 lege
1172 1228 1398 1325 prescribitur
1419 1221 1530 1299 di'vina
1545 1251 1600 1300 aur
1618 1225 1775 1300 naturali.
1825 1229 1890 1298 Vel
1906 1229 1977 1322 quia

504 1324 647 1423 persona
665 1323 799 1397 suslinet
819 1324 1036 1400 Ecclesiastico
1050 1377 1067 1407 ,.
1086 1326 1141 1399 sed
1159 1328 1221 1399 boc
1245 1326 1386 1409 seilicet,
1406 1328 1504 1422 quale
1529 1325 1779 1421 privilegiatum
1796 1324 1975 1420 subierim

506 1423 567 1508 sit,
593 1426 658 1498 buc
673 1449 774 1523 quam
795 1449 916 1523 parum
932 1425 1099 1524 quadret,
1121 1425 1182 1522 ipsi
1198 1422 1427 1502 dissentientes
1451 1428 1658 1519 agnoverint·

1148 1636 1182 1732 q.
1230 1634 1348 1709 xiii.

585 1757 593 1770 ⁸
624 1766 780 1841 Inslantia
796 1768 939 1843 ulterior
958 1765 1046 1842 facili
1064 1774 1221 1863 negorio,
1245 1769 1408 1867 mollique
1430 1765 1569 1842 brachio
1593 1788 1798 1841 enervatur:
1823 1768 1977 1839 nimitum

508 1866 562 1962 jus
579 1866 752 1962 quaesitum
768 1865 894 1938 auferri
914 1894 980 1939 nnn
996 1868 1091 1940 decer
1108 1896 1115 1936 ε
1140 1869 1280 1939 addetur
1297 1866 1430 1948 solum,
1456 1868 1513 1939 nist
1535 1888 1634 1939 aton
1648 1887 1688 1937 is
1712 1885 1804 1937 uso
1816 1883 1980 1939 trinta.
2022 1835 2026 1982 l

511 1965 631 2062 Qualis
659 1962 822 2036 sufficiens
845 1963 891 2037 cll
920 1963 1061 2039 felicitas
1088 1966 1247 2062 publica:
1270 1968 1353 2061 lasus
1381 1973 1459 2036 enim
1483 1972 1653 2060 Reipullrce
1675 1963 1816 2057 sicprenra
1839 1970 1891 2034 lex
1919 1964 1982 2052 esta,
2024 1999 2026 2052 i

512 2059 604 2137 conf.
626 2065 775 2137 Geor.
797 2070 824 2133 1.
848 2070 886 2136 P·
907 2068 996 2140 tro.
1018 2072 1059 2140 L.
1076 2072 1124 2135 11.
1153 2075 1188 2138 C.
1217 2069 1407 2154 14.§.13.
1431 2063 1801 2156 ·Porrojurenaturae
1830 2063 1984 2158 Princeps
2024 2063 2026 2074 '

511 2185 651 2260 quoque
678 2159 873 2249 obligatur,
901 2159 1026 2233 fiadsit
1047 2161 1216 2257 vinculum
1240 2160 1505 2254 obligatorium,
1540 2187 1641 2250 nemo
1664 2157 1823 2250 negabit:
1850 2180 1985 2251 negetur
2021 2189 2026 2200 ·

512 2283 625 2330 autem
643 2260 696 2328 bic
713 2253 819 2330 adesse
835 2283 954 2329 nexum
966 2258 1191 2351 obligationis.
1241 2263 1348 2352 Leges
1363 2263 1490 2339 eirarre,
1509 2284 1548 2329 ex
1566 2252 1764 2329 confeffione
1779 2259 1895 2353 Impp.
1908 2280 1985 2328 coa·

511 2354 617 2438 liare,
642 2354 675 2426 se
695 2381 762 2425 non
786 2352 875 2450 posse
905 2355 1094 2429 subvertere
1114 2358 1197 2452 jura·
1217 2359 1450 2454 privilegiario
1471 2355 1629 2453 quesita,
1654 2380 1739 2426 verae
1760 2354 1874 2425 denuo
1893 2353 1985 2426 nobis

499 2449 612 2533 ¹sunt,
636 2450 802 2547 dislisqoe
818 2452 936 2526 nostris
950 2451 1058 2526 lucem
1073 2453 1267 2536 conciliant,
1292 2480 1329 2525 ac
1346 2453 1489 2550 probant
1504 2480 1570 2525 non
1594 2448 1683 2549 posse
1705 2445 1916 2548 privatorum
1931 2453 1985 2546 ,jus

464 2629 474 2646 .
512 2548 556 2624 ab
578 2546 655 2645 ipsis
676 2547 823 2623 subverti
846 2551 970 2649 absque
995 2553 1143 2644 legitima
1164 2550 1387 2650 adstipulante
1406 2556 1538 2625 ratione
1559 2552 1594 2625 dr
1616 2548 1743 2646 injustis
1760 2551 1899 2637 modis,
1924 2572 1986 2622 non

512 2671 597 2724 vero
609 2649 686 2745 jure
701 2649 795 2721 nullo
818 2647 1048 2731 universaliter
1067 2648 1231 2749 spebiato.

506 2829 512 2852 ,
631 2784 687 2857 Ad
710 2781 1017 2869 confirmationem,
1041 2811 1115 2882 quae
1132 2785 1256 2859 habet:
1283 2783 1368 2858 slare
1382 2785 1488 2857 teneri
1516 2778 1731 2855 successorem
1751 2777 1986 2854 antecessorum

513 2878 764 2956 contraiiibus:
791 2881 1031 2977 respondemus
1049 2888 1204 2979 inprimis
1226 2882 1434 2956 contrabium
1458 2884 1616 2976 utrinque
1636 2877 1840 2959 onerosum,
1866 2881 1901 2950 in
1924 2901 1986 2976 quo

515 2983 676 3068 Princeps
692 2983 813 3072 privati
838 2978 1012 3075 personam
1035 2983 1168 3062 induit,
1194 2979 1318 3051 arslius
1343 3006 1477 3076 quoque
1504 2980 1674 3071 obligare,
1702 2978 1734 3046 dt
1759 2972 1988 3072 profundioris

516 3073 730 3168 obligationis
751 3077 878 3148 radices
894 3102 1011 3168 agere,
1035 3103 1135 3172 quam
1153 3104 1281 3150 meram
1296 3082 1455 3170 gratiam,
1477 3077 1584 3173 qualis
1601 3078 1653 3146 bic
1672 3071 1892 3146 subversarur.
1928 3079 1990 3148 Da·

515 3171 595 3244 inde
613 3196 721 3265 neque
743 3196 781 3243 er
806 3175 898 3257 boe,
928 3173 948 3244 si
973 3177 1095 3247 limites
1120 3174 1291 3271 potestatis
1316 3173 1483 3247 excesserit
1504 3172 1701 3253 antecessor,
1724 3173 1775 3242 vel
1796 3174 1830 3241 in
1854 3166 1989 3244 manife-

515 3265 602 3341 slum
625 3267 829 3364 Reipublicae
849 3296 988 3363 vergere
1018 3274 1255 3350 detrimentum
1270 3275 1417 3372 incipit,
1442 3269 1614 3349 successori
1636 3269 1870 3371 prejudicium
1892 3265 1989 3348 ndei·

516 3383 585 3444 tur.
634 3371 911 3447 Taceoermera
926 3374 1044 3467 gratia.

734 3605 998 3754 PARS
1079 3607 1748 3765 POSTERIOR.

1091 3919 1136 4013 q.
1195 3908 1412 3997 Unicus.

517 4001 762 4190 Examinara
776 4041 950 4141 hucusque
967 4050 1114 4144 origine,
1133 4051 1355 4148 pervestigata
1371 4054 1436 4124 inte
1450 4043 1641 4146 progressu,
1668 4047 1911 4144 explorataque
1927 4045 1993 4118 lon·

628 4162 666 4228 ge
690 4140 801 4212 indole
822 4149 1086 4221 Asrnonnn
1111 4156 1269 4245 propria,
1301 4176 1368 4221 non
1391 4148 1506 4228 aliud,
1537 4147 1594 4217 nisi
1620 4144 1810 4217 ad'altioris
1830 4146 1993 4236 indaginis

519 4233 726 4343 pfqpufitum
747 4243 834 4312 viam
850 4245 1062 4339 complanare
1075 4250 1328 4330 contendimus;
1353 4271 1497 4343 quorum
1516 4270 1652 4341 qnoque
1666 4246 1806 4324 auxilio,
1825 4247 1903 4315 Deo
1920 4267 1994 4339 pro·

518 4348 625 4425 puio.
653 4331 739 4401 diem
763 4338 895 4412 annsse
913 4340 1123 4428 discrevisse,
1156 4347 1332 4440 lucemque
1351 4346 1500 4418 dicendis
1525 4366 1655 4413 remoto
1683 4343 1775 4413 velut
1798 4341 1996 4412 umbrarum

519 4422 596 4497 velo
612 4421 759 4500 offudisse
772 4431 952 4526 speramus.
1002 4442 1164 4517 Scabritie
1174 4451 1277 4536 igitur
1287 4442 1463 4524 deasciato,
1479 4442 1640 4534 gradatim
1655 4440 1722 4533 jam
1742 4443 1902 4510 interiora
1919 4437 1997 4508 sele·

519 4516 1181 4632 siaenolrismuteriaadytaingreclimur,
1202 4533 1995 4637 ordisputationisnostraefraeiooisemeduiiam,

382 4735 401 4760 ,Ι
518 4619 648 4705 “dus
660 4646 719 4724 §.01
721 4629 785 4704 ¹1⁶²
793 4634 1033 4747 nucleuuqante
1047 4645 1162 4720 oeulos
1178 4637 1323 4745 positum
1331 4646 1366 4719 in
1380 4638 1537 4745 presenti
1552 4636 1743 4736 conspicere
1758 4643 1875 4713 datum
1891 4629 1952 4710 eli.

1892 4751 1996 4854 CA÷
