5017 5592
547 667 616 748 DE
635 668 763 769 JURE
788 665 1055 745 CAESAREO
1076 653 1450 748 ¹PRlMRRlARUM
1465 667 1685 748 PRECUM.
1806 694 1895 772 125*

402 848 668 934 discedentibus,
694 846 798 924 ousiis
818 847 1036 923 Eccleliorutn
1052 849 1195 932 divitiis,
1217 852 1362 948 antique
1382 850 1562 950 disciplinae
1591 853 1778 947 ignorantia
1796 874 1883 943 pre·

403 955 555 1035 valente,
584 975 645 1021 nec
669 975 734 1022 non
756 949 833 1021 inde
856 949 1105 1046 propullulante
1131 952 1258 1041 ingenti
1278 976 1412 1023 morum
1436 951 1671 1048 corruptione,
1695 948 1886 1025 vicissitudi-

405 1076 481 1124 nem
498 1051 583 1123 adeo
596 1047 785 1129 subierunt,
806 1070 841 1118 ut
861 1052 913 1118 rix
929 1072 993 1117 non
1009 1053 1142 1144 penitus
1159 1051 1401 1121 modernorum
1420 1047 1563 1147 speciem
1587 1051 1705 1122 Seculo
1728 1054 1804 1129 ΧΗ.
1828 1075 1885 1122 re-

406 1152 554 1230 serrent,
576 1169 753 1219 creverunt
767 1170 833 1215 non
854 1168 1038 1240 paucorum
1060 1146 1308 1218 clericorum&
1332 1148 1474 1218 aliorum
1497 1147 1536 1218 ad
1561 1144 1679 1218 statum
1696 1145 1886 1220 ecclesiasti·

407 1272 480 1321 cum
508 1245 727 1342 aspirantium
749 1244 971 1338 cupiditates,
994 1265 1140 1339 quorum
1171 1243 1275 1338 aliqui
1299 1244 1350 1316 vel
1374 1241 1496 1332 affeeio
1519 1247 1627 1316 carnis
1652 1244 1682 1315 dr
1707 1243 1885 1336 sanguinis,

407 1345 454 1419 vel
471 1344 546 1414 alits
563 1343 691 1422 modis,
712 1364 781 1410 tutn
799 1344 915 1421 licius,
940 1365 1015 1410 cum
1037 1340 1161 1411 illicitis
1185 1340 1217 1411 dt
1239 1365 1330 1412 extra
1351 1339 1500 1430 semitam
1524 1348 1573 1414 Ss.
1597 1347 1772 1414 Canonum
1791 1341 1884 1415 aber·

408 1442 575 1523 rantibus,
595 1435 753 1510 beneficia
770 1438 809 1510 ab
827 1440 1005 1534 ordinariis
1025 1435 1239 1510 collatoribus
1262 1442 1509 1536 impetrarun13
1537 1441 1609 1511 aliis
1632 1437 1819 1511 consultum
1837 1443 1884 1513 vi·

408 1541 573 1621 debatur,
595 1560 634 1608 ut
655 1534 832 1608 Pontifices
854 1536 961 1627 Reges
989 1560 1030 1606 ue
1054 1536 1203 1616 adirent,
1230 1561 1299 1632 quo
1322 1538 1444 1610 horum
1466 1538 1574 1610 literis
1603 1539 1885 1611 commendatitiis
1918 1601 1948 1616 ..

409 1633 825 1710 collatorum-voluntatem
843 1633 883 1704 ad
904 1560 988 1705 cons

409 1733 515 1809 seculo
537 1739 597 1805 Xl.
623 1730 821 1804 incessiturae
844 1733 1048 1828 impugnare
1069 1731 1101 1802 dt
1126 1730 1245 1801 Seculo
1268 1736 1343 1803 Xll.
1369 1735 1504 1806 ineunte
1531 1732 1570 1804 ab
1593 1737 1746 1806 Henrico
1769 1738 1813 1804 V.
1836 1735 1890 1820 di·¹

983 1632 1105 1703 erenda
1130 1630 1186 1703 libi
1214 1632 1377 1707 beneficia
1399 1659 1639 1733 expugnarent.
1687 1637 1781 1706 Hinc
1802 1635 1884 1709 dum
2017 1649 2033 1668 ’“

411 1832 504 1907 misse
525 1828 681 1912 suerunt,
704 1831 765 1899 alia
782 1833 833 1899 cia
849 1834 1076 1925 imperatores
1096 1825 1300 1900 Successores
1316 1832 1349 1900 in
1369 1855 1499 1927 partem
1517 1831 1703 1901 collationis
1726 1832 1779 1902 rel
1800 1857 1883 1928 pra·
2030 1851 2033 1856 '
2055 1843 2064 1864 ’·

411 1930 597 2004 scotationis
621 1924 861 2000 beneficiorum
888 1930 1002 1998 venire
1028 1927 1222 2006 tentabant,
1248 1926 1369 2000 alicubi
1394 1929 1469 2025 plus
1493 1930 1574 2016 iuris
1593 1925 1648 1999 stbi
1669 1927 1882 2011 sirmundum,
1974 1995 1977 2000 .

414 2029 587 2126 aliquando
607 2025 764 2124 precibus
789 2026 954 2119 agendum
980 2027 1055 2096 rati.
1108 2028 1190 2094 Non
1214 2024 1260 2095 esi
1282 2023 1421 2097 dubium
1437 2061 1452 2108 ,·
1472 2028 1590 2098 Seculo
1612 2031 1689 2099 ΧΗ.
1707 2028 1777 2122 jam
1791 2052 1883 2099 com·

415 2128 635 2200 mendationea
660 2147 841 2220 precesque
857 2124 945 2220 apud
960 2123 1148 2194 ordinarios
1167 2121 1341 2194 collatores
1358 2121 1585 2221 interposuisse
1599 2121 1744 2198 cesares
1768 2125 1806 2213 a)
1835 2125 1887 2195 uti

419 2249 463 2297 eas
478 2227 511 2296 in
528 2225 604 2294 aliis
620 2227 730 2314 regnis
747 2224 872 2311 Reges,
899 2224 1136 2315 Principesque
1155 2242 1225 2290 tum
1243 2245 1306 2313 pro
1325 2218 1512 2316 Episcopali
1534 2221 1687 2302 honore,
1714 2247 1789 2293 cum
1812 2224 1884 2291 aliis

405 2316 673 2394 beneficiisase
702 2319 935 2390 commendato
956 2317 1174 2413 impetrandis
1205 2318 1408 2388 direxerunt.
1441 2322 1476 2408 l)
1508 2323 1636 2389 Verum
1666 2342 1731 2387 non
1759 2317 1886 2415 ubique
2015 2355 2018 2360 >
2076 2321 2084 2329 ’

363 2491 365 2508 ‚
421 2445 524 2518 parem
555 2417 702 2490 habuere
723 2415 908 2497 elsesium,
931 2441 990 2487 nec
1016 2418 1163 2510 primurn
1179 2439 1217 2484 ex
1237 2412 1368 2509 repulsa
1385 2415 1434 2484 illi
1460 2412 1711 2486 succensebant:
1739 2416 1815 2486 hinc
1833 2442 1887 2489 va·

421 2521 462 2588 ria
479 2516 517 2588 ab
533 2521 574 2589 'ris
597 2513 729 2587 constlia
744 2516 823 2584 inita
844 2514 1017 2593 videntur,
1039 2533 1105 2599 quo
1122 2511 1298 2584 collatores
1320 2511 1359 2581 ad
1376 2511 1465 2584 suatn
1490 2512 1693 2584 voluntatem
1713 2515 1884 2610 pertrahe·

423 2615 495 2688 rent.
545 2620 657 2684 Variae
676 2611 865 2683 incidebant
884 2608 1153 2687 circuntslontiae,
1176 2606 1346 2704 causaeque
1368 2610 1486 2681 Seculo
1511 2614 1589 2681 ΧΗ.
1612 2635 1684 2703 qun
1707 2616 1888 2707 proximio-

424 2737 483 2784 rem
502 2737 641 2808 ptecum
663 2710 942 2781 exaudiendarum
966 2706 1057 2801 spem
1075 2702 1249 2778 faciebant.
1303 2710 1442 2777 chrict
1458 2713 1501 2777 V.
1524 2705 1716 2780 successores
1732 2708 1883 2802 ejusdem

424 2806 509 2881 seculi
526 2807 748 2905 prislinajura
769 2803 1036 2876 investiturarum
1058 2828 1258 2898 recuperare
1282 2803 1390 2874 moliti
1407 2802 1480 2876 sunt
1502 2807 1534 2890 c)
1559 2829 1662 2899 quare
1683 2805 1885 2900 presumere

424 2903 540 2989 seseli,
563 2903 764 3001 Episcopus,
789 2903 1011 2974 &collatores
1035 2899 1190 2996 prudenti
1215 2903 1399 2972 aeconomia
1421 2899 1494 2972 usos
1509 2899 1588 2981 else,
1611 2902 1684 2997 plus
1712 2927 1752 2971 ue
1773 2905 1886 2997 lmpe·
2027 2905 2032 2912 “

409 2992 561 3077 ἱῐιιοτιιιιι
588 3005 742 3100 precibus
759 3000 799 3072 ad
820 2999 851 3072 se
866 2997 1031 3098 porrcslia
1055 2994 1263 3082 concessisse,
1285 3023 1323 3069 ut
1338 3024 1379 3070 ne
1394 3002 1513 3070 irritati
1532 3000 1585 3095 jus
1611 2929 1713 3071 intel

1717 3026 1880 3072 iturarum
1981 3017 1984 3028 '

423 3106 501 3176 omni
523 3127 645 3174 conatu
667 3123 869 3171 revocarent.
921 3104 1028 3168 Porro
1044 3121 1081 3166 err
1098 3096 1196 3190 passo
1213 3097 1388 3166 Callistiuo
1405 3101 1578 3190 viguerant
1600 3100 1735 3196 quidem
1752 3099 1885 3170 eleilio·
2024 3113 2027 3118 '
2047 3133 2054 3144 ’

423 3226 486 3285 nes,
506 3198 564 3273 sed
580 3198 686 3271 turbis
710 3195 826 3292 sepius
848 3197 880 3267 dr
900 3192 1101 3266 sessionibus
1125 3190 1306 3273 insellate,
1330 3193 1405 3265 hinc
1426 3222 1483 3281 ea,
1508 3221 1609 3291 quam
1633 3199 1664 3268 vi
1686 3197 1775 3267 illius
1797 3195 1885 3291 passi

421 3300 637 3398 Imperatores
654 3294 855 3376 habuerant,
871 3291 1025 3366 facultate
1039 3295 1087 3363 rei
1105 3289 1322 3378 diiudicandae
1336 3290 1382 3363 usr
1396 3290 1487 3378 sunt,
1507 3293 1564 3366 ubi
1588 3318 1662 3365 voto
1677 3295 1823 3389 Capituli
1838 3299 1885 3364 in·

421 3417 462 3470 ter
477 3398 565 3470 duos
583 3392 802 3467 slusluatent:
831 3418 868 3464 ex
885 3417 971 3488 quo,
995 3388 1075 3461 sicut
1095 3412 1160 3460 non
1177 3413 1294 3486 patum
1312 3387 1480 3484 potestatis
1500 3390 1673 3463 caesaribus
1697 3396 1729 3460 in
1753 3390 1885 3464 eleslio·

419 3496 508 3580 nibus
528 3491 775 3592 Episcoporum
798 3487 964 3561 residuum
986 3510 1057 3561 erat
1073 3485 1228 3569 ,occaso
1249 3485 1315 3559 suit
1347 3486 1555 3586 suppeditata
1583 3488 1763 3584 quidlibet,
1784 3512 1885 3561 ettam

419 3590 572 3667 beneficia
586 3614 653 3686 pro
674 3590 745 3660 aliis
760 3586 799 3658 ab
814 3588 889 3670 illo,
913 3588 965 3657 cui
986 3584 1025 3656 ab
1047 3587 1085 3654 iis
1106 3580 1199 3654 causa
1215 3608 1281 3654 tant
1300 3582 1505 3656 momentosas
1523 3586 1708 3678 adjudicata
1724 3582 1807 3664 fuit,
1824 3589 1885 3656 im·

455 3689 577 3766 arandi.
628 3685 838 3786 Qrandoque
861 3685 978 3756 Seculo
1006 3687 1080 3753 ΧΗ.
1098 3686 1130 3751 in
1153 3680 1372 3752 elesltonibus
1394 3685 1523 3773 Regum
1547 3685 1736 3754 Germanic
1759 3680 1884 3755 scinde·

417 3714 533 3863 liuto
546 3811 623 3862 vota
640 3790 726 3857 inter
741 3786 843 3865 duos,
866 3788 914 3855 uti
930 3779 1052 3853 constat
1068 3779 1108 3850 de
1122 3778 1285 3850 Lothariu
1302 3778 1334 3854 dr
1352 3779 1523 3863 Conrado,
1544 3783 1623 3853 item
1640 3780 1758 3853 eodem
1776 3778 1886 3854 seculo

418 3911 551 3963 exeunte
567 3885 609 3958 de
622 3884 780 3980 Philippo
795 3886 890 3952 Duce
906 3876 1081 3951 Sueviredr
1104 3881 1231 3948 Ottone
1244 3881 1305 3948 lv.
1328 3881 1479 3952 Saxone:
1505 3879 1541 3951 io
1561 3899 1650 3952 tanta
1673 3904 1788 3953 retum
1808 3902 1885 3976 per·

419 3985 602 4060 turbatione
617 3979 710 4053 ditis
728 4004 821 4051 erant
836 3975 992 4075 Episcopi
1009 4027 1017 4058 ,
1035 3975 1159 4069 aliique
1172 3976 1267 4067 regni
1289 3998 1473 4069 proceres,
1495 3983 1552 4050 uni
1572 3979 1624 4058 hi,
1650 3977 1744 4048 alteri
1760 3977 1809 4047 tlli
1831 3976 1888 4048 ad·

419 4083 596 4157 herentes:
618 4103 652 4151 at
662 4075 884 4247 perspicuum
904 4072 969 4156 esl,
988 4096 1149 4170 quantum
1169 4069 1340 4166 potestatis
1363 4098 1517 4146 exercete
1537 4073 1649 4170 pollit,
1671 4078 1778 4169 quiin
1800 4074 1887 4168 ejus·

420 4181 504 4254 nodi
529 4182 658 4251 circum
689 4178 785 4247 antiis
801 4175 971 4272 potentior
986 4168 1142 4252 evaserit,
1163 4168 1215 4241 vel
1230 4168 1399 4242 Pontificio
1415 4167 1546 4254 favore,
1563 4174 1613 4242 vel
1627 4171 1775 4269 plurium
1789 4174 1887 4264 regni

402 4276 615 4376 'optimatum
635 4270 823 4346 occelsrone.
870 4275 947 4369 Jatn
971 4268 1031 4343 sub
1053 4273 1179 4340 Ottone
1206 4269 1268 4340 lv.
1294 4265 1497 4340 consuetudo
1518 4273 1649 4362 viguit,
1670 4269 1761 4365 juxta
1787 4275 1890 4364 quam

421 4371 600 4455 beneficia,
629 4369 728 4470 stquae
761 4390 981 4452 vacaverant,
1011 4368 1131 4465 primis
1155 4364 1346 4461 petentibus
1367 4365 1408 4436 ab
1437 4367 1702 4464 Imperatoribus
1740 4362 1887 4440 concesse
2014 4371 2017 4376 ’

422 4468 534 4558 suere,
568 4474 606 4564 d)
632 4470 783 4569 quatneis
809 4468 888 4541 huic
907 4491 1038 4539 morem
1058 4488 1124 4534 non
1148 4458 1278 4555 gesserit
1298 4462 1402 4545 Otto,
1424 4459 1480 4538 sed
1506 4464 1663 4538 benesicio
1684 4468 1770 4537 inter
1791 4467 1888 4536 cleri·

424 4593 473 4648 cos
488 4572 707 4671 laicosquein
724 4567 783 4646 suo
802 4561 972 4657 famulitio
997 4558 1203 4644 confillcntes
1225 4558 1442 4642 distribuerit.
1492 4561 1647 4644 Fortaffis
1668 4565 1738 4639 haec
1754 4562 1889 4637 consue.

1232 4663 1316 4761 (23
1804 4659 1887 4735 tuda
