5017 5592
384 759 394 768 .
505 665 574 754 538
686 635 693 656 ⁸
739 643 1080 724 mssuunn‘no
1105 645 1459 724 cuauuunnus
1481 645 1755 728 canonica

503 836 576 904 darn
590 832 707 902 nominc
724 833 766 900 ii.
788 827 895 919 Postea
912 853 1007 910 vero,
1031 829 1187 922 aiiqct'anto
1204 848 1334 923 tempore
1350 832 1464 925 elapso,
1484 831 1609 904 eandem
1628 839 1786 906 Decimam
1798 836 1927 931 concedit
1941 841 1976 909 ei·

504 932 583 1004 dent.
631 929 864 1020 Quaerebatao,
886 950 962 1019 qaae
977 931 1108 1023 conceffio
1120 934 1340 1024 praecelerat!
1359 931 1522 1020 Respondit
1545 938 1650 1024 Papa,
1671 939 1750 1025 qaod
1769 938 1902 1029 conceffla
1924 947 1976 1007 De·
1999 931 2006 1018 f

503 1031 598 1110 eimae
611 1031 695 1127 pisas
710 1026 815 1126 jafie,
836 1025 862 1120 fi,
881 1033 1038 1132 &noenta
1053 1028 1192 1124 fiiente,
1220 1050 1252 1097 ec
1275 1053 1333 1100 non
1352 1035 1575 1102 contradicente
1584 1032 1674 1125 satta
1689 1033 1757 1122 est,
1781 1051 1869 1105 tenet
1885 1055 1976 1107 etna·

436 1166 440 1173 ¹
503 1139 570 1207 Iet:
590 1133 704 1225 sedfi,
722 1138 880 1225 ignorante
897 1141 1072 1214 warentia,
1092 1152 1148 1202 atet
1171 1134 1409 1212 contradicente,
1430 1134 1586 1200 Decimam
1598 1134 1749 1225 prandidit
1769 1136 1814 1203 Η.
1825 1135 1976 1224 princeo-

503 1231 581 1326 ceffit
598 1257 605 1299 :
629 1252 660 1301 et
674 1231 772 1322 postea
787 1234 823 1302 de
844 1229 981 1319 condensa
1006 1233 1138 1323 capitali
1153 1232 1278 1301 eandam
1295 1233 1451 1300 Decimam
1465 1231 1551 1299 dedit
1570 1232 1691 1301 eedem:
1714 1229 1848 1319 secanda
1864 1232 1973 1304 denarie

470 1327 476 1344 ‘
504 1331 592 1401 debet
609 1333 738 1416 valere,
760 1349 792 1399 et
805 1332 1011 1421 praeiudicare
1029 1331 1135 1421 priori.
1183 1329 1234 1397 Ita
1252 1330 1412 1399 Banna
1423 1345 1480 1397 an
1491 1346 1540 1399 us
1556 1331 1588 1398 in
1603 1327 1713 1418 cadiae
1727 1325 1866 1422 Iengit.'

543 1483 566 1526 ‘
577 1481 688 1550 Vtitnr
703 1482 883 1546 Bernartius
901 1478 1055 1564 gloffator
1071 1479 1173 1543 verbo
1186 1479 1377 1553 donacionis,
1400 1499 1496 1563 quum
1512 1489 1625 1545 textus
1639 1481 1754 1546 habeat
1767 1481 1902 1546 vetitum
1913 1498 1973 1545 con·

618 1568 763 1653 cefflonis:
790 1566 935 1645 equidem
960 1564 1135 1627 donationes
1192 1563 1281 1625 rbum
1299 1564 1393 1626 etiam
1414 1566 1572 1627 exercitio
1599 1567 1675 1628 iuria
1696 1574 1890 1646 patronatus
1906 1582 1975 1627 eon·

617 1652 744 1722 uenire,
761 1653 895 1730 probant
915 1656 1025 1709 textus
1038 1648 1072 1708 iu
1091 1663 1125 1708 ca
1147 1691 1155 1709 .
1210 1645 1273 1710 ‚da
1294 1646 1387 1729 caliido.
1402 1657 1434 1708 et
1448 1665 1513 1729 cop.
1522 1647 1581 1730 fin.
1600 1648 1637 1710 de
1654 1642 1771 1730 eoncaff.
1781 1649 1907 1727 μηκας
1926 1665 1976 1709 ve·

617 1743 783 1794 cantamen
802 1727 903 1792 nolim
925 1728 988 1791 huc
1003 1726 1112 1793 illudo
1136 1727 1252 1802 hiberi,
1275 1728 1399 1810 nequis
1420 1729 1585 1792 inducatur
1599 1732 1638 1792 ad
1657 1729 1877 1804 credendum,
1901 1727 1988 1812 qnod=

617 1810 725 1878 iuiss'et
745 1814 902 1876 cuiusdam
917 1813 963 1873 rei
980 1811 1154 1892 temporalis
1168 1828 1225 1893 pet
1239 1812 1446 1874 donationem
1461 1810 1542 1875 fasta
1564 1815 1716 1877 alienatio.
1761 1821 1813 1880 a.)
1838 1811 1923 1876 Dicit
1934 1812 1979 1893 cii·

620 1895 691 1960 iius
713 1893 806 1969 Casas
821 1898 930 1974 longus
944 1892 1096 1974 politiue,
1112 1894 1218 1974 quod,
1239 1896 1396 1974 aliquanto
1410 1905 1541 1976 ternpore
1553 1899 1668 1978 elapso,
1690 1892 1850 1960 Abbatiiia
1861 1891 1980 1959 contai·

619 1976 701 2043 unet
720 1979 839 2048 eidem,
855 1977 906 2038 cni
925 1979 1013 2054 prius
1036 2019 1045 2048 ,
1075 1972 1231 2038 Decimam
1249 1976 1289 2038 de
1307 1975 1456 2038 consensu
1476 1976 1636 2056 Capituli;
1658 1995 1754 2059 quum
1774 1977 1979 2042 tamenliteca
2021 2049 2023 2054 ¹

620 2080 686 2124 non
702 2060 819 2122 doceat
835 2060 866 2122 in
884 2056 991 2129 fabio,
1015 2078 1053 2119 an
1069 2058 1139 2140 post
1161 2059 1307 2129 muitum,
1331 2079 1371 2120 an
1394 2057 1464 2141 post
1478 2062 1670 2141 othaaaeane
1685 2071 1815 2140 tempus
1831 2061 1863 2124 id
1882 2062 1978 2124 conti·

487 2170 489 2174 ·
620 2145 714 2226 gerit.
757 2149 805 2224 3.)
825 2140 863 2204 In
882 2141 1040 2204 decisione
1063 2157 1127 2202 non
1142 2142 1247 2221 tangit
1272 2141 1476 2222 posteriorem
1495 2155 1606 2206 textus
1630 2153 1775 2226 partem,
1803 2147 1887 2226 quae
1900 2141 1978 2206 estin

513 2255 516 2262 ·
620 2227 748 2289 verbis:
771 2232 874 2287 cinon
889 2223 954 2308 past
966 2226 1234 2302 maiiamternpcac.
1277 2221 1480 2306 Quapropter
1492 2223 1591 2304 calam
1607 2227 1730 2308 songiam
1744 2224 1787 2288 fic
1806 2225 1977 2290 constituo:

621 2307 778 2372 Pertinaci!
801 2304 932 2390 conccffio
961 2302 1102 2366 Decimae
1121 2303 1163 2367 ad
1188 2303 1384 2376 Proelium,
1411 2308 1533 2390 eiusque
1563 2305 1749 2371 Conuentccrn
1775 2311 1977 2372 ammanitae.

621 2389 765 2453 Praelata
780 2387 864 2450 dedic
880 2386 975 2450 eidem
991 2385 1100 2448 Cierico
1119 2387 1225 2450 iiterat
1242 2384 1495 2468 praesentationis
1505 2387 1547 2451 od
1560 2391 1684 2453 candem
1696 2391 1762 2462 bit,
1776 2407 1885 2472 nempe
1899 2393 1978 2472 pria·
2001 2455 2005 2462 ,

620 2492 687 2542 eat,
709 2481 738 2535 ec
781 2469 960 2552 ostariorase
982 2466 1388 2551 Quaerebamr,.qoaenarn
1408 2470 1538 2554 astartem
1555 2482 1709 2537 tenerent:
1733 2473 1883 2558 distinxit
1902 2473 1978 2555 Papa
2017 2491 2023 2516 ··

621 2553 722 2638 casam
767 2561 934 2622 annaniae,
945 2546 1090 2634 scientis,
1110 2560 1140 2614 ec
1159 2571 1221 2614 non
1243 2553 1492 2628 contradicentis,
1514 2553 1623 2635 acala
1646 2556 1820 2619 Conuenient
1836 2556 1978 2638 ignarae·

622 2642 683 2710 iis,
704 2644 760 2700 aas
782 2633 1032 2698 contradicentis:
1047 2633 1076 2716 fi
1096 2633 1270 2696 Coruinius
1283 2631 1424 2716 sciueric,
1439 2653 1492 2698 nac
1503 2636 1745 2707 contradixerit,
1761 2638 1931 2722 ederipfit,
1943 2645 1978 2700 it·

621 2718 950 2866 inuitis-²1:251
970 2715 1301 2861 ‘insidiiis
1309 2719 1978 2887 fiiiffl⁰03353s⁰sisiszr5⁸iisd

574 2909 582 2926 a
617 2885 681 2967 fini
696 2884 732 2946 da
745 2878 873 2963 adsensu
895 2819 1082 2954 cinisium,
1100 2878 1226 2964 necooss
1239 2841 1367 2945 musaea
1381 2886 1535 2965 temporis.
1836 2845 1846 2878 ’

623 3040 751 3109 LVIII.
782 3039 828 3105 Ex
844 3034 907 3106 hoc
923 3030 996 3106 casu
1015 3037 1206 3114 Bernardac,
1221 3040 1361 3133 joannes
1374 3045 1538 3123 Andreae,
1561 3038 1661 3113 Catd.
1682 3042 1867 3126 Zabareia,
1886 3044 1975 3142 Joan.

509 3142 551 3214 de
568 3143 684 3219 Innio,
707 3157 741 3206 et
759 3134 814 3205 alii
830 3134 910 3205 haec
925 3134 993 3202 duo
1016 3131 1141 3228 punsia
1161 3142 1386 3210 communiter
1407 3133 1575 3211 inferunt:
1603 3166 1616 3208 ι
1633 3137 1652 3229 )
1679 3145 1716 3211 In
1737 3146 1897 3232 temporale
1912 3146 1978 3212 aiio·

507 3247 653 3317 natione,
672 3233 855 3326 quemfecit
876 3235 1052 3310 i’raeiatas.¹
1074 3237 1271 3305 taciturnitas
1295 3242 1428 3329 Capitale
1449 3240 1576 3308 babetur
1592 3261 1646 3332 pro
1671 3240 1821 3323 censenda.
1874 3242 1918 3324 2.)
1941 3240 1977 3307 Et

508 3336 646 3437 quidem
670 3331 817 3402 reiiius:
845 3334 912 3417 Qui
931 3354 989 3399 non
1011 3333 1208 3412 contradicit,
1230 3335 1395 3420 consentire
1414 3339 1554 3409 videtur.
1601 3333 1664 3405 Sed
1693 3338 1771 3430 quia
1797 3339 1863 3406 iam
1887 3334 1978 3432 supra

507 3460 527 3508 n
551 3462 586 3518 n.
603 3433 715 3503 XVII.
738 3427 839 3523 vsque
860 3430 1002 3497 XXVII.
1030 3423 1272 3513 demonstrem,
1298 3430 1363 3503 hoc
1385 3432 1579 3528 Capitulum
1596 3432 1784 3502 nuliatenus
1806 3434 1849 3504 de
1873 3441 1976 3504 aiiena·

508 3539 590 3608 tione
606 3554 705 3604 return
725 3531 932 3622 temporaiian
948 3521 1039 3622 posse
1056 3524 1216 3620 intelligi,
1239 3528 1318 3600 hine
1334 3535 1462 3623 orimum
1476 3534 1597 3601 axioma
1620 3527 1817 3628 simpliciter
1829 3534 1958 3605 reiicio.

625 3705 714 3773 LIX.
743 3701 910 3772 Secundam
935 3721 1016 3768 vero
1036 3702 1184 3779 axioma,
1213 3699 1305 3795 quod
1329 3702 1428 3773 etiem
1452 3703 1557 3793 Gioffa
1583 3704 1696 3797 primo
1717 3702 1795 3775 Ioeo
1818 3726 1915 3775 notat
1933 3703 1978 3772 nie

506 3798 638 3875 verbis:
665 3805 729 3899 Qi
744 3823 802 3867 non
824 3800 1023 3881 contradicit,
1046 3801 1210 3887 consentire
1231 3803 1385 3872 viderant
1410 3824 1599 3895 quanquam
1616 3796 1687 3871 fere
1703 3798 1765 3871 sint
1783 3800 1887 3872 verba
1908 3805 1942 3870 R.
1953 3802 1978 3873 1.

507 3927 569 3993 43.
590 3901 624 3969 in
641 3906 692 3969 6.:
719 3900 883 3989 quitacet,
906 3894 1071 3978 consentire
1083 3899 1233 3978 videtur,
1251 3895 1464 3969 adiuuabitur
1480 3902 1692 3969 adiedionibac
1708 3905 1803 3991 magis
1822 3900 1976 3993 (petriam
1998 3930 2002 3936 ·

507 4000 605 4096 quia,
624 4017 660 4068 vt
674 3993 748 4066 sane
762 3997 807 4062 ait
828 3995 937 4062 Henr.
964 3994 1099 4080 cantfias
1112 3995 1146 4063 in
1170 3998 1412 4066 commentario
1426 3996 1466 4065 ad
1492 3996 1522 4066 a.
1538 3999 1600 4065 R.:
1625 4001 1695 4067 Iraec
1709 4003 1849 4088 Regula,
1870 3999 1977 4085 finadc

507 4101 709 4186 injoieiatar,
736 4092 856 4182 defendi
876 4115 932 4160 non
955 4092 1075 4182 potest:
1101 4092 1205 4182 igitur
1224 4092 1265 4161 ad
1290 4115 1387 4164 certae
1408 4093 1514 4184 speeies
1542 4090 1740 4165 eooesianda
1763 4091 1837 4178 esi3
1860 4098 1977 4167 etenim

506 4192 622 4266 multis
640 4190 763 4262 casibus
778 4186 913 4270 accidit,
934 4185 1084 4260 resciens
1103 4212 1136 4259 et
1150 4212 1260 4261 tacens
1278 4216 1343 4262 non
1362 4188 1532 4265 censeatur
1547 4192 1751 4276 consentire3
1770 4215 1976 4291 quopropter

508 4286 634 4362 necesse
656 4288 719 4369 est,
742 4309 776 4358 vt
791 4293 822 4356 in
847 4310 973 4358 tecente
998 4287 1219 4372 circumdantia
1243 4294 1346 4381 aliqua
1368 4314 1616 4361 concurretant
1633 4290 1745 4374 caafia,
1770 4315 1861 4386 quae
1882 4314 1978 4362 ex-ta·

508 4390 698 4459 eiturnitate
720 4382 841 4456 inserat
861 4383 1069 4464 consensum,
1093 4387 1236 4458 maxime
1250 4411 1372 4481 quum,
1395 4388 1532 4461 licetine
1555 4394 1651 4460 Ciuile
1668 4385 1764 4484 saepe
1782 4413 1925 4461 numero
1938 4412 1978 4460 ta·

508 4507 638 4658 ἵππω
659 4507 723 4578 pro
740 4479 963 4560 consentiente
979 4482 1115 4573 habeat,
1140 4488 1175 4559 in
1190 4484 1310 4562 eodem
1330 4508 1441 4561 tamen
1463 4514 1529 4562 non
1548 4490 1738 4585 reperiatur
1760 4485 1854 4562 ditia
1875 4491 1978 4582 Regu·

548 4633 563 4671 ‚
581 4604 812 4680 contraquam

1914 4753 1976 4829 LX·
