5017 5592
608 621 677 698 or
690 620 818 719 June
841 578 1107 698 cnssnnro
1122 621 1495 704 entttsutnuuu
1516 626 1737 726 rnucuu.
1852 643 1967 746 18⁷3
2105 645 2110 664 -·

434 802 546 876 besm.
579 805 642 898 lll.
662 803 697 874 si
710 802 750 872 sd
766 803 899 899 quosvis
920 798 1076 897 personet
1099 809 1218 901 quovis
1242 807 1346 882 modo
1360 808 1403 882 de
1426 804 1596 882 beneficiis
1619 805 1832 910 disponentes
1847 835 1930 911 pree

434 928 490 975 ces
505 904 607 995 dirigi
625 901 791 981 valerent,
807 907 907 973 etiem
923 903 976 994 jus
992 898 1190 975 Pettonntus
1207 908 1282 978 inici
1306 930 1363 980 sut
1387 909 1481 979 mixti
1508 907 1667 980 habentes
1697 911 1925 1009 comprehen·
1974 993 1977 1000 ,

434 1001 576 1080 derent,
596 1000 700 1097 quod·
710 997 842 1073 rursum
864 1003 951 1069 totio
970 1003 1020 1073 Ss.
1041 1004 1269 1076 Cononumdt
1293 1008 1499 1100 experientia
1518 1012 1685 1077 contraris
1704 1007 1745 1079 ob
1773 1033 1869 1104 equo
1889 1007 1925 1086 dt
1983 1033 1988 1046 ·

433 1125 518 1172 veto
537 1097 697 1170 abludere
715 1096 946 1194 comprobent.
996 1102 1135 1172 sienim
1152 1098 1392 1174 reservationes
1405 1100 1603 1185 Pontificie,
1619 1127 1694 1175 utut
1709 1105 1789 1176 elias
1806 1111 1931 1180 immo·

437 1198 520 1269 dice
538 1197 571 1268 dr
592 1192 754 1269 excelstte
778 1199 971 1278 extiterint,
999 1218 1127 1268 tentum
1150 1201 1301 1296 petrosis
1325 1195 1511 1297 ejusmodi,
1534 1226 1578 1272 ne
1603 1227 1621 1272 s
1645 1196 1842 1282 fundendis,
1865 1204 1930 1278 do·
2038 1257 2042 1270 .

434 1296 574 1396 tondis,
597 1319 654 1366 out
676 1291 879 1365 exstruendis
901 1292 1052 1366 Ecclestts
1082 1292 1370 1381 absterrerentur,
1398 1299 1632 1397 prejudicium
1657 1323 1724 1371 non
1749 1295 1925 1385 inferrent,

435 1395 547 1467 multo
569 1396 681 1463 minus
699 1416 766 1465 tem
785 1393 921 1463 noxium
943 1417 1060 1488 preces
1087 1397 1264 1491 primarios
1287 1394 1423 1468 ebusum
1448 1399 1627 1477 invehere,
1655 1395 1926 1494 presumendum

438 1489 514 1573 ell3
538 1488 721 1588 presertim
748 1514 824 1563 cum
852 1489 942 1560 nullo
967 1489 1169 1563 consuetudo
1190 1496 1223 1563 in
1246 1497 1396 1592 Imperio
1414 1493 1534 1567 >nollr0
1564 1491 1707 1590 desuper
1730 1495 1928 1578 invaluerit,
2120 1475 2127 1490 ⁵

436 1587 583 1687 ipsoque
597 1586 657 1660 usu
680 1591 818 1684 antiquo
835 1585 868 1658 dc
888 1589 1052 1660 moderno
1065 1594 1098 1661 in
1116 1595 1157 1659 iis
1181 1594 1372 1664 immunitos
1396 1618 1414 1663 s
1432 1590 1587 1690 precibus
1611 1590 1828 1666 corroborem
1845 1590 1929 1666 exis·

438 1710 499 1758 tet.
535 1692 596 1757 lV.
616 1685 731 1757 Solum
749 1687 822 1772 jure
836 1686 959 1778 gaudet
973 1691 1162 1780 imperator
1182 1711 1298 1784 preces
1312 1690 1412 1761 dondi
1430 1691 1469 1759 sd
1487 1689 1642 1785 personis
1659 1715 1719 1785 per
1736 1695 1926 1787 imperium
2030 1759 2035 1778 ,

438 1787 630 1855 Romanum
653 1781 863 1864 constitutus,
885 1808 924 1853 ex
938 1808 1008 1879 quo
1023 1785 1116 1856 nullo
1138 1789 1274 1877 negotio
1290 1784 1445 1884 consequi
1462 1789 1614 1869 videtur,
1640 1810 1756 1882 preces
1770 1813 1837 1858 non
1862 1783 1927 1863 else

436 1881 632 1974 dirigendos
650 1885 689 1951 ed
708 1906 881 1952 extraneos
897 1882 1074 1952 collatores
1093 1933 1101 1964 ,
1127 1906 1165 1953 ut
1181 1908 1217 1954 ut
1233 1882 1352 1956 Cesoti
1372 1885 1431 1956 stnt
1457 1882 1606 1980 subjesli.
1632 1890 1675 1956 V.
1695 1887 1743 1958 G.
1760 1887 1791 1955 in
1818 1886 1927 1969 Italis,

437 1978 499 2052 nili
517 1976 676 2050 beneficio
692 1983 724 2049 in
745 1981 949 2051 Germanico
978 1984 1128 2075 imperio
1152 1978 1207 2052 stte
1227 1982 1268 2052 sd
1289 2007 1407 2054 eorum
1429 1983 1642 2056 collationem
1664 1985 1870 2080 pertincant:
1889 1983 1927 2074 a)

438 2076 533 2150 secus
550 2073 640 2148 foret
662 2075 839 2148 stcollstot
861 2076 997 2169 quidem
1020 2082 1054 2148 io
1081 2080 1233 2171 imperio
1252 2076 1348 2161 esset,
1371 2079 1530 2151 beneficis
1553 2104 1635 2152 vero
1659 2080 1830 2151 collationi
1853 2078 1929 2175 ejus

438 2177 585 2249 obnoms
602 2200 694 2248 extra
709 2176 791 2246 illud
810 2171 1038 2256 confiderent,
1056 2197 1129 2246 tum
1142 2179 1230 2247 enim
1246 2182 1365 2274 prime
1380 2202 1498 2275 preces
1517 2178 1628 2249 locum
1643 2204 1711 2249 non
1730 2178 1905 2254 heberent·

486 2345 529 2426 a)
552 2337 692 2404 (notter
708 2337 791 2404 see.
805 2337 846 2403 11.
861 2336 901 2404 v.
921 2358 977 2421 per
997 2337 1128 2405 rom
1145 2309 1511 2430 msanm'tspmm
1526 2311 1662 2413 nerse·
1683 2344 1739 2413 ott.
1754 2342 1820 2411 100.
1836 2364 1864 2414 c.
1878 2361 1930 2414 ιι.

560 2422 595 2488 dt
617 2425 670 2488 elii
685 2421 790 2507 prffim
806 2421 990 2487 cenooistae.

1108 2549 1139 2634 t·
1192 2540 1270 2620 ιν.

560 2675 668 2745 Porro
690 2670 855 2747 adseritur
869 2676 904 2747 in
924 2672 1040 2747 eedem
1061 2669 1209 2748 sormule
1224 2698 1365 2772 precum
1388 2673 1511 2748 Cesrri
1534 2671 1678 2774 potestus
1701 2671 1926 2770 consequendi
2049 2663 2056 2678 ’

438 2794 510 2941 pro
525 2772 703 2843 nominetis
723 2767 872 2868 pr'ccilbs
894 2774 1034 2866 beneficia
1051 2774 1254 2864 Eulefialiiu
1268 2783 1335 2845 curn
1359 2798 1433 2845 tun
1448 2778 1484 2851 ὃ
1506 2777 1566 2858 fine
1583 2794 1676 2845 cura:
1697 2796 1729 2845 et
1744 2773 1779 2842 itt
1800 2775 1925 2868 priori·
1985 2819 2025 2832 --
2135 2785 2138 2790 “

390 2915 395 2923 «
469 2895 507 2940 us
529 2894 595 2940 oon
610 2866 764 2942 defertur
781 2872 812 2941 ei
835 2868 876 2941 ol>
897 2868 1074 2967 Episcopie
1093 2871 1127 2944 dt
1144 2872 1218 2944 sliis
1239 2868 1455 2945 collatoribus
1479 2869 1558 2945 teste
1586 2872 1719 2943 notorie
1737 2877 1851 2966 proxi,
1869 2891 1929 2946 oe·

441 2991 511 3063 que
527 2962 657 3062 iplimet
672 2964 815 3040 Celeret
830 2993 903 3041 eom
915 2973 1000 3058 jucis
1024 2969 1246 3042 extensionem
1269 2968 1426 3066 precibus
1445 2965 1583 3042 ditetur
1603 2973 1758 3042 evincere
1779 2966 1927 3040 moliun·

441 3086 519 3138 tur:
543 3064 664 3158 &jure
686 3068 826 3147 merito,
847 3063 924 3162 ipsis
945 3091 1089 3162 nomque
1110 3067 1352 3164 imperturbato
1374 3065 1554 3138 dieceseon
1578 3066 1611 3139 dt
1633 3062 1853 3137 Eccleliorum
1868 3088 1929 3162 pe·

440 3163 644 3234 rochialium
667 3163 870 3235 consuetudo
885 3188 986 3261 quom
1005 3170 1147 3235 maxime
1162 3163 1296 3235 obstllit.
1345 3164 1477 3237 Deinde
1493 3188 1553 3236 nee
1569 3190 1587 3237 e
1604 3189 1640 3235 re
1662 3160 1752 3235 foret
1770 3161 1847 3235 fidei
1864 3167 1927 3234 Co·

441 3258 596 3340 tholice,
616 3257 671 3329 sed
696 3264 729 3330 in
751 3263 927 3358 parochias
949 3261 985 3335 dt
1008 3268 1134 3334 enimes
1161 3260 1311 3333 fidelium
1337 3259 1521 3354 grovillimo
1547 3263 1666 3334 domno
1687 3262 1924 3343 redundarent,

441 3381 522 3429 cum
538 3360 740 3451 experientis
756 3357 898 3444 constet,
921 3359 1041 3432 crebro
1058 3358 1122 3432 fine
1136 3361 1207 3432 ullo
1228 3357 1378 3440 deleslu,
1398 3357 1466 3431 sols
1485 3359 1745 3444 ¹ndminiculsnte
1770 3361 1929 3471 gretiam·
1977 3425 1980 3430 ,

440 3454 990 3648 ἓὲῗρῑὶἷῖἓῖἔ“ῗὲὲἱὶῗέἓίἓῒηῗ,
1007 3454 1929 3652 ‘illutibilis‘tltltiittstllt'llz

444 3647 678 3746 sepenumero
703 3676 820 3723 terum
841 3654 967 3723 idcirco
987 3650 1041 3735 fit,
1062 3649 1233 3751 provisum
1257 3651 1298 3723 stc
1317 3648 1380 3721 elle
1401 3649 1568 3747 personis,
1589 3674 1654 3719 non
1681 3647 1849 3720 Ecclefiis:
1871 3648 1929 3719 de·
1995 3683 1999 3690 ¹

396 3801 402 3812 .
443 3771 541 3818 mum
561 3750 736 3821 advertere
753 3745 803 3821 sss
816 3748 880 3833 esl,
904 3748 968 3821 sive
989 3749 1147 3824 beneficis
1173 3772 1287 3823 curato
1310 3744 1526 3819 conserentur
1546 3770 1609 3844 per
1629 3746 1768 3817 modum
1792 3742 1929 3816 invelli-
1973 3803 1976 3808 .

443 3867 550 3929 ture,
568 3847 619 3919 vel
636 3872 699 3943 per
714 3848 852 3919 modum
868 3850 1090 3929 commende,
1109 3852 1268 3943 utrinque
1288 3844 1481 3944 periculose
1497 3845 1634 3942 plenum
1649 3869 1736 3939 opus
1753 3844 1831 3914 elee
1848 3840 1930 3915 exis·

443 3965 531 4016 tere.
583 3948 617 4015 Si
633 3948 723 4016 enirn
747 3944 895 4040 precillae
921 3947 962 4018 sd
983 3946 1143 4019 beneficis
1167 3969 1279 4019 curete
1299 3947 1461 4020 nominati
1483 3941 1734 4024 investirentur,
1756 3965 1824 4011 non
1847 3963 1927 4013 reto

443 4043 490 4115 iis
515 4042 606 4113 hrud
631 4041 742 4114 debite
766 4042 900 4118 scientis
921 4068 1027 4116 ortem
1049 4045 1141 4117 illem
1162 4046 1285 4116 ortium
1301 4046 1365 4116 rite
1386 4040 1549 4114 tristandi
1573 4039 1722 4138 predicis
1739 4062 1824 4112 onus
1845 4038 1927 4111 elius

429 4139 608 4231 'angelicis
631 4140 782 4212 humeris
805 4139 1057 4214 formidrodum
1076 4147 1325 4239 imponeretur,
1344 4139 1404 4213 sub
1430 4140 1524 4236 eujus
1547 4138 1636 4211 mole
1657 4135 1714 4210 etsi
1738 4135 1930 4210 succumbe·

442 4260 543 4319 rent,
564 4262 601 4309 se
617 4241 820 4311 horrendum
838 4265 981 4337 propter
997 4243 1239 4333 ignoruntium,
1257 4240 1310 4311 vel
1325 4241 1512 4321 chsritetis,
1533 4259 1591 4310 eut
1608 4236 1748 4307 eliorum
1765 4240 1929 4307 virtutum

443 4333 663 4433 pastoralium
681 4334 850 4409 deseiium
866 4337 1008 4433 slregcm
1025 4342 1211 4414 animorum
1235 4338 1391 4416 ederent,
1414 4335 1455 4408 sb
1470 4334 1650 4409 ordinariis
1663 4332 1705 4405 rb
1720 4359 1762 4405 eo
1776 4355 1928 4414 munere,
2010 4368 2019 4378 ·

445 4431 508 4504 nisi
528 4459 568 4505 ex
590 4431 684 4505 esuss
704 4438 738 4505 in
758 4434 861 4507 soccis
881 4436 1062 4509 canonibus
1083 4431 1253 4532 expresso,
1278 4436 1425 4506 amoveri
1448 4429 1600 4530 possent,
1623 4457 1680 4505 sut
1699 4429 1722 4503 st
1744 4432 1776 4502 id
1799 4429 1840 4502 ob
1862 4427 1928 4499 illis

443 4551 656 4614 curreretur,
675 4530 772 4605 focile
792 4534 955 4607 damnosis
969 4532 1119 4606 Ecclefie
1136 4531 1249 4605 litibus
1266 4528 1331 4602 lese
1352 4530 1587 4604 immiscerent.
1636 4534 1671 4602 Si
1686 4554 1767 4618 yero
1783 4552 1845 4625 per
1858 4549 1932 4596 mo·

446 4629 533 4706 dum
559 4633 767 4708 commende
790 4658 873 4712 cure
898 4634 1136 4733 parochiarum
1155 4626 1340 4807 inpiiaecesi
1371 4635 1665 4718 committeretur,
1701 4622 1928 4824 frustrcppppt

1239 4752 1260 4804 e
1283 4753 1308 4811 ι
1911 4761 1928 4800 ·,
