5017 5592
874 636 942 713 on
980 635 1159 714 nsoms
1200 632 1604 744 neccssrnsnrcrs.
1851 625 2014 752 'rso
2127 639 2130 644 ’

507 818 587 908 ,haec
608 815 708 890 feodo
728 809 794 887 illis
819 841 879 910 quc
904 819 1088 912 Principibus
1108 815 1182 896 dntn
1205 810 1319 896 fuisse,
1340 816 1497 908 certesei
1519 813 1580 912 ipsc
1605 813 1796 889 Adversarii
1818 788 1916 888 fateri
1938 842 1992 905 co·

515 940 661 1010 gentur,
686 912 858 1011 Epist-opis
884 942 950 986 non
969 942 1030 1009 quc
1061 917 1246 1009 Principibus
1265 915 1466 998 secularibus,
1491 912 1544 986 sed
1561 938 1627 1010 quc
1649 917 1832 1007 Principibus
1851 917 1997 1001 Ecclesi-

504 1018 610 1107 Jiicis,
636 1014 685 1086 vel
703 1038 778 1085 cum
796 1012 936 1086 Ecclesia
951 1015 1122 1109 Principes
1139 1038 1204 1083 non
1222 1009 1357 1092 babeat,
1383 1010 1496 1085 sulcem
1514 1011 1702 1108 Episcopis,
1729 1010 1874 1106 quisunt
1890 1020 1993 1086 fiscic-
2115 1077 2119 1099 ;

514 1115 623 1206 finsticc
642 1117 813 1209 Principis,
840 1112 873 1184 dr
890 1113 954 1186 hoc
970 1110 1059 1210 ipso,
1086 1110 1177 1209 quod
1193 1107 1349 1208 Episcopi
1365 1107 1463 1183 elesii
1478 1105 1624 1195 fuerint,
1639 1106 1741 1182 feudo
1761 1109 1909 1184 concedi.

1170 1308 1201 1398 §.
1250 1301 1336 1380 XL.
1943 1320 1961 1364 t
2094 1319 2118 1421 ζ’

629 1441 801 1511 Firmstur
817 1438 886 1512 haec
901 1438 1061 1513 sententio
1076 1464 1186 1524 exeo,
1210 1439 1302 1537 quod
1319 1439 1449 1510 tutione
1472 1439 1573 1530 etium
1595 1439 1840 1521 comitatuum,
1864 1439 1993 1512 Princi·
2139 1497 2146 1508 .

514 1558 655 1634 potuum
680 1539 712 1609 dc
738 1544 954 1622 Ducatuum,
979 1565 1063 1636 quos
1088 1537 1244 1636 Episcopi
1267 1561 1423 1634 conquam
1450 1531 1550 1608 feuda
1579 1533 1744 1609 saeculncio
1765 1533 1926 1634 posscdete
1943 1540 1993 1610 di·

513 1659 655 1718 cuntur,
680 1644 712 1707 in
730 1634 854 1735 punblo
871 1638 1096 1718 alienationis,
1121 1631 1254 1712 felonis
1275 1635 1339 1708 dcc.
1364 1634 1505 1717 eudem,
1531 1658 1606 1802 pue
1630 1637 1741 1730 quood
1767 1636 1852 1706 bonn
1873 1633 1992 1708 funda·
2092 1691 2095 1702 .

514 1737 635 1815 tionis,
655 1733 731 1827 juro
759 1733 988 1806 observentur.
1041 1740 1204 1806 Praetereo
1227 1730 1428 1805 tritissimum
1442 1729 1507 1812 est,
1549 1731 1633 1802 euda
1655 1730 1803 1805 Ecclefiae
1822 1733 1902 1804 olim
1924 1757 1992 1805 non

512 1831 653 1913 vexillo,
674 1831 728 1903 sed
746 1833 868 1903 srnnulo
884 1835 914 1903 ii
928 1833 1061 1914 baculo,
1087 1831 1121 1903 dt
1137 1829 1209 1930 poll
1224 1826 1483 1903 trsnsnilionem
1498 1832 1587 1901 inter
1600 1830 1764 1901 Culixtum
1774 1833 1819 1904 11.
1840 1831 1872 1902 dc
1890 1836 1989 1904 Hen-
2029 1845 2035 1856 ’

514 1932 623 2000 ticum
640 1935 684 2002 V.
713 1934 828 2000 initsm
854 1927 983 2024 sceptro
1004 1930 1124 2002 collato
1150 1926 1269 2010 fuisse,
1295 1953 1333 1999 cc
1356 1950 1433 2000 tunc
1456 1930 1646 2024 temporis,
1671 1928 1806 2027 quondo
1834 1925 1992 2027 Episcopi

513 2023 698 2125 profesio,
724 2050 761 2097 ut
782 2026 883 2098 bodie
908 2032 1049 2122 imperii
1073 2030 1181 2100 Princi
1210 2051 1243 2097 es
1262 2024 1494 2106 habebuntur,
1520 2050 1561 2095 on
1575 2050 1657 2097 uero
1673 2028 1777 2098 modo
1795 2024 1991 2110 investiendi

512 2128 690 2215 mutatui)
717 2120 786 2215 ipsa
807 2127 877 2196 baec
898 2122 998 2196 feudo
1012 2149 1079 2198 snm
1101 2126 1159 2198 diu
1178 2052 1210 2197 g
1231 2128 1332 2197 toties
1356 2127 1424 2195 ritu
1445 2118 1665 2205 conferendi,
1690 2148 1790 2220 utque
1807 2128 1991 2198 etiamnum

512 2226 548 2294 in
571 2225 642 2294 aliis
658 2220 809 2294 distinflu
824 2246 900 2294 cum
915 2224 1123 2296 secularibus
1139 2227 1289 2295 inunum
1307 2217 1461 2294 coaluisse
1481 2216 1690 2294 offirmobis?
1718 2227 1814 2296 Ritus
1831 2273 1840 2306 ,
1865 2227 2001 2318 inquis,

513 2322 605 2393 idem
628 2346 714 2391 nunc
738 2324 901 2402 occurrit,
928 2325 1033 2415 quiin
1048 2323 1230 2409 secularium
1246 2317 1463 2402 investitum,
1488 2343 1668 2391 occurrunt
1684 2324 1785 2392 eniam
1807 2321 1910 2393 iidem
1926 2344 1991 2394 tet·

513 2423 596 2489 mini
613 2418 677 2498 tuit
691 2421 749 2497 bct
762 2414 994 2506 Qsscltlitlpfcit
1009 2440 1051 2499 tc.
1103 2419 1167 2491 Sed
1181 2419 1263 2517 quid
1278 2417 1385 2489 indei
1410 2421 1514 2499 ritus,
1538 2440 1576 2489 ut
1590 2416 1706 2490 oudisli
1718 2419 1821 2511 longo
1836 2441 1992 2514 tempore
2035 2413 2054 2493 ,’
2139 2457 2145 2468 ·

513 2515 580 2588 fuit
600 2514 790 2598 dillinllus,
815 2514 1000 2588 &sonitu
1017 2513 1167 2589 desumus
1191 2539 1445 2609 argumentum,
1468 2539 1500 2585 te
1517 2512 1625 2610 ipsum
1641 2511 1745 2599 ferit,
1770 2539 1847 2589 cum
1867 2520 1991 2598 omnic,

511 2609 1062 2707 eriamfundationisbonsgladio
1083 2612 1322 2697 conferantur,
1344 2614 1870 2708 quaettmenEccirfnpiicudicis.
1922 2614 1990 2684 Mi·
2033 2677 2036 2684 .
2128 2641 2133 2647 ·

512 2738 575 2783 nus
592 2711 702 2782 turbat
722 2735 784 2781 vox
805 2707 1054 2808 Qsscltlidririt,
1079 2739 1153 2783 narn
1169 2708 1346 2783 Ecclesium
1361 2713 1526 2782 bonorum
1539 2708 1726 2801 scriniarium
1743 2735 1898 2808 capacem
1916 2708 1991 2793 else,

510 2833 619 2906 ecque
632 2813 665 2879 in
682 2807 857 2879 Ecclefium
877 2811 1033 2884 translata
1049 2813 1248 2902 Ecclestrpiicc
1265 2806 1338 2880 fieri
1360 2831 1450 2905 patet
1465 2833 1504 2880 ex
1523 2807 1600 2905 ipsis
1627 2805 1907 2895 fundationibus,
1931 2808 1991 2881 ubi

510 2912 632 2999 utique
665 2910 844 2978 Lnicotum
866 2905 952 2980 bono
978 2913 1150 2996 lausiacis,
1175 2908 1353 2982 collatione
1376 2908 1410 2979 dt
1436 2902 1633 2979 fundatione
1654 2906 1853 3022 ttcusperunt
1878 2912 1914 2979 in
1934 2914 1992 2982 Ec·

508 3005 681 3096 cicfiupficc.

553 3174 589 3255 a)
611 3170 664 3237 Ex
687 3170 753 3234 boc
775 3172 932 3255 principio
951 3172 984 3234 or
1010 3170 1102 3234 feudo
1123 3170 1281 3236 surcularis
1300 3172 1512 3238 Ecclesiastico
1527 3175 1590 3238 dici
1609 3175 1775 3246 deberent,
1796 3193 1868 3240 cum
1889 3172 1991 3238 Cato·

626 3256 677 3318 lus
692 3253 749 3317 lV.
767 3253 870 3315 ndboc
886 3255 991 3315 Duces
1007 3251 1199 3313 Pomeraniae
1216 3252 1338 3336 sceptro
1352 3256 1549 3320 investivenit
1562 3255 1596 3317 dc
1609 3259 1682 3319 vice
1696 3257 1784 3318 venio
1800 3275 1866 3318 non
1880 3258 1992 3321 desunt

627 3335 793 3415 exempla,
816 3336 891 3397 licet
906 3336 1040 3405 rariore,
1062 3334 1148 3414 quod
1164 3333 1323 3419 Principes
1336 3335 1541 3402 Ecclesiastici
1558 3337 1690 3406 vexillis
1703 3336 1844 3403 investiti
1859 3325 1988 3405 succini.

625 3417 701 3486 Vid.
715 3417 913 3483 Muscov.
927 3413 1010 3499 δαν.
1022 3412 1112 3500 scusi.
1125 3437 1153 3480 c.
1166 3437 1197 3504 p.
1208 3417 1239 3497 §-
1253 3435 1284 3506 9.
1298 3436 1329 3499 n.
1344 3437 1376 3502 4.

1161 3616 1194 3706 s.
1225 3611 1336 3690 xor.

628 3762 712 3834 Scne
726 3758 892 3858 ejusmodi
912 3764 1131 3845 Dominctus,
1169 3786 1254 3860 quos
1268 3756 1425 3860 Episcopi
1448 3786 1515 3835 una
1536 3784 1614 3836 cum
1635 3758 1802 3855 regalibus
1825 3757 1989 3859 poffidcnt

510 3856 553 3931 ob
572 3856 648 3957 ipsis
668 3859 930 3956 lmpctutoribus
951 3860 985 3933 dr
1003 3866 1036 3933 in
1051 3858 1182 3954 legibue
1197 3863 1340 3957 Imperii
1355 3857 1659 3935 fundamentalibus
1676 3865 1762 3933 inter
1778 3859 1863 3932 bono
1879 3860 1990 3934 Eccle-

511 3953 565 4029 fite
580 3954 803 4030 recensentur.
853 3962 904 4030 ltu
919 3962 1121 4032 Hsnnrcus
1137 3964 1183 4034 V·
1213 3959 1523 4043 ..eossrssronss
1547 3960 1581 4033 tr
1603 3979 1769 4032 unourn
1790 3978 1903 4031 orsu-1
1927 3961 1992 4034 Pe·

509 4073 622 4143 „Tum
648 4079 723 4170 qun
738 4080 755 4126 o
771 4056 940 4226 principio
960 4057 1060 4172 hujus
1081 4053 1253 4132 discordiae
1273 4081 1381 4156 usque
1398 4058 1440 4130 od
1460 4058 1663 4132 hodiernum
1684 4056 1791 4139 diem,
1823 4053 1887 4129 linc
1907 4074 1992 4130 temo·

510 4157 843 4249 „porePntrrsmer,
893 4178 1051 4228 reectum
1072 4179 1150 4229 meo
1171 4154 1278 4229 ublato
1299 4153 1389 4238 funt,
1422 4181 1497 4253 quac
1525 4154 1650 4239 habeo,
1688 4174 1811 4228 sununs
1833 4174 1990 4228 inscenso

511 4253 715 4336 „Romnum
728 4255 920 4324 Eccssssstc
937 4249 1087 4327 restituo.
1102 4254 1140 4339 c)
1191 4257 1278 4328 Item
1294 4251 1505 4327 Poiseisones
1520 4256 1621 4328 etism
1636 4273 1794 4325 onmium
1810 4271 1990 4326 nstnuusc

510 4349 861 4432 „Eccnsstnnucndc
881 4354 1093 4425 Pnrncnsont
1108 4352 1143 4445 b)
1165 4350 1199 4424 dr
1224 4353 1259 4423 in
1283 4355 1312 4425 J.
1333 4355 1369 4423 P.
1392 4354 1486 4424 artic.
1502 4357 1547 4423 V.
1569 4354 1598 4442 §.
1625 4375 1679 4439 14.
1711 4349 1826 4433 ..bona
1848 4353 1988 4422 Eccos·

511 4464 709 4530 „sinentes
726 4448 918 4519 immediato
932 4448 1023 4545 quod
1042 4451 1179 4534 scrinei,
1205 4446 1269 4522 lire
1284 4447 1346 4521 sint
1365 4447 1732 4548 Archi-Episcopnms,
1756 4446 1987 4544 Episcopatus,

509 4545 742 4629 „Praeluturae,
769 4544 942 4629 Abbatite,
977 4543 1226 4644 Ptaepolitutae,
1260 4547 1493 4629 Commendas,
1535 4543 1598 4620 sire
1625 4545 1737 4618 liberie
1760 4544 1987 4617 Fundationes

485 4701 487 4706 -
511 4649 781 4730 „saevitum
806 4665 863 4719 sut
878 4643 1018 4720 aliaunn
1033 4669 1109 4721 cum
1127 4641 1308 4726 reditibus,
1325 4641 1554 4743 pcofionibus,
1576 4644 1728 4743 aliisque,
1749 4659 1987 4740 Quocunque

1146 4750 1210 4822 Au
1234 4765 1358 4820 uano
1843 4755 1991 4824 „Nouis
2097 4793 2115 4818 χ
