5017 5592
915 719 917 733 .
1033 621 1642 735 'nassaararro

1292 845 1323 928 a.
1377 835 1428 909 ιι.

745 970 878 1049 D'einde
900 967 1021 1055 sacrae,
1052 994 1112 1043 nos
1135 969 1294 1054 edocent,
1321 975 1468 1067 paginae,
1500 968 1628 1069 Judicis
1650 969 1762 1046 officio
1779 969 1915 1068 junxisse
1939 974 2096 1047 Sacerdo-

619 1073 702 1155 tale,
730 1073 973 1154 Samuelem*
1005 1073 1168 1141 Davidem
1194 1094 1304 1141 autem
1323 1074 1467 1163 Regem,
1501 1072 1690 1153 saltantem,
1722 1093 1797 1141 ante
1819 1097 1927 1142 arcam
1947 1068 2096 1155 faederis,

620 1175 800 1252 reducem,
824 1164 918 1239 soille
935 1165 1116 1239 aceinsium
1135 1169 1387 1260 Eplod,‚lineo,
1401 1176 1437 1215 **
1470 1166 1617 1248 desinis,
1638 1173 1693 1215 ***
1719 1164 1867 1263 Byllina.
1888 1175 1961 1216 Ψ*
1988 1168 2098 1264 sicque

454 1340 459 1352 ,
620 1272 814 1361 indignitate
830 1262 990 1346 voluille,
1016 1264 1258 1363 insemetipso,
1284 1265 1533 1352 Sacerdotium,
1562 1290 1638 1336 cum
1659 1265 1819 1360 dignitate
1842 1269 1965 1359 Regia,
1998 1266 2099 1339 indis·

490 1403 492 1408 ·
563 1427 570 1437 .
622 1366 777 1456 solubili,
802 1361 954 1461 juntlum
970 1358 1051 1447 elle,
1077 1387 1175 1436 nexu.
1203 1361 1291 1385 '''''

666 1542 680 1572 ⁸
702 1531 843 1609 iudicem
862 1527 951 1592 fnisse
966 1527 1162 1602 Samuelem,
1185 1535 1273 1612 patet
1288 1549 1330 1593 ex
1345 1527 1381 1594 L.
1396 1528 1422 1594 l.
1438 1528 1580 1612 Regum,
1602 1552 1630 1597 c.
1643 1531 1672 1597 6.
1689 1551 1718 1614 7.
1762 1529 1965 1597 Sacerdotem
1981 1545 2098 1605 entem,

736 1613 860 1759 1οἶοιιίὶιι
883 1633 925 1675 ex
950 1631 1012 1687 eo,
1046 1612 1133 1693 quod
1156 1610 1318 1675 aceinstns
1341 1610 1455 1688 suerit,
1487 1613 1620 1698 Eplrod,
1654 1614 1741 1680 veste
1764 1613 1958 1680 sacerdotali
1982 1616 2100 1681 Libl.

762 1715 813 1779 eg.
830 1713 904 1757 na.
1303 1708 1306 1728 ⁴

669 1816 705 1849 '⁸
728 1813 797 1877 Lib.
821 1830 850 1875 2.
876 1810 953 1951 Rep.
976 1830 1003 1873 c.
1022 1820 1051 1881 8.
1068 1829 1101 1872 v.
1118 1821 1166 1883 18.
1180 1808 1310 1909 Patalip.
1325 1807 1408 1907 lul:
1421 1830 1510 1908 ⁰2¹5·
1526 1830 1559 1908 r.
1575 1830 1627 1910 ιγ..
1643 1812 1754 1895 Eplrod
1767 1820 1834 1875 erat
1848 1811 2102 1895 superindumen-

627 1950 629 1953 .
741 1908 828 1969 tum,
853 1891 903 1955 seu
931 1891 1168 1973 uperhumerale
1182 1893 1301 1954 Summa
1319 1890 1491 1955 Pontificio.
1521 1893 1640 1965 bxodr,
1656 1917 1681 1957 c.
1696 1916 1746 1977 39.
1765 1915 1797 1956 v.
1813 1913 1841 1956 2.
1860 1915 1885 1975 3.
1899 1896 1932 1958 dc
1945 1899 1976 1958 6.
2005 1897 2100 1958 Brau-

740 1982 833 2049 nius,
855 1974 895 2037 de
909 1972 1039 2038 vestitu.
1068 1972 1164 2037 Hebr.
1179 1992 1210 2055 5.
1224 1974 1254 2037 6.
1275 1974 1418 2045 Nicolai,
1445 1976 1484 2036 ad
1498 1975 1684 2058 sigonium,
1699 2013 1701 2017 >
1714 1983 1754 2039 de
1771 1962 1886 2041 vestitit
1915 1979 2011 2043 bleba.
2025 2000 2055 2077 5:
2072 1997 2103 2043 2.

669 2179 729 2219 ”i
740 2077 961 2249 {xxm
982 2166 1154 2243 Hebraeos,
1177 2166 1210 2232 aa
1227 2168 1389 2232 Romanos
1407 2141 1476 2233 erat
1489 2190 1591 2253 genus
1606 2173 1764 2238 lubaeulae
1779 2174 1962 2251 manicatae,
1985 2176 2022 2239 ad
2039 2187 2102 2239 ter-

746 2276 812 2322 ram
828 2253 1029 2339 profluentia.
1050 2249 1210 2316 Rubenius
1227 2253 1266 2313 de
1280 2251 1313 2314 ιε’
1330 2252 1404 2316 rest.
1422 2272 1450 2317 1.
1466 2272 1514 2336 17.

670 2376 752 2414 'W
772 2368 884 2455 Bylius
904 2377 971 2431 eret
992 2386 1094 2449 genos
1114 2370 1170 2433 lini
1191 2368 1392 2441 subtiliffimi,
1413 2390 1507 2451 quam
1529 2370 1669 2450 Achaia,
1694 2390 1794 2454 prope
1817 2370 1919 2445 Elim,
1943 2375 2104 2455 gignebat,

745 2475 806 2537 qua
825 2453 1035 2514 vestiebantur
1049 2449 1151 2531 Reges
1166 2451 1199 2513 dt
1214 2452 1386 2531 Magnetes.
1409 2450 1583 2525 Ferrarius,
1606 2455 1645 2515 de
1660 2472 1693 2516 te
1710 2457 1786 2519 velt.
1807 2475 1833 2519 1.
1848 2474 1878 2534 4.
1897 2476 1945 2520 12.

670 2574 791 2639 ”Q
807 2570 864 2631 Per
885 2563 1042 2649 Byssinam
1067 2567 1191 2634 Stolam
1214 2565 1248 2631 &
1273 2567 1385 2652 Bplrod
1410 2569 1658 2652 indigitabantar
1683 2569 1800 2654 Regia,
1832 2570 1866 2635 ἃ
1894 2570 2106 2636 sacerdotalis

656 2733 661 2748 ι
743 2653 905 2738 dIgnitaa,
938 2650 1047 2719 unite.
1316 2684 1320 2696 ·

1299 2808 1328 2896 r.
1377 2803 1454 2878 111.

612 3020 625 3040 ‚
748 2938 1067 3039 VeiligiaDavidis,
1092 2935 1320 3031 Regissrmul,
1345 2962 1445 3036 atque
1461 2933 1608 3034 supremi
1618 2938 1805 3020 Sacerdotis
1816 2936 2108 3036 presseruntetiam

634 3051 862 3141 Imperatores
878 3041 1039 3118 Romani,
1063 3034 1232 3128 Augnllali
1250 3039 1449 3128 dignitatum
1468 3032 1616 3130 falligin,
1641 3037 1846 3109 annetiendo
1862 3064 1996 3134 quoque
2021 3044 2109 3109 Pon·

636 3140 798 3217 tificarum
816 3142 1024 3217 Maximum,
1050 3137 1113 3213 ita,
1139 3159 1175 3204 ut
1190 3159 1290 3231 penes
1307 3136 1381 3204 illos
1398 3130 1498 3205 suerit
1516 3132 1707 3227 supremum
1724 3136 1917 3217 arbitrium,
1945 3161 2015 3207 rum
2040 3136 2109 3206 cul·

637 3266 689 3314 tus
704 3225 873 3318 iscoram,
898 3258 974 3307 cum
996 3235 1179 3321 Regimini's
1203 3234 1341 3326 politici.
1396 3230 1513 3305 Gavisa
1539 3230 1614 3304 sunt
1633 3237 1808 3324 geminatis
1830 3233 1917 3304 hisce
1941 3236 2110 3305 bonorum

638 3336 886 3437 praerogatiris,
909 3357 944 3401 ac
962 3329 1085 3408 ritulis,
1118 3354 1183 3398 non
1205 3329 1308 3399 modo
1330 3334 1554 3427 imperatores
1575 3333 1735 3412 Romani,
1777 3332 1904 3402 Gentili
1927 3331 2036 3401 adhue
2062 3329 2112 3402 su·

638 3431 850 3533 perilitione,
887 3427 1122 3521 sordibusque,
1164 3432 1435 3508 contaminati,*
1461 3425 1539 3510 sed,
1579 3429 1669 3523 quod
1694 3430 1844 3509 mireris,
1884 3432 2112 3523 imperatores

639 3537 758 3610 etiam,
782 3525 997 3604 Christianis,
1017 3522 1171 3617 jamjam,
1198 3522 1317 3594 imbuti
1334 3522 1452 3607 sacris;
1471 3527 1521 3573 *i
1546 3550 1629 3606 non,
1652 3549 1690 3596 ut
1712 3524 1913 3607 ministerio,
1942 3525 1975 3595 dt
1999 3521 2113 3597 officio

540 3616 544 3624 Ι
609 3701 613 3710 ,
640 3619 822 3701 Sacrificuli
843 3626 940 3718 hujus
958 3621 1107 3715 gentilis,
1131 3624 1289 3700 Maximi,
1315 3619 1389 3691 aiiu
1405 3617 1684 3713 defungerentur,
1707 3620 1762 3694 sed
1786 3648 1862 3692 eum
1881 3623 2114 3694 tantummodo

640 3731 673 3798 in
691 3724 807 3803 linem,
838 3746 873 3791 ut
892 3726 1035 3799 lumma',
1058 3716 1226 3787 Pontificis
1248 3723 1406 3804 Maximi,
1441 3719 1713 3799 scantianam,
1746 3720 1976 3815 apotastare,
2011 3725 2044 3791 in
2064 3747 2114 3794 re·

621 3810 749 3918 ‘g'endo
765 3843 956 3899 uterentur,
978 3840 1014 3886 ac
1028 3814 1232 3887 moderando
1254 3810 1482 3913 frenandoque
1501 3819 1630 3915 populo
1650 3821 1811 3887 Romano.
1838 3816 1885 3850 ”⁸

685 3989 703 4028 2
726 3984 802 4053 Vid.
821 3980 970 4052 Tacitus,
1000 3977 1194 4052 Suetonius,
1224 3949 1453 4064 scriptoresque
1471 3983 1549 4047 [list.
1563 3986 1646 4064 Aug.
1670 3994 1705 4043 ut
1727 3982 1760 4046 δι
1784 3985 2021 4068 inscriptiones,
2050 3987 2114 4051 hoc

761 4067 950 4147 probantes,
978 4062 1058 4145 apud
1075 4062 1265 4137 Gruterum,
1284 4064 1379 4147 Cotp.
1395 4064 1652 4149 Inscriptionom,
1673 4064 1712 4130 Τ.
1728 4066 1754 4133 l.

684 4181 731 4220 '⁸
757 4180 928 4251 Gruterus,
950 4179 1003 4242 lib.
1021 4164 1073 4243 cit.
1094 4180 1172 4244 ut.
1394 4235 1397 4240 .

686 4296 758 4339 ⁰⁸
781 4294 928 4374 Pitiscus,
949 4294 990 4361 T.
1005 4318 1033 4362 2.
1052 4316 1124 4381 pag.
1138 4296 1208 4377 466.
1227 4293 1310 4377 sequ.

1306 4495 1338 4596 ι.
1388 4499 1464 4574 ιιι.

460 4667 556 4901 ἱ
690 4705 694 4714 ,
720 4711 728 4737 ¹„
765 4624 956 4726 insequenti
973 4650 1143 4725 tempore,
1164 4630 1456 4738 Christ-indumque
1472 4632 1571 4709 rebus
1588 4637 1693 4731 magis
1709 4633 1868 4724 firmatis,
1888 4640 2120 4752 imperatores

723 4774 729 4787 .
1245 4771 1252 4782 .
1859 4787 1862 4793 .
2038 4761 2120 4832 qm.
