5017 5592
509 627 583 722 DE
602 637 746 718 VERO
768 637 838 716 ET
858 635 1099 717 GENUlNO
1115 633 1312 766 LIBERT.
1327 623 1465 765 ECCL.
1481 639 1641 722 GERM.
1656 639 1893 746 FUNDAM.
1912 651 1980 752 563
2005 679 2012 690 ·

501 847 617 921 cepta,
643 818 676 893 dr
696 818 995 920 incommutabilia,
1022 821 1187 920 planeque
1203 819 1468 919 indispensabilia
1481 819 1644 910 instituta,
1668 823 1983 928 quibuanullapos·

501 921 542 1000 fit
565 944 622 996 aut
639 920 815 994 hominurn
829 925 1015 1007 temeritas,
1038 946 1094 995 aut
1114 944 1306 1020 temporum
1321 921 1521 1040 diuturnitas
1541 924 1717 1021 derogare.

1171 1149 1205 1250 t.
1254 1148 1332 1228 ιιι.

619 1319 739 1414 Unde,
760 1318 851 1418 quod
867 1319 963 1393 inhia
978 1317 1119 1395 Ecclesia
1135 1318 1199 1395 suia
1212 1318 1336 1396 finatur
1346 1321 1476 1416 legibus
1491 1326 1621 1408 vivere,
1639 1349 1676 1398 ac
1688 1325 1824 1423 judiciis
1837 1327 1907 1406 uti,
1922 1351 1985 1402 nec

502 1421 694 1522 privilegiis
716 1425 855 1518 proprie
882 1419 1049 1492 adcenseri
1072 1442 1224 1519 oportet.
1274 1420 1376 1492 'Nisr
1389 1423 1647 1518 privilegiumin
1664 1424 1775 1500 latiori
1802 1423 1986 1520 significatu

501 1528 566 1622 Jus
585 1520 754 1616 quoddam
773 1523 981 1614 precipuum
997 1541 1097 1617 atque
1117 1522 1276 1592 eximium
1297 1518 1519 1618 undequaque
1539 1519 1771 1606 constitutum,
1787 1547 1843 1595 aut
1858 1549 1987 1620 praro-

502 1621 650 1714 gatiuam
671 1619 763 1714 Juris
776 1615 982 1706 ungularem
1005 1640 1104 1713 atque
1130 1621 1305 1712 propriam
1334 1621 1460 1690 caeteris
1485 1645 1550 1690 non
1572 1643 1783 1693 communem
1805 1623 1985 1714 intelligas.

500 1721 555 1790 lta
572 1714 641 1812 ipse
658 1740 794 1811 quoque
815 1719 976 1786 Primatus
999 1717 1093 1786 Sedis
1108 1718 1267 1788 Romanae
1283 1713 1504 1789 essentialis&
1528 1719 1748 1814 primigenius
1764 1720 1984 1815 privilegium

501 1809 978 1914 quandoqueaPontificibus
1002 1810 1150 1908 ipsismet
1174 1817 1412 1894 Latonas„
1441 1817 1678 1900 Geuasro,
1707 1821 1933 1889 Nrcouao
1953 1819 1985 1893 Ι.

500 1917 700 2008 caeterisque
717 1911 780 1983 dici
798 1907 927 1991 assolet,
952 1912 1042 2006 quod
1057 1914 1118 2008 Jua
1141 1907 1177 1982 lit
1199 1912 1357 1982 eximiunl
1372 1934 1472 2007 atque
1499 1915 1725 2010 prucipuum,
1748 1939 1766 1985 a
1789 1913 1923 1988 Christo
1940 1913 1983 1986 li·

500 2033 557 2084 eet
577 2011 761 2088 indultum,
785 2034 845 2104 per
862 2005 1039 2103 Apostolos
1059 2032 1158 2102 arque
1173 2009 1327 2104 Synodos
1342 2009 1570 2081 conservatum
1586 2035 1625 2081 an
1638 2033 1874 2107 propagatum,
1889 2010 1984 2109 quod

500 2130 700 2182 caeterarum
723 2105 939 2196 Eculesrarum
953 2111 1104 2178 omnium
1118 2109 1257 2203 Juribus
1274 2107 1452 2201 praecellat.
1500 2112 1542 2180 Et
1565 2112 1597 2180 in
1617 2109 1668 2178 his
1691 2111 1791 2182 causrs
1807 2108 1986 2184 intrinsece

502 2205 735 2303 spiritualibus
753 2205 792 2275 ad
812 2207 974 2274 internam
991 2207 1177 2276 animarum
1194 2201 1485 2279 sanstilicationem
1502 2203 1555 2279 seu
1575 2205 1616 2277 ad
1634 2203 1787 2302 spiritum
1810 2203 1987 2302 perficien-

503 2306 588 2376 dum
603 2327 641 2374 ex
668 2301 778 2374 indole
799 2299 852 2371 sua
878 2300 1144 2396 pertinentibus,
1170 2326 1341 2396 tamquam
1364 2305 1457 2394 confir
1481 2311 1560 2384 Dei,
1588 2301 1776 2376 libertatem
1795 2305 1884 2376 illam
1906 2329 1982 2402 pro·

502 2407 582 2502 prie
605 2405 744 2472 F‘rzurn
767 2403 829 2472 lll.
850 2399 946 2495 l'upra
970 2399 1093 2470 relatur
1117 2399 1346 2482 intellexerat,
1375 2425 1478 2496 prout
1493 2401 1565 2497 ejus
1593 2402 1771 2496 allegandae
1793 2403 1918 2475 occasio
1932 2427 1982 2477 at·

501 2524 575 2596 que
597 2500 745 2594 reliquus
764 2520 934 2568 contextus
956 2499 1120 2590 indigitat.
1136 2501 1174 2590 a)
1223 2501 1335 2569 Totus
1351 2523 1462 2571 autem
1478 2505 1511 2571 in
1528 2525 1568 2572 eo
1586 2499 1651 2581 eil,
1674 2523 1712 2572 ut
1725 2505 1872 2592 graviter
1890 2504 1984 2576 hiare

502 2601 541 2671 in
565 2599 661 2666 rebus
678 2593 779 2666 officii
796 2594 842 2666 liri
869 2600 1058 2689 Principes,
1079 2619 1179 2692 atque
1194 2600 1364 2692 precipue
1384 2595 1490 2693 ipsum
1505 2599 1657 2669 'Orientis
1674 2599 1986 2691 Imperatoremad·

504 2696 680 2772 horretur,
706 2720 765 2772 ne,
787 2717 861 2763 curn
884 2694 923 2761 de
940 2690 1015 2764 fidei
1035 2698 1176 2785 negotiis
1193 2717 1249 2767 aut
1270 2697 1365 2774 taust
1386 2700 1591 2786 vetegitur,
1614 2695 1814 2768 authoritate
1827 2694 1893 2777 sua,
1909 2720 1985 2792 quae

502 2795 543 2868 in
561 2789 737 2863 lirbbdium
753 2789 901 2861 Ecclebae
919 2792 983 2860 illis
999 2791 1073 2862 data
1088 2789 1152 2872 est,
1174 2795 1329 2864 Decretis
1344 2816 1401 2865 aut
1416 2790 1615 2890 Apostolicar
1632 2790 1726 2864 Sedis
1747 2816 1803 2866 aut
1819 2775 2000 2866 Concilio-⁰

503 2916 584 2982 rum
601 2895 805 2970 renitantur,
832 2913 931 2983 atque
950 2891 993 2958 ita
1012 2886 1066 2958 libi
1087 2891 1308 2960 humanarum
1326 2916 1439 2962 rerum
1453 2886 1622 2982 fastigium
1646 2892 1801 2964 noverint
1815 2889 1879 2965 elle
1895 2915 1989 2963 cotn-

503 2985 657 3069 rnilsum,
680 3013 718 3058 ut
736 3012 845 3058 tamen
863 3012 919 3066 ea,
941 3013 1013 3082 quae
1033 2992 1156 3060 Divina
1173 2987 1265 3071 lirnt,
1288 3014 1350 3086 prr
1373 2988 1624 3085 Dispensatorer
1646 2987 1806 3061 diuinitus
1830 2989 1987 3064 constitu·

506 3111 562 3160 tos
587 3085 799 3181 percipienda
825 3111 889 3153 non
915 3085 1102 3176 ambigant,
1133 3087 1322 3159 &eatenus
1346 3089 1465 3161 iisdem
1496 3081 1674 3163 necessario
1694 3087 1902 3187 parendum,
1929 3108 1988 3162 aut

503 3183 603 3259 suum
621 3182 841 3283 praellandum
857 3180 920 3257 ess’e
940 3186 1097 3255 auxilium
1114 3182 1324 3280 perspiciant.
1340 3187 1376 3275 l)

1138 3291 1327 3366 Bbbba
1869 3301 1987 3390 §.1v.
2048 3291 2051 3298 ¹

548 3494 587 3577 a)
609 3492 659 3557 Ad
678 3485 782 3554 causan
799 3490 881 3554 enim
898 3489 956 3552 slei
974 3487 1103 3551 eandem
1123 3485 1290 3568 restringit.
1331 3482 1465 3549 orcafio
1477 3482 1593 3568 quippe
1608 3483 1646 3546 ad
1659 3481 1789 3548 eandem
1803 3503 1986 3630 provocata.

625 3577 658 3639 di
670 3575 880 3655 Eutychianae
895 3571 1052 3634 haereseos
1066 3570 1309 3642 condemnatio,
1324 3588 1360 3631 ac
1374 3581 1542 3650 eapropter
1556 3567 1751 3629 censurarum
1767 3569 1799 3629 in
1826 3569 1903 3632 irtio
1916 3569 1988 3634 sua·

625 3671 683 3720 rat.
729 3657 776 3717 lta
795 3658 875 3717 enirn
897 3656 1095 3736 prosequitur
1109 3657 1183 3718 loco
1200 3652 1264 3734 sup.
1276 3651 1330 3715 cit.
1376 3651 1546 3734 Certumst
1562 3651 1641 3711 mim
1655 3647 1708 3709 lior
1721 3650 1809 3712 rebus
1822 3650 1989 3737 nastriseffa

621 3738 774 3820 salutare.
790 3748 824 3799 ut
840 3757 904 3799 rum
920 3739 956 3801 da
975 3736 1083 3821 Couffia
1099 3738 1284 3817 mingitur,
1291 3733 1390 3817 juxto
1401 3732 1495 3815 ipſsur
1509 3730 1701 3823 constiturum
1717 3736 1836 3878 regiam
1847 3733 1989 3799 volunta-

626 3832 684 3885 tem
710 3820 923 3883 Sacerdotibus
939 3821 1048 3908 Christi
1063 3821 1210 3902 studentis
1224 3815 1363 3890 subura,
1388 3812 1535 3895 proferre
1549 3812 1587 3878 tt
1601 3811 1747 3895 sacrosan
1776 3833 1796 3880 a
1815 3835 1870 3896 per
1885 3837 1990 3881 aarum

628 3902 772 3984 Proficies
787 3901 896 3981 diliaere
910 3909 1030 3984 potius,
1051 3924 1141 3986 quom
1158 3903 1281 3970 dotare,
1305 3897 1440 3981 Ecclefioe
1448 3895 1587 3978 sormam
1600 3894 1688 3980 sequi
1698 3941 1718 3978 ,Ι
1728 3917 1788 3959 non
1801 3896 1869 3960 stuic
1881 3898 1989 3962 lauma-

627 3990 712 4048 nitus
732 3985 885 4066 sequendo
905 3985 984 4066 juro
1010 3986 1189 4067 prefigere,
1211 4000 1305 4064 neque
1327 3979 1393 4062 ejus
1407 3977 1617 4061 sontiionibus
1642 3980 1713 4041 vella
1735 3981 1914 4052 dominari,
1941 3982 1991 4044 cari

628 4068 714 4131 Deras
731 4070 827 4129 volarat
842 4071 1024 4131 clementiora
1042 4078 1128 4131 mom
1144 4070 1205 4150 pia
1222 4064 1390 4127 deuotionis
1403 4064 1477 4124 tollo
1489 4063 1689 4144 lustrantem,
1715 4079 1752 4122 na
1763 4059 1835 4123 dum
1849 4061 1991 4146 mensura

627 4151 744 4235 culeflir
764 4146 966 4231 drj'profitronr'r
984 4150 1164 4225 exceditur,
1185 4158 1275 4213 eatur
1289 4145 1324 4208 in
1343 4147 1550 4208 contumeliam
1572 4139 1769 4226 disponentis.

552 4309 586 4390 b)
610 4305 678 4369 Hac
691 4322 819 4384 quoqne
839 4301 998 4366 hibertate
1016 4297 1226 4363 Ecclefialiica
1240 4298 1274 4361 in
1288 4296 1387 4362 cauiia
1405 4296 1615 4379 spiritualibus
1633 4294 1736 4358 fretus
1762 4292 1794 4358 S.
1817 4293 1991 4360 Garro-

630 4405 736 4451 rrrus
764 4384 824 4446 Nn
837 4403 947 4445 zrnu
960 4401 1040 4443 ΖΕΝ
1052 4401 1098 4444 ua
1126 4391 1204 4443 orat.
1219 4400 1339 4445 xvrr.
1362 4379 1402 4440 ad
1423 4380 1513 4442 civea
1534 4380 1651 4441 timore
1674 4377 1833 4462 perculsos
1849 4380 1893 4441 ita
1906 4399 1990 4462 prar-

630 4470 746 4533 sentcm
771 4464 955 4528 Praefectum
976 4464 1172 4544 alloquitur:
1200 4461 1242 4525 Et
1257 4471 1292 4525 tu
1311 4478 1500 4546 quoquaurrn
1512 4479 1542 4522 ea
1562 4459 1675 4542 Gregir
1692 4463 1752 4524 anai
1767 4463 1898 4534 rusculo,
1918 4478 1992 4523 meoe

631 4550 772 4637 poteslotr'
795 4567 914 4630 meoque
931 4545 1079 4609 tribunali
1090 4565 1130 4606 ax
1148 4543 1240 4626 ipfius
1257 4543 1369 4627 Christi
1384 4543 1529 4606 mundato
1548 4541 1696 4626 saljada:
1715 4557 1781 4605 ntea
1804 4560 1875 4604 vero
1898 4541 1990 4623 judi-

633 4637 731 4697 ciario
754 4630 880 4713 poteslas
896 4649 928 4690 eo
948 4626 1193 4710 proflantiorati
1213 4627 1267 4692 illo
1277 4623 1440 4713 potestate,
1465 4643 1556 4711 quum
1570 4627 1672 4710 gerit,
1693 4646 1752 4712 quo
1765 4621 1902 4710 spiritua
1919 4639 1990 4686 cnr·
2060 4671 2067 4678 .

630 4721 687 4792 ni,
712 4711 751 4780 Β
767 4715 868 4778 talum
884 4723 976 4777 ttrroe
990 4711 1177 4796 praeminet.
2014 4731 2020 4740 ·
