5017 5592
594 624 664 702 or
686 625 814 723 June
837 589 1483 706 carsnnemniiianiaiiutr
1501 589 1721 790 acecpit.
1830 641 1900 744 oa

419 778 806 881 Germanicae'ucclefiae
825 804 1071 901 provehebant,
1094 805 1547 905 gravir'ercoiiquessamelse
1568 817 1734 888 nationem
1755 785 1895 898 Germa·
2028 889 2030 894 .
2123 795 2128 802 .

418 911 548 987 nicam,
571 908 614 1002 a)
641 906 755 976 &non
777 905 842 975 siae
858 902 954 999 jullii
970 903 1089 987 caulis,
1107 908 1251 1003 ideoque
1265 932 1353 978 nune
1367 906 1502 978 eoadem
1526 908 1705 983 Germanis
1733 919 1894 996 beneficia

416 1007 539 1096 vigore
557 1002 845 1076 concordatorum
858 999 925 1073 sedi
943 1000 1141 1098 Apostoliere
1155 1003 1319 1078 reservata
1333 998 1489 1078 conserte
1505 999 1630 1096 soleee3
1651 1007 1725 1084 sunt
1741 1019 1831 1090 enim
1854 995 1901 1098 ee‘

419 1104 636 1175 aGermanis
653 1097 807 1182 fiindara,
828 1100 948 1196 procul
974 1100 1077 1174 dubio
1097 1105 1197 1174 eriam
1219 1128 1283 1200 pro
1303 1103 1500 1185 Germanis,
1525 1104 1669 1203 ideoque
1691 1110 1756 1203 legi
1778 1110 1900 1192 sunda-¹

417 1202 552 1274 tionum
572 1224 638 1284 non
662 1200 780 1270 leviter
800 1200 1041 1281 contrairetur,
1060 1196 1083 1270 si
1103 1201 1297 1293 alienigenis
1322 1225 1359 1271 ea
1381 1195 1638 1289 conferrentur3
1662 1210 1752 1303 quod
1779 1209 1902 1312 itaqu'e‘
2037 1211 2043 1222 ’

418 1294 638 1370 Pontificibus
652 1277 733 1367 olim
758 1295 995 1390 exprobratum
1017 1295 1079 1378 esl,
1099 1299 1205 1369 multo
1228 1301 1334 1390 magis
1354 1294 1400 1369 est
1424 1300 1593 1371 vitandum
1616 1302 1656 1374 ab
1678 1308 1895 1404 Imperatori.

418 1396 499 1475 bus,
522 1417 640 1490 utpote
661 1393 781 1490 quilius
800 1396 954 1464 convenit
970 1395 1100 1491 inclyte
1113 1398 1256 1467 nationis
1281 1397 1492 1468 Germanica·
1508 1394 1639 1471 favores
1660 1408 1820 1500 ampliare
1834 1435 1895 1504 po.

419 1499 506 1576 tius,
526 1518 626 1590 quam
647 1493 846 1561 diminuere.
874 1495 917 1564 ll.
932 1494 964 1562 in
980 1491 1211 1589 compluribus
1228 1490 1397 1577 Eccleliis,
1421 1493 1605 1591 presertim
1626 1500 1895 1592 cathedralibus,

417 1594 601 1663 inveterata
620 1588 666 1661 ell
689 1586 892 1660 consuetudo
922 1589 1117 1661 admittendi
1142 1589 1352 1662 solummodo
1368 1616 1407 1663 ex
1427 1591 1600 1667 nobilitare
1617 1597 1819 1671 Germanica
1839 1629 1892 1674 ea·

444 1715 487 1761 ue
507 1692 594 1760 avita
613 1686 820 1765 candidatos,
846 1690 944 1782 proin
965 1711 1024 1758 nec
1040 1688 1094 1757 alii
1110 1689 1150 1758 ad
1170 1686 1372 1785 ejuscemodi
1389 1693 1598 1762 canonicatus
1638 1719 1675 1766 er
1691 1709 1806 1791 preces
1823 1705 1893 1773 (ἴε.

418 1715 528 1860 sareas
547 1788 710 1856 nominari
736 1781 867 1880 possunt
881 1786 916 1876 b)
943 1788 1004 1856 lll.
1024 1793 1056 1854 in
1077 1785 1148 1856 aliia
1166 1791 1292 1883 pariter
1313 1785 1462 1860 Ecclellis
1488 1717 1673 1862 minoribus
1695 1795 1892 1886 identidem,

416 1884 524 1956 sinon
540 1881 665 1955 statutis
685 1878 881 1979 specialibus
900 1880 934 1950 id
957 1906 1089 1952 cautum
1104 1883 1164 1964 cll,
1187 1883 1300 1956 saliem
1314 1907 1410 1956 more
1430 1884 1567 1956 indubio
1582 1886 1627 1958 eit
1647 1914 1838 1988 receptum,
1854 1922 1893 1971 ut

417 1980 527 2055 solum
549 1983 712 2054 Germani
732 1984 766 2051 in
787 1980 827 2047 iis
851 1976 1009 2053 beneficia
1029 1980 1180 2053 obtinere
1195 2004 1330 2079 queant.
1378 1982 1479 2053 Unde
1498 1982 1629 2057 rursum
1645 1987 1893 2066 Germanoslo·

417 2081 489 2151 lum
506 2080 547 2150 ad
560 2104 599 2149 ea
613 2076 769 2175 precibus
785 2073 850 2146 suis
869 2078 1042 2148 nominare
1061 2080 1180 2151 Cesari
1196 2105 1234 2153 ex
1252 2079 1351 2151 titulo
1368 2076 1514 2178 supremi
1532 2080 1658 2177 jurium
1673 2085 1893 2164 Ecclestarum

417 2174 673 2251 Conservatoris
691 2178 846 2273 apprime
862 2181 1027 2248 convenit.

458 2346 500 2428 a)
518 2342 607 2407 Inter
626 2343 807 2426 gravamina
830 2343 970 2405 nationis
992 2342 1187 2405 Germanicae
1207 2299 1332 2406 Nuntio
1352 2339 1523 2407 Pontificio
1544 2346 1577 2409 in
1603 2346 1750 2414 Comitiia
1765 2350 1893 2436 Imperii

533 2426 753 2508 Norimbergae
766 2425 881 2523 habitis
895 2426 1000 2498 oblato
1014 2446 1041 2487 c.
1061 2445 1110 2486 αι.
1124 2424 1191 2486 haec
1205 2423 1258 2485 sub
1280 2422 1374 2487 finem
1394 2425 1556 2494 habentur.
1602 2429 1699 2507 “Qua
1713 2449 1843 2531 propter
1857 2437 1890 2505 S.

532 2503 859 2674 liltlflltl’lllf
874 2517 1208 2671 ll⁰l⁰t.‘.‘'.l².li·.¹.¹‡
1223 2506 1894 2676 ttlsstsslzssll‘ffitlllltni:

533 2675 650 2744 inanis,
670 2673 723 2753 qni
744 2671 947 2752 personaliter
960 2690 998 2734 ea
1016 2672 1189 2753 possideant
1211 2713 1219 2731 .
1239 2714 1248 2733 .
1329 2670 1471 2768 posthaec
1492 2672 1734 2754 conmeantum„
1761 2679 1890 2750 Confer.

533 2754 709 2821 Schilterns
722 2755 761 2817 de
776 2753 921 2816 libertate
933 2752 1140 2818 Eccleliarnni
1153 2751 1332 2815 Germaniae
1344 2752 1411 2817 Lib.
1429 2753 1503 2820 Vll.
1520 2776 1587 2837 cap.
1599 2756 1691 2907 Ilp'.
1712 2780 1761 2825 10.
1783 2761 1892 2827 Boeh.

529 2857 635 2902 merua
657 2837 684 2911 J.
702 2836 738 2900 E.
761 2836 845 2898 Prot.
865 2835 903 2900 L.
921 2835 978 2899 lll.
996 2839 1045 2901 tit.
1067 2856 1097 2919 5.
1117 2832 1466 2918 §.91.&Riceiuatutt
1483 2839 1648 2913 tentanti
1665 2840 1746 2918 sinen
1770 2846 1842 2912 llibel
1862 2850 1892 2917 itt

529 2921 714 2990 taurinum
732 2916 763 2981 P.
779 2917 820 2980 ll.
835 2917 869 2981 C.
883 2938 913 2999 9.
929 2919 963 3000 §.
981 2938 1011 2998 9.
1053 2919 1132 2980 ltem
1147 2919 1212 2980 vid.
1228 2915 1296 2980 asia
1313 2918 1377 2980 litis
1391 2917 1431 2978 de
1443 2920 1623 3001 recipiendo
1637 2920 1758 2994 Jacobo
1774 2926 1813 2988 de
1827 2928 1892 2991 Bo·

533 3003 615 3065 ville
637 3003 667 3063 in
690 3018 854 3062 nnmerum
875 3002 1109 3063 Canonicornm
1128 2997 1423 3072 wormatiensium,
1446 3002 1527 3063 inter
1542 3002 1719 3079 Capitulum
1742 3004 1893 3074 Worma·
1923 3005 1932 3030 ¹

533 3084 632 3148 tiense
646 3084 679 3144 dr
700 3081 885 3145 Pontificem
904 3093 986 3145 ortae
1002 3084 1082 3165 apud
1096 3081 1224 3144 Fabrum
1242 3081 1380 3150 &tetaldi
1395 3081 1522 3162 OEnnplep
1532 3083 1561 3147 P.
1573 3085 1612 3149 V.
1623 3106 1652 3167 p.
1666 3106 1733 3169 ¹²3·
1745 3090 1779 3151 dt
1791 3092 1872 3173 seqq,

453 3205 491 3287 b)
518 3202 604 3266 Huic
620 3200 733 3263 asserto
751 3198 950 3261 consentiunt
966 3193 1176 3260 Stoeclienina
1197 3197 1318 3260 Dissett.
1330 3198 1369 3259 de
1382 3198 1452 3280 jure
1464 3203 1675 3280 primariorum
1713 3224 1817 3272 recum
1830 3209 1892 3276 Tli.

531 3304 583 3366 59.
601 3283 633 3345 dr
647 3284 760 3344 clarius
780 3283 920 3361 Ayrerus
935 3289 1141 3342 commentat.
1160 3280 1284 3359 dejure
1302 3282 1514 3359 primariaruni
1532 3304 1656 3364 precum
1702 3337 1708 3348 .
1729 3289 1784 3353 Vl,
1802 3296 1830 3361 §-
1848 3293 1881 3359 V

529 3369 612 3430 circa
630 3366 742 3434 linem,
764 3361 922 3435 Jenichen.
943 3377 997 3424 tun
1011 3365 1072 3423 tun
1088 3359 1195 3433 &dte
1209 3368 1257 3427 tet
1274 3362 1356 3428 culm
1375 3364 1459 3428 ’tutte
1478 3369 1552 3429 einer
1567 3362 1733 3442 illinitum
1752 3361 1892 3449 Paulino

549 3495 557 3512 .
571 3466 603 3528 9.
620 3447 732 3529 Engao
749 3445 846 3507 Elem.
862 3442 926 3515 Jur.
941 3441 1015 3503 Can.
1031 3440 1099 3505 Lib.
1115 3441 1158 3509 ll.
1177 3448 1205 3525 §.
1219 3455 1293 3526 385.
1308 3440 1342 3506 dt
1354 3443 1564 3510 Hoffmannus
1577 3446 1701 3515 Differt.
1719 3451 1757 3513 de
1769 3453 1891 3533 juribus

547 3532 754 3613 ndigenaruoi
771 3525 949 3589 Germaniae
965 3532 992 3599 §-
1011 3521 1085 3588 XX.

535 3857 603 3927 His
618 3849 799 3925 observatis
815 3850 984 3951 speciatim
1000 3848 1143 3929 accedit,
1171 3850 1261 3946 quod
1275 3854 1306 3923 vi
1323 3848 1530 3924 instrumenti
1546 3852 1580 3922 P.
1596 3856 1649 3921 W.
1666 3850 1804 3949 precisis
1818 3856 1893 3930 reli·

416 3958 529 4051 gioni,
555 3977 656 4049 quam
671 3949 868 4022 beneficium
882 3974 999 4020 vacans
1021 3946 1199 4028 desderat,
1228 3947 1379 4019 addillus
1397 3945 1460 4021 elle
1482 3947 1617 4021 debeat:
1643 3974 1681 4019 ex
1701 3951 1763 4021 hoe
1778 3953 1894 4047 regula

388 4127 393 4136 ,
416 4078 530 4151 prono
551 4048 641 4145 qunfi
657 4052 752 4120 alveo
773 4047 865 4128 fluit,
890 4047 1072 4117 decedente
1088 4051 1128 4114 A.
1149 4047 1188 4116 C.
1204 4045 1337 4118 oddislo
1351 4050 1384 4118 in
1409 4048 1479 4142 ejus
1497 4047 1668 4136 religionis
1689 4046 1894 4146 Episcopati.

416 4154 497 4233 bus,
525 4123 740 4243 &Capitulis
758 4156 799 4217 A.
818 4149 858 4216 C.
875 4141 1041 4213 additium
1065 4143 1223 4236 Capitulo
1239 4144 1503 4241 presentandum
1522 4142 1602 4216 esse:
1628 4147 1662 4214 in
1682 4149 1791 4246 minis
1812 4176 1895 4224 vero
1987 4212 1992 4228 .

418 4275 454 4322 ex
471 4272 615 4362 utraque
632 4246 812 4335 religione,
839 4242 1029 4320 Catholici,
1056 4238 1088 4309 di
1107 4240 1357 4324 Proreslsniica,
1382 4246 1409 4311 E
1437 4239 1635 4336 iscopatilius
1651 4239 1706 4316 seu
1725 4244 1796 4317 eliis
1812 4248 1894 4321 locis

416 4346 621 4418 immediatis
644 4345 813 4438 primariis
853 4337 982 4408 reeibus
997 4338 1163 4405 neminem
1184 4340 1330 4428 gaudere
1344 4268 1451 4436 posse),
1476 4336 1535 4409 nisi
1557 4336 1755 4415 beneficium
1776 4369 1894 4422 vacans

416 4445 592 4537 religionis
603 4437 738 4511 consors
754 4462 798 4533 po
825 4435 950 4518 ederit,
974 4434 1064 4529 juxta
1078 4434 1406 4507 claramdeeifionem
1421 4434 1633 4508 lnslrumenti
1648 4443 1681 4508 P.
1696 4447 1751 4514 W.
1766 4448 1803 4537 a)

455 4613 496 4695 ι)
519 4607 596 4679 Vid.
613 4608 684 4676 Art.
703 4605 745 4673 V.
763 4604 797 4688 §.
816 4615 866 4680 18.
906 4601 1035 4668 Confer.
1047 4602 1211 4686 Heoniges
1226 4602 1260 4666 in
1275 4598 1417 4669 lustrum.
1436 4600 1469 4671 P.
1484 4602 1539 4675 W.
1557 4607 1596 4672 ad
1614 4606 1732 4674 dicturo
1748 4609 1782 4690 s.
1803 4619 1883 4781 18<H

1770 4710 1799 4797 5·
1882 4756 1893 4783 .
