5017 5592
673 650 748 740 784
1121 633 1697 713 nissrarario

676 824 788 910 Reges
811 816 963 894 teritum,
985 831 1020 886 rt
1044 817 1204 886 utilitati
1226 824 1367 909 tempatis
1389 815 1617 900 consulerent,
1642 817 1860 914 privilegium
1880 817 2059 911 petierint,
2075 818 2130 912 qais

677 919 713 994 id
732 916 841 1015 ipsum
856 916 923 985 illis
935 911 1011 1010 jure
1028 915 1174 1008 quodam
1194 912 1397 1024 Majellatis,
1417 940 1474 989 aut
1489 919 1681 990 Advocatiae
1700 914 1907 1015 competiilse
1925 910 2113 988 effitmrbitl

1271 1142 1306 1243 t.
1356 1144 1590 1219 cxxxiv.

797 1280 890 1352 Mira
909 1278 1046 1373 quidem
1063 1302 1174 1354 nattat
1194 1282 1442 1378 Luitprandos,
1492 1282 1557 1353 uod
1577 1280 1645 1377 jam
1659 1281 1830 1353 Heotitus
1852 1284 1997 1375 Auceps
2016 1274 2146 1350 Amolda

682 1380 828 1449 Baiisriae
843 1379 930 1447 Duri
944 1402 1043 1449 omne
1060 1377 1113 1472 jus
1129 1382 1260 1471 regium
1276 1384 1310 1450 in
1325 1308 1555 1451 Eccicfialicii
1576 1375 1720 1451 cesserit:
1747 1378 1813 1471 {ipse
1832 1403 1938 1458 vert»
1965 1379 2087 1470 inquit,
2114 1397 2148 1456 tt,

679 1496 717 1547 tit
731 1497 794 1544 tim
805 1476 1019 1568 fortunarum,
1038 1478 1277 1571 &predivitem
1291 1487 1420 1559 vitem,
1442 1482 1494 1550 bec
1511 1483 1596 1572 picti
1618 1481 1740 1558 bearet,
1760 1481 1917 1565 animique
1941 1480 1993 1544 titi
2008 1476 2149 1567 [murce

680 1579 847 1658 mulceret,
868 1595 903 1643 itt
917 1580 1052 1670 Qioo
1073 1579 1445 1649 PRAEDECESSORES
1462 1583 1574 1647 NON
1585 1581 1802 1647 HABUERE
1820 1578 1906 1646 TUI
1918 1622 1933 1654 ,
1957 1575 2014 1652 tibi
2034 1576 2150 1644 encela-

682 1690 753 1749 rut,
764 1670 897 1761 scilicet,
913 1695 1062 1762 quatenus
1077 1678 1170 1740 tatius
1185 1678 1333 1761 Baioarie
1350 1674 1509 1767 Pantip‘res
1522 1697 1579 1742 rue
1588 1671 1762 1761 stillarunt
1776 1676 1909 1751 ditioni,
1936 1693 2054 1762 rupee
2068 1671 2103 1753 fit
2112 1693 2151 1761 pt-

684 1766 822 1852 testatis,
850 1792 908 1837 stris
933 1770 1074 1859 destinilc
1096 1774 1228 1838 alterum
1248 1776 1399 1843 ordinate.
1467 1775 1600 1841 Verum
1633 1773 1916 1849 REUBERUS,
1958 1771 2150 1839 LUDEWI·

685 1882 814 1947 otus,
834 1861 874 1960 ic)
901 1864 933 1935 dt
953 1859 1165 1939 eruditissimi
1184 1869 1263 1938 Viti
1278 1866 1523 1966 Luitpratidum
1545 1864 1694 1939 sublestae
1712 1862 1791 1939 fidei
1811 1889 1984 1958 arguunt,
2014 1889 2053 1936 ac
2069 1860 2155 1934 lefflo

685 1962 789 2031 totius
806 1963 925 2054 capitis
941 1964 995 2033 cit.
1009 1964 1063 2033 vix
1076 1962 1166 2047 aliis,
1193 1970 1589 2060 quthttusiNERO,
1620 1973 2029 2044 Αυιῑηιττειο,
2059 1964 2154 2055 Scrip-

686 2055 817 2130 toribus
831 2058 941 2153 Bojis,
976 2062 1129 2156 regiique
1145 2061 1232 2157 jutis
1246 2057 1477 2135 defensoribus
1500 2061 1681 2157 probamt3
1721 2059 1793 2158 ipse
1811 2063 1917 2131 etiam
1939 2060 2152 2131 witichindus

590 2173 594 2187 ¹
685 2154 913 2229 eutbotillius
931 2161 1095 2254 temporis
1116 2159 1158 2231 de
1175 2160 1227 2230 bia
1245 2162 1370 2231 nullam
1391 2162 1595 2231 mentionem
1614 2154 1704 2231 facit.
1761 2162 1804 2228 Et
1825 2153 2053 2237 Seteoilbmis
2072 2159 2155 2227 Duci-

682 2247 749 2323 bus
762 2254 909 2323 Bavatiae
926 2254 1096 2329 decaiitita
1112 2256 1169 2327 illa
1185 2260 1279 2351 pacis
1293 2254 1457 2341 formula,
1484 2257 1536 2328 vel
1559 2255 1804 2350 aLuitptando
1820 2279 1999 2336 contexto,
2029 2254 2078 2326 vel
2095 2253 2155 2324 oul-

685 2347 754 2419 lius
775 2348 907 2422 roboris
924 2351 1037 2422 habita
1055 2349 1150 2427 fuisse
1163 2356 1317 2440 ridetur,
1344 2357 1385 2427 acl
1408 2356 1488 2454 quid
1503 2354 1582 2427 alias
1597 2355 1812 2452 ptirilegiuot
1827 2350 2009 2427 Pontificis
2024 2351 2155 2425 edente·

687 2439 840 2522 striclam
859 2447 1066 2521 exotallent?

728 2614 767 2696 a)
788 2612 913 2683 Dissett.
926 2616 967 2681 de
978 2614 1126 2681 Conrado
1140 2616 1166 2685 1.
1180 2639 1249 2704 cap.
1261 2619 1292 2685 6.
1309 2616 1335 2702 l.
1348 2637 1378 2685 a.
1392 2621 1455 2685 col.
1471 2639 1543 2705 242.
1560 2631 1640 2686 tour.
1655 2618 1699 2685 ll.
1715 2616 1821 2702 opusc.

1271 2834 1307 2919 §-
1356 2828 1565 2913 CXXXV.

810 2964 943 3037 Habuit
961 2964 1061 3035 ctiam
1077 2959 1219 3034 Ecclesia
1234 2960 1436 3055 gravissimas
1452 2964 1615 3041 tationes,
1639 2984 1699 3031 cut
1715 2954 1817 3054 sepe,
1842 2957 1895 3029 vel
1914 2959 1955 3029 ad
1968 2982 2097 3055 preces,
2114 2959 2157 3031 tel

691 3056 734 3130 ed
758 3061 910 3129 evitanda
931 3060 1058 3150 majora
1080 3061 1184 3139 mala,
1222 3085 1279 3130 aut
1302 3058 1512 3154 Principibus
1536 3061 1569 3129 in
1591 3058 1641 3128 bis
1665 3057 1842 3151 privilegia
1860 3059 2078 3136 concederet,
2109 3079 2157 3127 siit

691 3156 904 3237 conniveret,
927 3154 1073 3250 ipsisque
1087 3157 1231 3225 multum
1247 3157 1447 3249 indulgeret.
1467 3158 1511 3251 a)
1559 3159 1674 3238 „Cum
1696 3157 1742 3245 ι.)
1760 3149 1935 3224 satistitate
1957 3150 2157 3225 florentissimi

694 3255 795 3343 „Viri
811 3278 829 3323 a
845 3253 993 3346 Regibus
1014 3256 1201 3351 acceperint
1221 3253 1471 3352 Episcopatum.
1532 3253 1584 3343 a.)
1609 3275 1702 3332 cuin,
1735 3275 1819 3346 quos
1844 3254 1958 3342 Reges
1986 3253 2157 3343 elegeranq

693 3353 1070 3447 „promoverantquein
1086 3349 1364 3446 praestantissimos
1387 3353 1502 3425 exinde
1523 3347 1672 3421 Pastores
1696 3344 1871 3422 evaserint.
1928 3353 1982 3442 3.)
2006 3375 2083 3421 cum
2107 3374 2157 3419 ctt·

695 3446 790 3536 ‚lasti
814 3476 881 3519 noti
900 3447 998 3520 semel
1020 3445 1219 3543 impulsione
1240 3453 1370 3521 excitati
1394 3448 1454 3521 sint
1475 3452 1537 3520 viti
1562 3444 1711 3543 piiffiiiii,
1751 3468 1788 3516 ut
1803 3442 2028 3543 Episcopatus
2044 3472 2065 3516 a
2079 3450 2157 3538 Regi

693 3545 780 3637 „bus
799 3570 973 3640 peterent,
998 3544 1038 3615 ad
1061 3570 1145 3641 quos
1169 3570 1186 3614 a
1209 3546 1330 3630 Cleto,
1368 3547 1571 3645 populisque
1593 3543 1805 3615 vocabantur.
1865 3546 1927 3635 4.)
1954 3569 2033 3616 cum
2062 3566 2157 3617 ertum

693 3648 985 3731 „nominationum
1000 3667 1038 3715 ea
1055 3638 1131 3713 elsci
1148 3641 1296 3741 petsaepe
1320 3651 1425 3727 ratio,
1459 3645 1490 3715 dt
1517 3639 1695 3722 modestia,
1728 3665 1764 3711 ut
1787 3639 2012 3712 nihilominus
2037 3638 2157 3713 Elestio

695 3743 770 3827 „nis
785 3739 919 3810 libertas
937 3740 1085 3835 Populo,
1113 3742 1282 3834 Cletoquc
1300 3741 1473 3814 conflaret.
1539 3737 1590 3833 5.)
1617 3762 1693 3810 cum
1714 3763 1761 3820 ne,
1782 3739 1924 3808 concilia
1947 3741 2089 3833 quidem
2106 3736 2157 3834 ipsi

696 3835 777 3925 „sibi
799 3864 875 3908 cum
894 3839 1041 3928 Regibus
1058 3838 1294 3923 decertandum
1316 3838 1556 3916 existimarent,
1583 3860 1624 3907 ne
1638 3833 1678 3906 ab
1694 3838 1741 3907 eis
1756 3831 2029 3929 exspeslatetur,
2052 3838 2105 3908 ‘rcl
2119 3838 2157 3908 eli·

698 3935 821 4025 „gendi
837 3933 1021 4029 permissio,
1051 3936 1101 4005 vel
1127 3933 1338 4008 confirmatio
1360 3933 1467 4009 elesli.
1542 3939 1616 4005 Imo
1639 3957 1681 4003 ne
1704 3932 1872 4004 certabant
1892 3935 2039 4029 quidem
2060 3935 2101 4006 de
2118 3958 2153 4006 eo

574 4055 576 4066 ·
697 4031 812 4125 „quod
837 4033 1010 4128 capitalius
1026 4056 1114 4113 erat,
1140 4020 1181 4104 a'e
1198 4037 1412 4106 mitterentur
1433 4031 1593 4105 aPslatio
1610 4032 1774 4126 Principis
1796 4029 1980 4103 ordinandi
2003 4030 2152 4131 Episcopi

696 4154 927 4226 „quamquam
943 4134 1037 4225 prius
1053 4130 1102 4200 illi
1118 4128 1158 4198 ab
1174 4129 1368 4228 Episcopis,
1394 4159 1411 4203 a
1435 4132 1554 4211 clero,
1579 4154 1598 4199 a
1617 4130 1748 4223 Populo
1770 4129 2004 4214 examinandi,
2039 4130 2157 4227 probru

695 4225 833 4321 „dique
888 4228 941 4315 6.)
960 4251 1035 4300 cum
1057 4224 1189 4323 ipsimet
1204 4231 1406 4326 quandoque
1421 4226 1594 4324 Episcopi,
1620 4224 1762 4305 Clerici,
1793 4227 1882 4297 cives
1905 4230 2104 4326 Principem
2123 4227 2157 4300 sui

697 4319 838 4418 „sponte
858 4323 1005 4406 adirent,
1032 4349 1068 4395 ut
1089 4324 1159 4419 ejus
1181 4326 1343 4421 poteslate
1361 4326 1464 4398 turbae
1485 4322 1792 4419 compescerentur,
1824 4318 2029 4397 sedarentur
2050 4348 2157 4421 compe

697 4425 861 4504 „titoriim
877 4424 1100 4516 intemperiae,
1127 4423 1336 4495 incubatores
1353 4425 1489 4495 violenti
1515 4420 1680 4492 sacrarum
1704 4416 1828 4490 sedium
1851 4421 2083 4515 ejicerentur,
2121 4423 2157 4492 do

697 4541 879 4599 „narentur
905 4518 1051 4588 Ecclesiae
1070 4519 1164 4590 Aulae
1181 4526 1358 4604 Proceres‚
1384 4523 1417 4593 dt
1441 4521 1556 4590 Palatii
1573 4521 1789 4613 Optimates,
1827 4513 1931 4592 sicubi
1955 4544 1997 4592 ex
2012 4528 2063 4594 eis
2087 4516 2157 4593 elesl

596 4616 603 4624 '
698 4614 827 4711 „aliqui
841 4610 941 4689 essent
956 4615 997 4687 ad
1019 4614 1126 4689 sacras
1148 4614 1282 4694 insulas.
1351 4620 1406 4717 7.)
1430 4643 1506 4692 cum
1525 4618 1699 4714 Principes
1716 4639 1881 4693 canonum
1902 4614 2157 4789 nonjamcudllo

2135 4737 2157 4790 ei
