5017 5592
428 553 430 558 ⁵
505 597 615 722 sta
691 618 1029 700 nissnnrarto
1050 617 1187 718 Junts
1210 613 1405 698 nuntiet
1429 549 1799 704 necanstasrtct
1844 587 1852 604 '
1892 613 1899 620 ·

503 802 692 877 Concilium
709 799 904 875 Coloniense
917 803 994 874 anni
1006 805 1330 894 Dccctxxxvtt.
1350 797 1409 875 sub
1424 805 1622 878 Cnxoto
1644 805 1834 880 Ctla'sso
1849 803 1978 906 Episto-

535 905 562 973 is
580 900 761 982 conllabrt,
783 897 986 978 Abbatibus‚
1010 900 1238 998 Presbyteris,
1264 900 1469 974 Diaconisdt
1493 906 1603 974 Laicis
1624 904 1828 1000 quibusdam
1847 901 1986 999 Religio·

506 925 560 1072 lis.
575 1006 601 1089 t)
636 1005 736 1096 Qsod
752 995 882 1069 disertis
908 996 1017 1068 verbis
1035 1003 1170 1095 antiqua
1193 1003 1441 1094 Imperatorum
1465 1003 1757 1093 Carolingirotum
1782 1005 1986 1102 capitularia

460 1181 462 1186 ¹
507 1100 544 1170 in
563 1093 710 1168 favorem
727 1095 818 1167 Cleri
835 1095 867 1167 dr
885 1095 1100 1167 Ecclelisrum
1116 1099 1249 1169 condita
1266 1101 1444 1168 innovavit.
1463 1105 1497 1188 d)
1530 1099 1600 1170 Sub
1616 1109 1748 1172 Arno
1760 1121 1884 1174 ιη’·
1912 1125 1985 1200 qno·

535 1221 576 1267 ne
591 1198 700 1284 Rege,
723 1218 822 1289 quem
839 1196 1019 1289 primumn
1037 1195 1216 1266 Germanis
1235 1195 1268 1264 in
1294 1197 1448 1288 Regnum
1473 1219 1569 1269 antea
1591 1196 1811 1270 haereditario
1837 1203 1924 1296 Jurr
1941 1199 1988 1272 da·

509 1221 595 1364 lent
612 1290 745 1362 lobium
760 1316 847 1362 anno
870 1294 1193 1366 uccctxxxvtt.
1220 1316 1287 1363 non
1311 1309 1440 1368 tantum
1458 1291 1622 1374 clettam,
1649 1292 1753 1368 sed&
1776 1299 1896 1393 polles
1915 1319 1990 1370 anno

510 1391 759 1463 DCCCXCVI.
788 1393 1031 1483 Imperatorem
1046 1386 1330 1463 conllitutumclle
1344 1387 1486 1470 constat,
1504 1389 1663 1462 Metenbs
1672 1397 1871 1466 Conventus
1880 1397 1991 1466 mittat

513 1483 593 1570 fuit.
608 1489 644 1579 e)
669 1481 890 1558 Triburiense
909 1485 1098 1558 Concilium
1112 1513 1185 1559 ann.
1202 1491 1431 1559 DCCCXCV.
1452 1485 1511 1559 sub
1526 1489 1645 1560 eodem
1662 1498 1759 1564 ΛΚΝ
1770 1511 1797 1562 υ
1808 1510 1896 1566 tto
1919 1490 1992 1588 eina·

513 1586 590 1658 dem
606 1608 742 1702 quoqne
756 1579 820 1654 fuit
835 1585 966 1677 generis
983 1583 1014 1656 R
1035 1589 1222 1753 argumenti
1239 1588 1429 1682 utriusque.
1438 1591 1479 1677 1)
1533 1589 1573 1657 Et
1590 1588 1643 1658 bic
1658 1594 1747 1659 enim
1758 1589 1832 1662 duo
1848 1584 1990 1662 referun-

514 1704 571 1756 tur
586 1679 723 1776 lejuneli
741 1687 943 1754 Conventus.
956 1682 998 1779 g)
1031 1684 1078 1754 nt
1097 1708 1154 1755 um
1178 1686 1307 1781 quippe
1325 1685 1359 1753 in
1382 1707 1423 1754 eo
1439 1681 1541 1757 eilde
1565 1693 1663 1778 Regna
1684 1691 1720 1762 ὅ
1747 1689 1885 1771 Ecclesia
1900 1711 1993 1780 negoq
2032 1697 2036 1776 j

515 1783 589 1862 tiis,
606 1784 647 1852 de
663 1775 764 1851 causis
784 1777 1104 1863 matrimonialibus,
1124 1781 1166 1854 de
1182 1781 1394 1852 immunitate
1407 1781 1673 1855 Clericotumdt
1699 1782 1995 1871 Ecctefisrunme
2033 1805 2036 1858 2

518 1879 627 1976 poenis
643 1880 743 1948 etiarn
758 1874 910 1947 civilibus
938 1881 1313 1951 excommunicatorum.
1329 1875 1368 1972 b)
2028 1871 2036 1956 l

636 2007 784 2080 Ecclesia.
802 2009 962 2082 nimirum
979 2014 1172 2085 Germanic
1189 2012 1223 2083 dv
1247 2013 1354 2104 Regni
1373 2011 1518 2084 rationes
1534 2008 1696 2085 indivulse
1719 2012 1901 2088 cohaerere
1917 2011 1998 2087 videi

411 2203 432 2220 θ
520 2103 644 2189 bantur
659 2108 746 2202 Regi
761 2130 856 2206 aeque
870 2131 907 2184 se
922 2109 1138 2195 Prasulibus,
1161 2108 1193 2184 dt
1209 2111 1243 2181 in
1259 2107 1455 2183 Cbtillianae
1477 2110 1646 2184 charitatis
1672 2110 1890 2207 Republica,
1916 2107 1996 2226 quad

1906 2229 1995 2284 untur

638 2393 701 2457 qne
718 2373 885 2441 Saxoniae.
928 2375 971 2442 Et
984 2377 1031 2443 illi
1069 2377 1174 2444 uidem
1193 2378 1232 2444 de
1247 2375 1451 2443 absolvendis
1473 2375 1697 2458 quaestionibus
1712 2371 1999 2438 Ecclebnllicaedib

639 2459 767 2539 ciplinae
788 2457 955 2523 tractatum
978 2398 1155 2535 habdbantt
1174 2461 1247 2526 Rex
1265 2478 1346 2523 vero
1366 2477 1439 2522 cum
1461 2457 1657 2541 Principibus
1682 2455 1716 2519 dr
1737 2455 1907 2523 Praefectis
1927 2457 1996 2519 Ρω-

636 2541 822 2687 ζίιῖςίιτυξιῃ
836 2541 1276 2690 pqulicistcaplislipibpsque
1296 2545 1528 2688 componppdia
1547 2539 1693 2606 insiliens
1711 2539 1887 2628 postquam
1904 2539 2000 2624 sym·

668 2643 784 2687 isaeo
824 2643 854 2687 m
900 2643 1004 2689 actea
1032 2645 1122 2708 quu
1146 2642 1360 2708 tctocotnpro
1384 2644 1437 2686 avt

564 2741 598 2823 t)
619 2741 694 2808 Vid.
707 2742 850 2825 ejusdem
873 2740 995 2810 Praefat.
1023 2745 1105 2830 apud
1127 2745 1265 2810 Hann.
1289 2743 1389 2810 Cone.
1409 2739 1506 2810 Toni.
1521 2738 1580 2807 VI.
1603 2738 1637 2806 P.
1650 2738 1676 2805 Ι.
1701 2735 1777 2822 Pag.
1794 2749 1873 2824 398.

566 2862 603 2940 d)
628 2861 700 2927 Vid.
724 2862 838 2924 ibidem
860 2861 935 2925 Can.
957 2880 987 2942 3.
1007 2879 1038 2943 4.
1059 2862 1093 2926 dr
1111 2882 1142 2943 5.
1166 2861 1198 2927 Ρ.
1217 2874 1287 2945 398.

567 2984 597 3052 a)
620 2979 665 3045 Ut
679 2979 807 3042 testatur
819 2980 931 3042 ibidem
948 2978 1096 3041 Praefatio
1111 2982 1148 3041 ab
1170 2979 1266 3042 Han
1277 2998 1420 3043 nunno
1441 2978 1536 3041 relata
1551 2978 1589 3038 ad
1606 2976 1666 3040 An.
1682 2967 1997 3038 Dcchxxxvttt.

642 3065 675 3126 in
707 3062 838 3123 verbis:
862 3060 904 3121 Et
926 3061 1018 3122 multi
1046 3060 1233 3124 Sacerdotes
1252 3083 1325 3125 cunt
1354 3063 1531 3126 Comitibut
1556 3060 1589 3122 dt
1616 3059 1758 3140 pluribus
1788 3049 2003 3120 Nobilibus&

643 3143 746 3205 Deum
778 3143 961 3204 timentibus
992 3143 1071 3204 viris
1093 3142 1271 3209 adfuerunt.
1321 3144 1384 3207 Ubi
1405 3145 1471 3225 patri
1496 3154 1604 3214 voto,
1624 3141 1752 3221 patique
1780 3138 1933 3201 consensu
1951 3150 2001 3218 pto

529 3225 535 3233 '
643 3244 719 3287 vera
740 3224 892 3288 charitate
916 3221 1196 3303 &tranquillitate
1219 3225 1408 3291 innitaeDei
1430 3222 1578 3289 Ecclebae
1605 3222 1661 3285 fibi
1680 3222 1823 3285 invicem
1847 3233 2001 3285 occurren·

645 3315 695 3369 tes
713 3307 783 3368 baec
796 3308 828 3370 in
846 3325 1015 3369 commune
1037 3306 1184 3371 Ptaesules
1200 3309 1321 3371 elocuti
1342 3306 1423 3372 sunt.

703 3424 778 3490 Can.
791 3437 847 3506 4t0
866 3427 1094 3490 immunitatem
1109 3425 1204 3488 manli
1226 3423 1432 3489 Eccleliastici
1446 3420 1624 3488 confirmat.
1681 3417 1841 3483 Praeterea
1860 3418 1902 3484 de
1917 3419 2001 3501 impe·

643 3507 791 3570 dimentis
814 3509 1096 3571 matrimonialibus
1112 3508 1265 3589 permulta
1278 3508 1396 3574 statuit.
1521 3545 1544 3554 --

566 3624 614 3712 s)
635 3623 720 3688 Idem
736 3623 983 3706 Sapientilbsnus
1000 3624 1093 3691 Rex.
1117 3671 1126 3691 .
1147 3673 1157 3691 .
1180 3626 1318 3690 venitin
1337 3622 1446 3686 villam
1461 3619 1591 3701 Regiam
1600 3615 1778 3683 Tributiam
1798 3635 1875 3680 curn
1891 3613 2001 3697 Epilco·

647 3709 695 3790 pis
714 3705 793 3770 infra
810 3707 928 3769 conseri
952 3708 1009 3779 tis,
1035 3709 1227 3783 abbatibus,
1261 3705 1295 3770 δι
1316 3706 1464 3768 omnibus
1489 3702 1588 3783 Regni
1614 3700 1712 3763 Princi
1737 3700 1828 3773 bus,
1870 3718 1930 3761 nec
1950 3712 2001 3759 non

648 3789 915 3851 convenientibus
932 3729 1221 3854 Reclefiasticorum
1235 3788 1270 3852 δι
1286 3788 1489 3852 Saecularinm
1508 3784 1678 3847 innumeris
1692 3720 1831 3856 ffltbts,
1862 3792 2001 3874 quatenns
2028 3859 2031 3864 .

650 3870 838 3951 infatigabili
859 3870 1089 3947 perseverantia
1111 3873 1218 3936 divina
1237 3872 1270 3935 dt
1290 3872 1424 3933 bumana
1441 3866 1667 3938 ttastarentur.
1708 3873 1805 3944 atque
1823 3873 2004 3944 emergentia

650 3953 731 4015 mala
751 3955 1050 4038 comprimerentur,
1082 3965 1118 4019 ut
1142 3975 1175 4020 aa
1199 3955 1323 4020 liberius
1342 3950 1456 4017 senaa
1476 3950 1538 4014 Dei
1563 3945 1689 4030 nectens
1711 3943 1767 4008 suo
1784 3948 1944 4028 potiretur
1957 3943 2005 4004 bo·

649 4054 738 4099 nore.

575 4157 616 4238 g)
642 4152 838 4227 Sacerdotes,
861 4151 914 4235 qni
928 4153 1007 4215 milit
1027 4154 1113 4230 sunt,
1132 4155 1329 4236 gratulantes
1345 4146 1625 4231 congredientibus
1641 4142 1830 4226 quibusdam
1905 4139 2028 4205 tinati··

651 4238 707 4297 bus
727 4237 766 4299 de
789 4234 925 4298 Throno
947 4235 1061 4317 Regis,
1097 4237 1291 4319 causajul'tae
1306 4233 1493 4318 Legationis
1512 4232 1545 4292 dr
1568 4227 1786 4294 unanimitatIa
1815 4223 1860 4289 ad
1899 4222 2006 4289 arban

532 4339 536 4346 ·
650 4316 816 4400 synodum
829 4315 977 4392 directis,
1002 4320 1117 4383 revetli
1138 4318 1206 4382 sunt
1220 4322 1257 4382 ad
1274 4338 1352 4392 eos,
1375 4317 1428 4398 qui
1444 4313 1591 4376 miserant
1605 4310 1691 4375 illos.

573 4430 610 4516 lt)
635 4430 713 4582 Hviic
726 4433 1009 4599 {ppiappligdepqust
1023 4436 1053 4499 in
1068 4435 1257 4501 Ptaefatione
1269 4436 1412 4520 ejusdem
1423 4432 1560 4498 Consilii
1574 4427 1657 4513 apud
1669 4425 1768 4560 blan
1777 4444 1800 4487 n
1809 4443 1839 4489 tt
1851 4445 1868 4488 1
1879 4444 1913 4489 st.
1926 4417 2007 4486 Tou.

706 4628 854 4698 canones
872 4643 977 4697 antem
991 4634 1053 4700 buc
1070 4633 1222 4701 iacientes
1238 4634 1354 4702 ibidem
1369 4631 1567 4716 relegantur,
1584 4647 1625 4693 ne
1640 4623 1805 4712 praesentis
1819 4622 1956 4692 institui
1967 4637 2011 4684 an·

646 4711 761 4802 gustiae
772 4714 984 4782 excedantur.
