5017 5592
378 1860 388 1902 l

512 4666 744 4744 Pelm‘d‘lflm
752 4649 1033 4747 inierctgrniam,
1043 4676 1270 4753 preterquam
1280 4655 1441 4752 quadltac
1455 4653 1510 4730 sua
1517 4651 1795 4753 petiuoaeansana
1806 4676 1998 4752 peractoru-

505 667 573 784 1'3c
758 693 777 708 ·
952 671 1531 762 ntasaarnrto

616 865 685 920 tunt
699 853 840 937 personis
857 853 1002 925 idoneis,
1025 872 1102 935 qaas
1119 851 1224 916 diclus
1244 851 1417 916 fridericus
1437 860 1514 914 tanc
1527 851 1744 914 Rornanorum
1756 844 1827 910 Rex
1844 846 1999 940 duceret&

616 936 672 1002 stbi
685 938 910 1008 nominandas,
937 937 1074 999 totidem
1090 934 1239 1000 beneficia
1254 934 1455 997 ecclesiastica
1472 953 1543 996 cunt
1557 952 1630 995 cute
1649 931 1683 995 dc
1694 932 1757 994 line
1770 948 1842 992 cura
1859 933 1891 992 iu
1911 943 1977 989 ter-

518 1027 520 1032 ’
617 1021 663 1085 ria
679 1020 711 1081 dt
726 1019 874 1082 dominiis
888 1018 1093 1080 haereditatiis
1107 1016 1200 1099 ipsius
1214 1018 1299 1097 regia
1312 1016 1509 1079 consistentia
1529 1014 1564 1076 dt
1581 1014 1732 1078 nonnulla
1747 1012 1806 1073 alia
1829 1022 1905 1073 tuuc
1919 1030 1979 1072 ex-

643 1099 718 1163 reffa
734 1083 888 1172 fucienss,
912 1119 983 1162 cum
996 1100 1157 1162 nonnullis
1173 1102 1473 1180 praerogativarum,
1496 1097 1748 1163 annullationunt
1758 1091 1793 1157 dt
1806 1094 1876 1157 aliia
1889 1092 1981 1157 clau·

637 1182 697 1249 alis
709 1179 892 1250 ineuntem
909 1200 965 1265 per
980 1181 1127 1263 quandum
1141 1179 1210 1245 suas
1226 1181 1334 1245 literas
1349 1179 1508 1246 coaceffit.
1522 1218 1545 1255 „

1116 1372 1146 1453 ς.
1184 1327 1361 1436 tutu.

624 1498 758 1570 Interea
778 1492 890 1567 missua
904 1492 951 1567 est
965 1495 1005 1567 td
1030 1498 1218 1568 Germanos
1235 1498 1381 1591 Joannes
1407 1491 1592 1566 Cordintlis
1608 1494 1641 1567 S.
1667 1488 1788 1584 Angeli
1808 1489 1981 1570 diaconus,

509 1614 549 1669 ut
567 1593 702 1666 tandem
729 1592 925 1665 austeritate
949 1593 983 1664 δι
1007 1596 1142 1666 nomine
1165 1589 1483 1689 sedis,Apollolicae
1505 1594 1678 1684 negotium
1701 1588 1806 1661 isthoc
1836 1587 1982 1658 arduum

510 1687 705 1788 perficeret,
727 1715 763 1762 ac
779 1696 910 1786 penitus
933 1713 1153 1787 componeret
1166 1692 1293 1786 jurgia,
1317 1715 1390 1785 quae
1408 1713 1499 1760 tanto
1518 1712 1671 1785 tempore
1687 1683 1854 1759 occasione
1874 1681 1982 1756 reser-

501 1792 684 1860 uationum
710 1786 958 1859 Pontificiarum
983 1787 1015 1860 dt
1038 1789 1181 1861 aliorum
1211 1794 1440 1879 gravaminum
1460 1786 1636 1858 Pontifices
1657 1789 1744 1855 inter
1767 1785 1800 1854 dt
1822 1783 2008 1877 inclytam.

511 1886 680 1956 nationem
706 1888 941 1958 Germanicam
964 1883 1159 1958 exarserant.
1209 1888 1294 1954 lnitn
1311 1890 1428 1963 erinna,
1452 1885 1568 1954 endem
1590 1888 1716 1973 Legato
1732 1908 1749 1952 e
1767 1884 1985 1972 larereagen·

513 2004 566 2063 te,
590 1983 787 2054 concordata
811 1984 1000 2056 Germanic
1016 1979 1126 2064 fuere,
1150 1982 1336 2079 inquibus,
1366 1984 1540 2052 accedente
1561 1983 1697 2051 Nicolai
1721 1986 1763 2050 V.
1780 1977 1986 2050 constitutio·

515 2101 578 2159 ne,
628 2101 726 2174 taeter
744 2080 807 2150 alia
822 2087 854 2148 ⁵n
870 2077 1020 2151 favorem
1039 2083 1181 2152 nationis
1198 2080 1350 2150 ordinata
1371 2078 1402 2149 dt
1421 2076 1594 2159 conclusa,
1620 2075 1744 2148 solenni
1760 2072 1857 2172 pasin
1880 2071 1983 2144 liber·

514 2197 564 2246 raa
587 2103 788 2247 escilionum
813 2176 1062 2273 Episcopalium
1084 2178 1116 2249 dt
1143 2176 1386 2257 Abbatialium‚
1408 2201 1466 2247 nec
1488 2201 1553 2245 non
1574 2176 1708 2245 collatio
1729 2175 1833 2244 libera
1860 2166 1985 2242 benefi-

514 2275 644 2343 ciorum
665 2297 727 2369 per
741 2272 793 2344 sex
808 2273 934 2346 menses
956 2276 1134 2346 ordinariis
1159 2273 1372 2346 collatori-bus
1394 2271 1536 2344 concessa
1565 2268 1652 2348 suit,
1674 2272 1807 2343 sublatis
1828 2268 1985 2341 omnibus

514 2367 760 2463 exspellatitis,
786 2371 994 2442 &mandatis
1012 2377 1053 2442 de
1077 2373 1285 2468 providendo
1309 2370 1499 2442 Pontificiis.
1525 2373 1562 2460 a)
1591 2371 1696 2440 Nulla
1713 2369 1849 2465 quidem
1866 2391 1899 2435 tn
1916 2362 1987 2479 ipsa

373 2509 377 2516 ·
514 2467 612 2537 Bulla
635 2468 772 2536 Nicolai
788 2473 832 2539 V.
853 2471 979 2538 mentio
995 2472 1140 2538 occurrit
1155 2471 1195 2537 de
1213 2473 1330 2563 primis
1354 2468 1508 2561 precibus
1523 2466 1687 2551 cKaesateis,
1711 2493 1751 2536 an
1769 2489 1849 2537 vero
1868 2487 1935 2535 non
1952 2487 1986 2532 tn

422 2616 424 2620 -
516 2562 710 2634 traslatibua
727 2564 934 2658 probabitis,
959 2568 1017 2660 qui
1034 2566 1215 2636 hodienum
1231 2569 1263 2631 in
1280 2566 1435 2634 Architis
1452 2567 1590 2659 Imperii
1609 2566 1753 2645 latitant,
1774 2565 1814 2633 da
1831 2561 1889 2632 illo
1909 2561 1988 2655 jure

517 2660 600 2755 quid
624 2658 794 2730 asliratum
810 2656 930 2744 fuerit,
954 2688 1020 2733 non
1043 2660 1183 2733 conflat:
1209 2660 1321 2731 sultem
1345 2664 1514 2756 primariis
1539 2659 1696 2757 precibus
1716 2686 1781 2732 non
1803 2655 1913 2731 fauisse
1932 2683 1990 2731 or·

517 2759 667 2829 dinarios
688 2757 880 2840 collatores,
893 2759 977 2830 inde
998 2762 1162 2854 conjicere
1177 2760 1253 2829 licet
1271 2762 1296 2828 1.
1316 2755 1440 2829 senine
1463 2757 1629 2829 Pontificis
1645 2763 1677 2829 in
1694 2760 1878 2830 collatione
1891 2756 1990 2830 bene·

519 2852 674 2926 ficiorum
697 2854 892 2952 potestatem
911 2854 1141 2938 coarllorunt,
1163 2880 1266 2947 genus
1290 2852 1585 2952 exspec‘lntiuarum
1610 2854 1823 2929 caesareorum
1842 2879 1936 2951 eque
1951 2855 1991 2926 li·

406 3046 411 3056 ι
519 2949 641 3025 bertari
659 2952 845 3022 collationis
862 2951 1130 3047 prejudiciosum
1149 2979 1214 3023 non
1231 2951 1328 3025 facile
1344 2978 1400 3023 eos
1417 2949 1592 3033 admisisse,
1606 2954 1742 3026 credere
1759 2978 1819 3050 par
1832 2950 1888 3033 esl,
1905 2977 1990 3048 pre·

520 3045 634 3122 sertim
649 3071 725 3118 cum
747 3047 779 3118 id
794 3049 879 3143 jutis
896 3051 1042 3123 nondum
1058 3053 1093 3121 in
1108 3053 1260 3146 Imperio
1284 3047 1418 3145 pacifice
1439 3050 1613 3123 obrincret.
1663 3055 1707 3122 ΙΙ.
1734 3055 1768 3123 Si
1789 3050 1996 3150 concordam

520 3159 587 3215 non
605 3140 829 3239 obessentjuri
846 3144 896 3216 iili
911 3146 1067 3230 emsareo,
1089 3174 1127 3219 ac
1146 3173 1222 3219 anre
1243 3173 1282 3217 ea
1306 3150 1368 3218 hoc
1387 3147 1575 3243 jamlibere
1596 3146 1636 3216 nb
1658 3146 1921 3245 Imperatoribus
1937 3173 1992 3219 ex·

520 3244 680 3321 ercitum,
696 3264 794 3338 arque
810 3268 827 3313 a
843 3246 1022 3316 Germanis
1037 3249 1186 3337 ognilunt
1203 3241 1329 3327 suisset,
1351 3243 1470 3316 sruslra
1491 3245 1679 3316 Frirleticus
1696 3245 1772 3342 poll-
1791 3246 1991 3319 concordare

521 3338 688 3411 indultum
709 3337 937 3437 Apostolicum
952 3339 1092 3439 desuper
1107 3343 1279 3414 abeodem
1303 3348 1339 3413 N
1344 3343 1449 3415 icolao
1465 3340 1623 3416 Pontifice
1644 3340 1841 3443 expetiisset,
1863 3367 1900 3418 ut
1913 3368 1993 3418 mox

523 3436 670 3519 dicetur,
692 3436 852 3535 &capite
878 3437 1027 3538 sequenti
1045 3438 1179 3513 uberius
1201 3440 1406 3513 discutietur.

564 3607 601 3686 a)
625 3601 923 3670 Vis-concordata·
941 3606 1118 3672 Germaniae
1144 3609 1223 3688 apud
1248 3608 1416 3690 Lunigiam
1439 3606 1534 3671 Tom.
1555 3607 1580 3672 1.
1600 3607 1706 3751 spicil.
1726 3605 1842 3670 Eccles.
1864 3628 1892 3689 p.
1918 3625 1992 3690 321.

640 3684 673 3746 dt
691 3686 749 3767 seq.
775 3687 962 3758 Leibnitittrn
977 3694 1007 3754 itt
1023 3693 1100 3756 Cod.
1119 3690 1182 3766 Jttr.
1197 3691 1289 3754 Geni.
1308 3694 1436 3770 diplom.
1452 3711 1521 3772 pag.
1535 3710 1605 3772 397.
1669 3689 1725 3769 seq.
1744 3693 1823 3783 apud
1842 3691 1888 3752 Du
1901 3692 1994 3754 utone

640 3768 716 3829 dans
736 3788 828 3848 corps
841 3772 1067 3853 dipltttnatique
1088 3776 1128 3834 du
1146 3774 1239 3835 iltuit
1255 3776 1310 3836 des
1326 3776 1410 3837 (iens
1431 3792 1502 3856 pag.
1529 3774 1596 3855 163.
1620 3771 1655 3837 tlt
1679 3771 1757 3859 seqq.
1775 3773 1809 3836 dc
1831 3775 1863 3837 in
1883 3772 1994 3844 Bullcz

578 3874 580 3877 ·
640 3849 692 3911 rio
703 3850 744 3914 Μ.
756 3852 838 3913 inter
853 3853 1096 3919 constitutiones
1116 3855 1241 3919 Nicolai
1261 3855 1300 3921 V.

1165 4038 1202 4123 ς.
1251 4032 1362 4108 ΧΙΧ.

643 4160 709 4231 Vix
723 4186 817 4235 erant
831 4164 1029 4256 concordata
1046 4167 1236 4240 Germania
1250 4189 1287 4236 ex
1303 4189 1444 4261 utraque
1461 4188 1555 4262 perte
1571 4188 1738 4263 acceptata
1754 4165 1785 4237 dt
1804 4162 1995 4261 subscripta,

528 4251 593 4326 suar
608 4257 658 4325 rei
674 4258 855 4331 velificatus
869 4269 897 4333 F
899 4259 1059 4334 ridericus
1078 4262 1117 4333 nb
1134 4264 1251 4335 eodem
1275 4263 1437 4336 Pontifice
1461 4266 1606 4338 Nicolao
1621 4271 1663 4336 V.
1691 4266 1855 4336 indultum
1871 4266 1997 4359 prima.-

527 4354 655 4423 riurum
671 4377 808 4449 precum
825 4363 923 4452 periit
940 4383 1039 4457 atquc
1061 4364 1274 4457 impetravit,
1300 4384 1370 4432 turn
1387 4366 1475 4433 enirn
1495 4364 1697 4458 ejuscemodi
1713 4359 1864 4432 Pontifici
1881 4359 1996 4454 sugge·

527 4472 604 4521 rere
620 4453 760 4522 maxime
782 4477 1011 4622 opportunum
1026 4456 1134 4540 cesari
1151 4455 1276 4542 fuerat,
1294 4485 1411 4556 utpote
1428 4463 1485 4555 qui
1505 4461 1548 4531 oli
1571 4463 1781 4532 concordiam
1798 4462 1908 4531 Curiae
1932 4462 1999 4530 Ro·

528 4570 634 4620 manc
655 4548 796 4621 multum
841 4576 1010 4636 aventem,
1030 4579 1047 4625 a
1064 4553 1096 4627 se
1115 4559 1256 4629 maxime
1288 4582 1501 4653 promotam,
1526 4559 1614 4655 apud
1637 4555 1745 4628 sedem
1769 4555 1998 4654 Apostolicam

1861 4750 2001 4830 modam
