5017 5592
673 633 771 732 ‘ou
783 651 913 751 June
935 648 1202 728 cnusnnuo
1217 645 1590 774 tutnnutnuun
1610 641 1830 732 cnecon.
1944 686 2011 762 143

531 839 638 938 phum
654 839 700 916 11.
726 837 760 906 in
777 834 927 931 imperio
948 854 1171 925 exceperunt,
1198 836 1424 928 Imperatores
1448 834 1630 914 Matthias,
1651 835 1889 909 Ferdinandus
1905 842 1950 911 11.
1978 841 2014 914 dr

534 935 766 1010 Ferdinandus
789 927 852 1004 ill.
872 931 925 1023 jus
948 932 1185 1026 primariorum
1206 955 1363 1026 precum,
1386 958 1451 1002 non
1467 931 1525 1003 nifi
1548 943 1768 1028 impetratos
1794 935 2011 1010 Pontificibus

530 1035 716 1132 diplomate
742 1027 937 1132 Apostolico
963 1027 998 1117 l)
1033 1051 1263 1099 exercuerunt.
1326 1030 1395 1100 Sub
1427 1032 1479 1101 his
1511 1032 1777 1126 imperatoribus
1819 1036 2012 1110 collatores

529 1137 720 1206 Germaniae
739 1133 856 1224 primis
875 1126 1030 1223 precibus
1046 1126 1183 1220 jamjam
1201 1122 1333 1209 assueti,
1351 1130 1561 1224 inquantum
1580 1155 1696 1203 earum
1712 1127 1921 1205 substantiam
1937 1131 2012 1228 spe·

526 1230 654 1313 Elabar,
678 1230 767 1300 haud
792 1221 951 1318 refragati
975 1221 1065 1308 sunt3
1091 1221 1214 1319 siquid
1232 1248 1314 1295 vero
1336 1250 1453 1298 eontra
1477 1224 1595 1300 llatuta
1618 1227 1934 1316 &eonsuetudines
1951 1236 2017 1302 Ec·

525 1327 733 1404 elebatuma
755 1323 903 1422 prectllis
928 1347 1090 1393 tentatum
1111 1317 1192 1402 furt,
1215 1345 1272 1392 aut
1292 1321 1348 1393 ubi
1367 1349 1406 1394 ex
1423 1328 1557 1421 antiqua
1577 1322 1816 1399 consuetudine
1840 1353 2012 1424 nunquam
2071 1321 2075 1368 3

526 1427 692 1522 ejusmodi
716 1448 831 1519 preces
852 1417 994 1492 admillae
1017 1420 1106 1501 suut,
1133 1418 1283 1516 precillia
1310 1423 1420 1493 aditus
1436 1424 1476 1492 ad
1498 1447 1537 1493 ea
1558 1421 1736 1506 beneficia,
1760 1424 1802 1496 ab
1824 1449 2012 1499 extremum

527 1519 793 1621 repugnantibus
809 1518 979 1599 Eccleltis,
999 1516 1196 1590 interclusus
1211 1513 1294 1598 fuit,
1319 1544 1375 1591 sut
1398 1545 1437 1591 er
1460 1522 1763 1617 ignorantirjuris,
1787 1523 1840 1594 rel
1864 1525 2013 1619 politicis

527 1620 774 1695 rationibus‘ad
798 1620 938 1711 gratiam
959 1614 1131 1688 cesaream
1154 1615 1410 1709 aucupandam,
1440 1615 1504 1691 live
1522 1623 1561 1700 ¹in
1585 1616 1737 1692 favorem
1767 1620 1933 1716 preciilae,
1955 1645 2013 1696 aut

526 1720 826 1890 lllllt³lll‘⁰‘
837 1710 1133 1910 fl‘ltlll‘l‘
1145 1711 2012 1909 llll}lllll‘.llllllllll‘slll·

526 1916 630 1990 derici
646 1937 719 1987 evo
734 1935 841 2009 usque
858 1912 898 1981 ad
918 1910 1083 2005 Leopoldi
1102 1911 1127 1979 l.
1153 1931 1308 2006 tempora
1331 1912 1599 2007 imperatoribus
1615 1938 1638 2000 a,
1657 1911 1733 1985 sede
1752 1913 1944 2008 Apollolico
1963 1920 2012 1986 in·

527 2014 618 2087 dulta
638 2018 826 2108 primarum
854 2033 992 2107 precum
1008 2004 1072 2079 esse
1094 2005 1240 2090 donata,
1265 2008 1469 2081 variantibus
1489 2035 1729 2112 nonnunquam
1753 2009 1812 2084 sub
1840 2009 2010 2100 formulis,

528 2110 730 2212 quandoque
743 2106 986 2206 emplioribus,
1011 2103 1105 2177 subin
1122 2108 1227 2199 magis
1242 2103 1416 2180 restriilis.

564 2278 604 2360 ι)
625 2273 781 2358 Lllnigiua
792 2270 889 2336 Toto.
903 2273 956 2338 eit.
973 2292 1045 2358 pag.
1061 2290 1134 2355 521.
1151 2273 1284 2337 exhibet
1303 2275 1382 2338 illud
1397 2275 1566 2342 indultum.

509 2361 522 2396 ⁹
566 2397 604 2482 lt)
621 2393 710 2459 ldent
723 2392 820 2457 telett
838 2390 994 2456 indultum
1011 2389 1097 2454 Pauli
1115 2389 1154 2458 V.
1170 2391 1315 2456 Matthia
1327 2395 1367 2456 de
1382 2413 1468 2456 auno
1483 2395 1571 2460 1612.
1590 2391 1741 2539 {jusdem
1758 2395 1952 2461 ferdinando
1965 2399 2010 2468 11.

636 2478 677 2542 de
692 2495 778 2540 anun
801 2475 892 2552 1620.
905 2474 1061 2536 datum&
1078 2472 1247 2536 formulam
1261 2476 1443 2539 consuetam
1458 2495 1586 2559 precum
1624 2478 1784 2542 erdiuandi
1798 2480 1839 2544 ll.
1853 2482 1906 2544 ubi
1922 2501 2012 2546 men·
2110 2521 2113 2526 ·

636 2562 688 2624 tio
715 2558 753 2622 fit
777 2557 1014 2620 consuetudinis
1033 2558 1127 2620 etiarn
1144 2555 1340 2622 authoritate
1355 2558 1539 2639 Apostolica
1563 2578 1619 2640 pet
1631 2561 1762 2624 Psuluru
1780 2561 1820 2626 VJ
1839 2565 2010 2631 roboratae.

636 2640 713 2707 Vid.
726 2643 779 2703 cit.
796 2638 891 2739 Toni.
910 2659 937 2721 p.
959 2657 1115 2785 {313532
1131 2637 1165 2701 dr
1183 2638 1264 2721 seqq.
1289 2639 1323 2703 dr
1337 2641 1505 2725 Oligeniua
1519 2644 1551 2706 in
1569 2643 1624 2707 cit.
1639 2639 1763 2741 Dill'ettt
1777 2644 1810 2725 S.
1823 2642 1892 2710 Lll.
1904 2648 2009 2712 indul·

635 2734 707 2792 tuuc
723 2723 843 2793 Utbaut
858 2720 945 2790 VllL
983 2720 1153 2786 erdrnando
1171 2720 1228 2787 lll.
1248 2724 1440 2812 auno-1638.
1454 2721 1634 2789 concessum
1652 2725 1790 2790 adducit.

1174 2927 1206 3017 l·
1255 2923 1391 3001 xxv.
1469 3015 1475 3026 ,

638 3079 709 3155 snb
722 3077 898 3178 leopoldo
914 3082 1126 3177 Imperatore
1141 3079 1204 3151 alia
1220 3103 1336 3152 rerum
1353 3075 1455 3154 facies
1477 3078 1612 3153 indubia
1633 3075 1700 3156 fuit
1714 3084 1802 3155 cirea
1825 3077 1920 3153 ulum
1937 3086 2006 3180 pri.

533 3180 706 3254 mariarum
733 3203 899 3279 precum,
921 3203 998 3249 cum
1021 3183 1110 3249 enim
1136 3179 1309 3275 bucusque
1331 3176 1423 3250 sedes
1443 3178 1635 3278 Apostolica
1660 3182 1725 3252 tale
1748 3181 1914 3252 induitum
1939 3207 2007 3256 nou

491 3318 496 3330 ·
532 3279 743 3360 concederet,
765 3274 823 3348 nist
872 3275 1022 3372 ostquam
1046 3273 1233 3349 neo·ele8·1
1254 3282 1482 3373 Imperatores
1500 3281 1646 3372 legatum
1671 3275 1845 3360 miserunt,
1870 3283 1929 3376 qui
1953 3295 2008 3351 eo·

531 3402 600 3450 tum
621 3380 758 3448 nomine
780 3301 1089 3447 obedientiarium
1114 3378 1336 3448 reverentiam
1359 3373 1575 3449 Pontificibus
1601 3376 1808 3460 devoveret,
1830 3375 1864 3448 dt
1887 3378 2008 3450 deinde

530 3473 813 3548 confirmationem
836 3469 1008 3544 eleilionis
1035 3473 1102 3563 (uri
1119 3477 1220 3544 Curia
1237 3476 1386 3543 Romana
1402 3475 1599 3571 pretendit)
1615 3481 1833 3570 impetraret:
1860 3477 2007 3566 Leopol·

529 3574 585 3646 dus
600 3598 734 3654 autem,
757 3568 916 3641 intestinis
933 3570 965 3640 dt
990 3572 1126 3641 incertis
1146 3573 1284 3662 agitatus
1306 3570 1419 3654 bellis,
1437 3597 1504 3644 tam
1521 3571 1689 3643 solennem
1709 3572 1744 3642 dr
1763 3575 1907 3643 maxime
1922 3573 2007 3644 sum·
2072 3647 2077 3654 ,

529 3670 677 3770 ptuosam
696 3695 761 3767 pro
774 3665 1000 3740 conservando
1018 3671 1157 3764 imperii
1174 3671 1295 3738 decore
1315 3667 1514 3759 legationem
1528 3670 1569 3738 ad
1585 3666 1696 3739 sedem
1711 3666 1939 3765 Apostolicam
1958 3671 2007 3742 di·

529 3774 635 3864 rigere
651 3770 825 3864 nequiret,
850 3766 939 3864 apud
955 3766 1180 3836 Alexandrum
1195 3769 1273 3835 Vll.
1288 3789 1358 3836 tum
1374 3764 1568 3838 Pontificem
1581 3763 1698 3839 inllitit
1715 3791 1777 3864 per
1792 3767 2006 3841 cardinalem
2074 3827 2084 3840 .

529 3867 565 3943 de
584 3862 697 3942 Hallia
712 3862 808 3937 suum
830 3865 919 3960 apud
937 3863 1081 3935 eundem
1106 3863 1252 3954 legatum
1277 3864 1513 3946 ordinarium,
1536 3888 1573 3937 ut
1592 3861 1660 3935 fine
1686 3865 1852 3958 legatione
1871 3861 2006 3961 speciali

529 3964 847 4040 &extraordinaria
873 3961 966 4058 (quae
992 3987 1010 4031 a
1032 3964 1191 4032 Romanis
1214 3961 1336 4053 legatio
1358 3961 1576 4046 obedientiae,
1598 3991 1616 4034 a
1636 3965 1817 4036 Germanis
1833 3988 1900 4034 non
1921 3988 2003 4061 pau·

528 4070 570 4138 tia
592 4063 788 4138 reverentie
805 4061 837 4132 dt
857 4061 1005 4156 obsequii
1028 4061 1208 4150 vocitatur)
1234 4059 1266 4129 dt
1291 4060 1346 4130 abs
1375 4087 1414 4130 ue
1436 4085 1484 4132 tot
1502 4060 1652 4157 sumptus
1674 4061 1893 4152 abliguriente
1909 4088 2006 4159 pom·

528 4187 567 4260 pa
582 4159 785 4237 eleilionem
802 4158 1016 4238 admitteret,
1041 4163 1083 4251 a)
1109 4182 1225 4228 verum
1247 4085 1399 4229 Pontiier
1423 4155 1640 4230 tenacisbmus
1666 4158 1764 4251 hujus
1787 4166 2005 4244 caeremoniae,

527 4265 662 4343 onena,
675 4284 719 4331 are
734 4259 896 4355 paulatim
914 4258 966 4327 hic
984 4279 1076 4333 mus,
1100 4259 1158 4350 qui
1174 4255 1213 4325 ad
1228 4253 1352 4348 infigne
1367 4254 1450 4327 ledis
1469 4254 1667 4353 Apollolicae
1682 4258 1781 4327 decus
1797 4257 1916 4330 cedere
1932 4284 2004 4332 cte·
2044 4285 2048 4290 ·

527 4359 687 4441 debatur,
711 4362 746 4427 in
770 4354 1020 4426 deluetudinem
1045 4352 1171 4432 abiret,
1200 4351 1359 4423 secuturis
1384 4352 1644 4450 imperatoribus
1660 4376 1701 4425 eo
1725 4356 1904 4453 exemplo,
1926 4359 2007 4429 licet

526 4481 575 4530 res
598 4456 793 4532 Germania
816 4449 959 4523 feliciori
976 4451 1007 4522 dr
1026 4453 1185 4545 pacatiori
1201 4455 1235 4518 in
1258 4448 1340 4521 llatu
1365 4450 1521 4549 deinceps
1544 4447 1670 4535 client,
1693 4451 1913 4550 imposterum
1929 4453 2005 4526 usu·

525 4558 593 4638 tis,
624 4557 776 4655 diploma
799 4546 1061 4621 confirmationis
1085 4547 1257 4621 eleblionis
1284 4552 1339 4641 (ut
1361 4552 1502 4620 Romani
1532 4575 1573 4646 sp
1601 4552 1719 4642 ellant)
1746 4553 1927 4623 concedere
1948 4551 2004 4623 de·

524 4653 696 4742 nestorii,
719 4646 780 4725 nifi
802 4649 932 4758 legatus
947 4646 1105 4725 caesareus
1128 4649 1170 4723 ad
1193 4647 1283 4723 hunc
1303 4645 1476 4747 speciatim
1496 4577 1658 4726 effutiunt
1683 4645 1822 4735 utilius,
1848 4645 2003 4817 consupra

1290 4787 1293 4792 ·
1967 4768 2002 4824 0⁸.
