5017 5592
1079 639 1730 770 urssuttunx'rl'o.

744 833 843 902 tinule
857 830 913 897 usu
932 830 1043 895 venire
1063 828 1160 905 solet,
1182 828 1220 892 de
1237 825 1390 892 sacultate
1408 827 1579 892 exercendi
1593 825 1635 891 stc
1655 827 1947 913 interpretabimur,
1967 837 2022 904 ut,
2040 850 2109 914 quo

744 920 823 985 luco
842 915 942 979 Caesar
957 933 1041 976 anno
1061 915 1151 994 1624
1171 910 1223 994 jus
1250 912 1465 995 primitiarum
1483 929 1612 994 precum
1633 931 1784 976 exercete
1804 910 1972 996 potuisset,
1993 915 2111 982 eodem

769 1019 844 1063 otto
858 1008 1027 1072 exerceat,
1044 996 1101 1060 etst
1118 993 1206 1059 disto
1229 1013 1314 1057 auno
1334 994 1422 1055 nullu
1442 993 1567 1057 occasto
1586 993 1656 1076 ejua
1679 996 1848 1059 exercendi
1870 994 1993 1061 suerit?
2016 1042 2025 1061 .
2047 1043 2111 1065 ...

764 1095 858 1165 taque
877 1100 941 1164 ego
957 1079 1036 1149 hoc,
1058 1080 1111 1142 ubi
1124 1078 1288 1150 exercuit,
1307 1074 1348 1144 fic
1368 1077 1533 1160 intelligo,
1557 1071 1613 1140 'ubi
1632 1076 1816 1142 facultatem
1832 1077 1942 1142 babuit
1956 1098 2112 1145 exercen-

746 1168 798 1240 di,
816 1183 887 1247 quae
905 1163 927 1227 si
943 1161 1195 1228 contradiftione
1208 1172 1263 1226 aut
1282 1160 1500 1245 prohibitione
1516 1161 1645 1232 alteriue
1666 1163 1695 1225 ei
1716 1162 1810 1224 dubia
1831 1159 1981 1234 sustulit,
2007 1164 2053 1227 ita
2072 1173 2111 1229 ut

632 1251 637 1268 '
746 1249 827 1313 aliua
841 1250 873 1310 in
890 1244 1075 1330 possessione
1095 1243 1282 1329 probibendi
1294 1258 1362 1307 turn
1379 1244 1492 1314 suerit,
1516 1244 1617 1307 Caesar
1631 1266 1674 1307 ex
1688 1256 1794 1307 mente
1814 1244 2036 1326 paciscentium
2050 1267 2111 1311 ex·

745 1330 929 1398 lstimandus
948 1331 1008 1400 erit
1026 1348 1091 1392 uon
1108 1327 1300 1402 exercuisse,
1323 1329 1394 1408 quia
1415 1345 1565 1392 exercere
1581 1346 1646 1388 uon
1664 1339 1808 1409 poterat,
1831 1328 1936 1390 alieno
1954 1327 2110 1394 factottu-

543 1453 562 1470 -.
745 1415 871 1498 peditus
882 1431 900 1475 t·
912 1412 943 1476 in
964 1413 1094 1475 eandem
1107 1412 1290 1475 sententiam
1303 1411 1407 1473 abiete
1419 1409 1547 1475 Textor
1563 1412 1679 1474 citatus
1690 1411 1771 1492 apud
1781 1412 1938 1493 Aytetum
1952 1412 2005 1474 cit.
2016 1431 2110 1476 com·

612 1535 619 1548 ι
745 1504 878 1560 mentat.
901 1513 967 1575 cap.
985 1493 1027 1557 ll.
1049 1494 1082 1573 §-
1098 1491 1156 1559 lx.
1187 1492 1441 1592 Kemtnetichius
1460 1491 1583 1556 Introd.
1603 1493 1709 1590 adjus
1728 1493 1812 1575 publ.
1834 1492 1902 1592 Lib:
1917 1492 1959 1559 V.
1984 1493 2060 1577 Cap.
2075 1514 2110 1576 4,

746 1571 2111 1739 l,llll.dissimuleturullibistultusturbidulis:

740 1739 841 1804 fabro
861 1747 889 1807 ln
911 1746 959 1807 ιιι
979 1740 1246 1822 &intruserant
1268 1736 1363 1802 Toto.
1379 1759 1427 1821 51.
1447 1739 1481 1804 C.
1499 1738 1587 1806 VIII.
1609 1737 1642 1801 dt
1664 1738 1786 1813 Moser,
1815 1741 1865 1802 cui
1879 1738 1943 1802 hoc
1962 1740 2110 1825 scripturn

740 1824 862 1888 natales
877 1821 951 1888 suoa
964 1822 1074 1898 debetr
1100 1825 1129 1892 iu
1143 1826 1190 1893 brt
1205 1820 1425 1903 &leiusticum
1444 1841 1530 1887 auno
1546 1833 1636 1907 1728.
1659 1821 1692 1890 P.
1714 1821 1740 1890 Ι.
1757 1842 1788 1905 p.
1804 1840 1874 1907 13²·
1891 1839 1961 1907 ¹34·

1274 2037 1308 2122 t·
1335 1997 1468 2108 'xttn

743 2199 829 2271 Haec
844 2218 1039 2293 argumenta
1058 2196 1137 2273 licet
1158 2197 1303 2298 speciem
1326 2224 1393 2272 non
1417 2200 1569 2293 exiguam
1587 2198 1736 2272 veritatis
1754 2195 1914 2281 habeant,
1938 2194 2039 2295 plene
2060 2218 2110 2272 re·

627 2318 705 2380 men
721 2293 897 2369 sanilionis
916 2304 950 2371 P.
967 2304 1020 2371 W.
1036 2302 1069 2370 in
1083 2298 1173 2370 dieto
1188 2300 1282 2396 §pho
1297 2300 1395 2372 edita
1411 2296 1538 2370 sensum
1553 2298 1706 2371 evolvere
1721 2297 1810 2369 haud
1825 2294 1991 2378 arbitror,
2018 2321 2055 2370 ac
2069 2299 2107 2369 iu

627 2395 773 2467 mediam
789 2399 902 2493 potius
918 2394 1112 2469 seutentiam
1136 2398 1302 2479 concedo,
1333 2423 1398 2491 qua
1416 2395 1577 2469 &verbis
1599 2395 1633 2467 dt
1651 2398 1754 2467 menti
1778 2391 2014 2491 paciscentium
2039 2418 2111 2466 ma·

627 2495 679 2586 gia
696 2490 947 2565 consentaneam
969 2495 1003 2563 in
1025 2494 1175 2565 medium
1195 2518 1249 2564 me
1273 2496 1461 2588 producere
1484 2518 1563 2566 teor
1581 2497 1911 2590 interpretationem:
1945 2515 1982 2564 ae
2005 2491 2110 2566 talem

626 2585 691 2662 esse
706 2588 873 2672 existimo,
897 2614 971 2685 quc
986 2593 1189 2687 Imperatori
1207 2593 1240 2660 in
1259 2594 1300 2662 iia
1321 2589 1427 2663 solum
1450 2588 1699 2663 fundationibus
1721 2590 1873 2664 mediatis
1896 2594 1941 2663 A.
1957 2591 1997 2662 C.
2016 2587 2110 2662 addi·

626 2684 754 2783 flitjus
773 2690 1009 2784 primariorum
1025 2714 1164 2786 precum
1178 2687 1312 2771 tribuit,
1336 2687 1394 2761 ubi
1407 2688 1461 2763 die
1480 2717 1508 2759 ι.
1524 2694 1598 2786 Jan.
1621 2695 1723 2775 1624.
1747 2686 1892 2760 velante
1913 2685 2004 2758 diem
2027 2687 2109 2763 vere¹

625 2784 662 2857 id
679 2788 842 2870 exercuit,
871 2811 906 2857 ac
923 2789 957 2856 in
977 2787 1049 2879 ejus
1068 2781 1259 2883 possesllone
1274 2780 1351 2859 suit.
1383 2788 1421 2876 a)
1468 2787 1522 2858 Ad
1544 2788 1627 2857 hanc
1648 2782 1885 2882 expositionem
1905 2781 2110 2880 ampledleu·
2142 2795 2146 2800 '

627 2883 704 2953 dam
722 2880 893 2980 sequentia
907 2907 961 2954 me
977 2884 1145 2955 adducunt
1158 2906 1339 2957 momenta.
1389 2889 1415 2956 l.
1431 2889 1520 2980 Quia
1536 2882 1676 2956 verbum
1699 2888 1833 2955 exercuit
1855 2884 1889 2951 in
1912 2879 2006 2954 sensu
2010 2905 2109 3051 1pru·
2137 2905 2151 2916 ·

625 2982 706 3076 prio
722 3004 759 3051 ac
773 2982 943 3052 communi
958 2977 1128 3077 sumptum
1143 2980 1275 3077 semper
1295 2981 1430 3054 denotat
1445 2981 1555 3054 aslum
1573 2983 1735 3062 exercitii,
1762 3006 1780 3051 a
1799 3005 1866 3074 quo
1881 2983 1994 3052 nativo
2024 2980 2109 3074 agui·

626 3073 726 3149 ficato
741 3100 780 3149 et
799 3075 924 3169 regulis
939 3076 1034 3149 bonae
1053 3081 1359 3175 interpretationis,
1383 3078 1448 3153 fine
1470 3083 1562 3174 gravi
1580 3077 1672 3150 causa
1688 3078 1911 3150 recedendum
1935 3074 2105 3162 haud-eli,
2144 3147 2151 3168 ,

626 3199 793 3272 quaecum
814 3174 869 3246 hic
885 3200 951 3247 uon
964 3174 1077 3260 subfit,
1102 3200 1140 3248 nt
1161 3178 1196 3272 ly
1214 3184 1348 3251 exercuit
1371 3179 1412 3250 de
1432 3173 1588 3249 facultate
1605 3176 1778 3248 exercendi
1800 3199 1876 3246 cum
1899 3175 1993 3248 nullo
2013 3171 2106 3272 fastu

626 3295 721 3344 antea
738 3271 852 3345 habito
867 3273 1043 3369 coujunfla
1058 3277 1257 3369 accipiatur,
1282 3272 1375 3349 reste
1391 3272 1536 3372 ptaefatae
1553 3275 1820 3371 interpretationi
1843 3270 2038 3369 adslipulari
2052 3269 2106 3348 fae

626 3367 683 3444 est.
721 3374 765 3442 Il.
793 3372 881 3468 Quia
896 3369 990 3445 sicuti
1010 3374 1208 3445 Conditores
1224 3377 1261 3447 P.
1280 3379 1336 3447 W.
1353 3376 1385 3444 in
1402 3374 1473 3445 aliis
1492 3369 1741 3451 controversiis,
1764 3373 1850 3442 eirca
1865 3374 2001 3463 negotia
2016 3395 2106 3470 pre·

625 3470 747 3568 primia
759 3466 970 3543 ecclesiastica
985 3474 1125 3553 exortis,
1151 3471 1366 3552 dirimendis,
1392 3474 1437 3542 ita
1454 3472 1487 3545 dt
1502 3474 1534 3541 in
1548 3472 1607 3541 lite
1623 3472 1709 3541 circa
1722 3468 1775 3565 jus
1784 3471 2021 3565 primariorum
2028 3491 2109 3639 pre·

625 3591 701 3639 eum
719 3568 939 3640 exercendum
956 3568 1089 3642 tandem
1113 3567 1273 3652 finienda,
1306 3570 1347 3640 ad
1371 3567 1473 3640 solam
1497 3564 1723 3666 possessionem
1746 3564 1979 3662 respexerunt,
2014 3569 2026 3639 i
2051 3591 2112 3642 eo·¹

625 3689 752 3758 queue
776 3670 870 3737 novis
895 3665 1009 3738 litibus
1035 3668 1307 3764 implicarentur,
1338 3671 1519 3739 terminum
1544 3667 1644 3759 hujus
1663 3667 1748 3761 juris
1769 3666 1925 3738 exercitio
1952 3664 2106 3739 decretu·

624 3761 931 3861 riumtposuerunt,
957 3787 994 3835 ut
1013 3763 1117 3837 isthoc
1136 3768 1189 3859 jus
1206 3769 1483 3859 imperatorium,
1508 3764 1600 3861 quod
1623 3764 1682 3835 diu
1703 3767 1738 3833 iu
1760 3759 1824 3835 suis
1847 3760 2017 3846 Ecclesia,
2056 3785 2106 3838 re·

624 3857 728 3932 flante
748 3858 885 3931 historia
903 3858 1057 3957 ptaefira,
1080 3860 1244 3936 sublatum
1268 3863 1467 3945 voluerunt,
1496 3885 1589 3936 certo
1609 3858 1867 3959 circumseptum
1885 3856 1964 3933 esset
1982 3861 2107 3947 limite,

624 3981 726 4052 quem
743 3956 905 4030 transilire
922 3983 988 4029 non
1009 3957 1130 4056 pollet:
1167 3982 1200 4032 at
1219 3958 1241 4031 st
1268 3961 1308 4032 de
1328 3956 1485 4034 facultate
1507 3960 1680 4034 exercendi
1701 3964 1759 4031 To
1782 3964 1917 4032 exertrtit
1941 3959 2108 4057 accipien-

625 4055 705 4126 dum
724 4052 829 4139 foret,
854 4053 991 4152 scopum
1015 4054 1109 4129 suum
1129 4057 1218 4131 haud
1241 4055 1433 4151 attigissent:
1469 4062 1534 4132 ΙΙΙ.
1558 4059 1636 4154 quia
1656 4058 1757 4129 iidem
1776 4054 1975 4155 paciscentes
1999 4053 2108 4140 Cresc-

624 4163 838 4248 ueaa‘ptecea
856 4157 889 4224 in
914 4154 1064 4227 Ecclestis
1087 4157 1240 4229 mediatis
1263 4156 1504 4249 protestanticis
1525 4158 1630 4247 magis
1654 4154 1909 4237 reslrinretunt,
1942 4177 2045 4252 quam
2067 4153 2106 4228 iu

620 4250 843 4331 immediatis,
869 4252 995 4349 idquod
1012 4255 1143 4326 rursum
1165 4256 1235 4325 haec
1259 4251 1438 4337 sententia,
1465 4279 1565 4350 quam
1591 4277 1809 4349 quaerentum
1831 4252 1925 4324 illum
1946 4253 2105 4325 demere

624 4341 782 4418 facultate
797 4352 968 4420 exercendi
982 4354 1156 4446 intelligit,
1179 4352 1299 4423 clarina
1316 4354 1467 4448 explicat.
1519 4356 1580 4426 lV.
1607 4355 1696 4449 Quia
1710 4376 1748 4424 ex
1770 4352 1831 4422 hae
1852 4348 2014 4422 sententia
2033 4375 2104 4424 nou

624 4440 791 4613 sepultor,
818 4448 866 4515 uti
882 4471 920 4516 ex
935 4451 1053 4530 altera,
1081 4450 1178 4523 aliter
1196 4446 1319 4521 senfilse
1336 4447 1557 4546 paciscentes,
1584 4451 1681 4521 aliter
1696 4449 1826 4522 locutos
1843 4443 1925 4530 esse,
1947 4440 2104 4545 adeoque
2133 4495 2137 4500 -

623 4541 902 4615 recreationibus
919 4546 1115 4619 mentalibus
1135 4572 1234 4620 unam
1253 4546 1293 4618 ab
1313 4549 1415 4619 altera
1434 4571 1529 4644 parte
1544 4542 1638 4619 fuisse
1660 4546 1846 4646 deceptam.
1905 4551 2001 4618 Nam
2024 4569 2105 4619 curu
2147 4567 2151 4572 ·

623 4664 753 4719 eertum
768 4638 937 4733 rideatur,
963 4643 1183 4745 protestante·
1200 4668 1318 4723 terum
1336 4645 1507 4744 quoddam
1523 4647 1736 4736 exercitium,
1766 4647 1802 4722 id
1819 4642 1885 4735 att,
1913 4667 2030 4723 reram
2049 4642 2106 4759 ju·
