5017 5592
552 607 622 684 ou
645 599 908 692 nououutt
933 596 1631 726 uccunstasitcoqornutuut
1655 597 1902 727 contuor.
1929 623 2006 716 6ir

524 809 592 883 quc
607 783 742 857 titulum
758 781 958 881 pollcslionis
972 784 1089 860 edere:
1116 780 1175 857 nist
1198 780 1341 858 Ecclelia
1354 779 1387 857 se
1410 779 1574 866 fundetin
1597 789 1859 894 praescriptione
1879 785 2019 872 immae

519 887 633 956 nitatis
649 885 904 966 immemoriali,
931 910 996 980 qua
1012 880 1108 957 semel
1125 882 1266 980 probata
1279 883 1457 980 praedium
1478 886 1678 983 quaestionis
1699 892 1921 988 praesumitur
1937 893 2001 971 else

522 982 652 1060 dotale,
678 984 721 1053 ita
738 1006 773 1051 ut
797 979 873 1053 fisco
894 984 982 1054 ciuili
1003 981 1157 1056 colleciaa
1180 981 1411 1080 praetendenti
1437 985 1606 1060 incumbat
1621 992 1794 1086 probatio,
1819 994 2000 1094 praedium

517 1079 604 1154 illud
622 1078 771 1151 Cataslro
787 1080 923 1180 publico
938 1077 1002 1153 else
1021 1086 1293 1251 incoqporatum,
1319 1082 1530 1179 proindeque
1547 1088 1785 1170 adventitium3
1810 1115 1886 1164 cuni
1907 1096 2000 1166 eninr

519 1177 643 1252 dotalia
658 1203 697 1248 eit
712 1175 942 1250 demonstratis
957 1177 1088 1277 semper
1115 1204 1162 1253 int
1178 1205 1195 1251 a
1212 1177 1345 1251 tributis
1360 1179 1537 1263 immunia,
1565 1183 1744 1258 adventitia
1760 1213 1840 1262 vero
1853 1189 1905 1260 his
1919 1189 2002 1262 sem·

515 1303 582 1378 pet
596 1275 743 1360 subdita,
771 1278 846 1349 hinc
862 1277 1001 1373 probata
1020 1280 1150 1376 praedii
1173 1277 1346 1374 cujusdam
1371 1275 1595 1364 ecclesiastici,
1621 1283 1663 1354 de
1687 1308 1755 1381 quo
1770 1310 1836 1357 non
1856 1285 1999 1371 constat,

517 1376 631 1450 dotale
648 1373 685 1446 stt
699 1400 740 1445 an
752 1375 988 1458 adventitium,
1010 1379 1237 1458 immunitate,
1261 1372 1485 1472 praesumitur
1500 1378 1660 1452 iliudeile
1677 1382 1804 1466 dotale,
1825 1383 1906 1457 ficut
1921 1410 2002 1484 pro·
2055 1395 2061 1405 “
2153 1377 2157 1384 ’

515 1474 595 1549 bata
608 1472 677 1568 ejus
693 1472 958 1547 incatalltatione
973 1473 1196 1571 praesumitur
1213 1472 1277 1550 else
1292 1474 1528 1563 adventitium,
1550 1481 1683 1577 eoquod
1696 1480 1773 1578 juta
1784 1481 2000 1581 praesumant

515 1573 573 1658 id,
603 1572 694 1668 quod
715 1576 937 1645 communiter
951 1570 1001 1647 fit.

1185 1707 1222 1794 S.
1276 1704 1318 1780 L.

637 1838 919 1936 Qtandoquidem
939 1863 1021 1933 ergo
1043 1865 1082 1913 er
1100 1839 1333 1938 praededuliis
1358 1842 1586 1914 immunitate
1607 1842 1742 1917 tributis
1757 1838 1885 1916 nonnisi
1898 1838 2000 1916 bonit

515 1936 739 2014 Eeclcliarum
760 1937 926 2009 dotalibus
946 1941 1125 2036 competit,
1142 1938 1311 2034 simusque
1331 1965 1411 2011 vero
1433 1964 1473 2011 ex
1493 1938 1570 2012 solia
1595 1945 1792 2039 Principum
1811 1940 2000 2038 privilegiit

516 2036 709 2117 descendit,
732 2039 906 2130 quaeritur
924 2061 1029 2118 nunc,
1054 2062 1095 2107 an
1115 2036 1292 2133 privilegia
1312 2041 1560 2110 immunitatum
1582 2036 1678 2111 bonis
1696 2039 1917 2113 Ecclestarum
1940 2037 2001 2114 du·

514 2135 641 2211 talibus
661 2130 805 2206 concessa
830 2159 848 2204 a
868 2134 1096 2230 Principibus,
1117 2137 1229 2207 invitia
1253 2138 1353 2206 etiam
1374 2132 1551 2220 Ecclestia,
1575 2139 1742 2222 revocari,
1767 2135 1922 2236 bonaque
1937 2133 1998 2210 isla
2069 2201 2072 2206 .

514 2235 685 2308 continuis
701 2256 801 2329 atque
819 2231 998 2305 ordinariis
1015 2230 1132 2305 lleutia
1147 2232 1290 2329 publicis
1311 2231 1426 2330 subjici
1443 2238 1594 2330 queant?

636 2368 735 2438 Ratio
754 2364 929 2454 dubitandi
944 2363 990 2439 eil
1008 2366 1088 2438 hoec
1106 2391 1114 2434 :
1141 2364 1319 2459 Privilegia
1333 2370 1434 2439 ratiia'
1457 2391 1497 2440 cx
1518 2364 1619 2439 caulis
1635 2364 1766 2468 poffunt
1783 2366 1892 2442 valide
1911 2365 2000 2441 &li-

515 2465 586 2539 cite
609 2468 777 2549 ret·ocati;
796 2464 865 2561 jam
884 2489 966 2536 veto
989 2466 1216 2535 immunitates
1236 2462 1468 2537 ecclesiasticae
1488 2465 1566 2538 solis
1586 2468 1805 2560 regulariter,
1825 2469 1872 2544 uti
1889 2463 2000 2538 nllcn·

514 2563 649 2645 dimua,
673 2568 824 2634 nituntur
845 2563 1049 2660 privilegiis,
1074 2557 1269 2658 pollethinc
1291 2563 1415 2646 videri,
1438 2590 1492 2636 eaa
1507 2590 1547 2637 ex
1565 2563 1659 2659 justia
1682 2563 1783 2640 causis
1802 2564 1836 2637 dr
1858 2565 1998 2636 rationi·

512 2659 578 2735 but
598 2657 689 2758 polle
706 2665 831 2734 iterum
846 2688 865 2732 a
879 2658 1089 2756 Principibus
1101 2658 1189 2756 julla
1208 2663 1358 2734 revocari
1374 2686 1473 2759 atque
1488 2659 1615 2736 cassari.
1998 2699 2001 2704 ·

635 2799 714 2875 Ita,
740 2794 798 2888 qui
820 2792 905 2864 mihi
926 2793 980 2864 hic
1002 2791 1076 2864 loco
1094 2795 1245 2865 omnium
1266 2791 1363 2878 ello,
1387 2817 1642 2887 argumentatur
1666 2792 1869 2867 dosiiffimua
1890 2797 1999 2867 Vere·

512 2890 664 2966 mundus
686 2917 703 2960 a
726 2887 900 2962 Lochllein
916 2894 948 2961 in
969 2890 1164 2988 pererudito
1181 2914 1285 2987 opere
1299 2890 1374 2972 suo,
1395 2897 1448 2962 cui
1472 2894 1588 2966 titulun
1607 2889 1758 2976 (brunda
1771 2893 1805 2993 l⁰
1821 2889 1914 2982 mobl
1937 2883 1997 2987 stit

512 2987 575 3068 ola
590 2989 697 3067 nibet
710 2987 760 3066 bie
779 2984 935 3083 quissiitlic
951 2982 1152 3067 immunitdt
1167 2988 1201 3068 itt
1219 2986 1380 3084 talilirlicn
1393 2987 1542 3088 minuto
1558 3013 1618 3063 tot.
1639 3015 1711 3089 cap.
1734 3018 1787 3086 ¹3·
1807 2989 1872 3070 ubi,
1885 2989 1998 3062 multo

512 3081 654 3181 insuper
670 3110 833 3185 apparatu
848 3085 1008 3167 ostendit,
1031 3086 1209 3182 suppetere
1226 3087 1435 3185 Principibus
1450 3087 1560 3162 causac
1577 3091 1761 3186 permultae
1784 3113 1908 3188 easque
1921 3110 1998 3185 grae

514 3180 682 3269 riliimas,
708 3186 790 3258 haec
806 3188 1055 3257 immunitatum
1069 3183 1356 3257 ecclesiasticarum
1371 3190 1548 3283 privilegia
1559 3189 1752 3263 revocandi.

1179 3401 1211 3484 ς.
1264 3390 1333 3469 Ll.

635 3528 794 3627 Quicum
817 3522 1029 3599 Lochsleinio
1052 3524 1227 3621 privilegia
1250 3527 1444 3624 Principum
1464 3552 1529 3626 pto
1550 3523 1621 3600 solo
1642 3521 1778 3694 quidem
1800 3516 1995 3593 immunita·

502 3647 591 3700 tum
616 3625 901 3699 ecclesiasticarum
929 3623 1155 3720 principio&
1180 3621 1274 3698 sonte
1291 3627 1497 3706 admittunt,
1525 3652 1580 3698 eas
1604 3631 1638 3722 ip

509 3722 665 3801 obliante
681 3724 914 3798 irrevocabiles
930 3720 992 3795 elle
1009 3722 1213 3794 contendunt
1228 3722 1441 3807 Cononillae,
1462 3728 1555 3796 vario
1569 3724 1600 3795 le
1614 3741 1772 3820 torquent
1787 3717 1907 3799 modo,
1924 3738 1995 3826 qua

511 3827 604 3898 hanc
618 3827 873 3895 lmmunitatum
894 3818 1207 3893 irrevocabilitatem
1230 3820 1474 3894 demonstrent:
1498 3823 1551 3894 alii
1569 3822 1608 3893 ad
1634 3817 1893 3916 acceptationem
1908 3835 1996 3909 equa·

509 3920 610 3996 modi
639 3916 930 4017 privilegioruma
953 3921 1098 3991 Summis
1123 3916 1356 4001 Pontificibus,
1381 3922 1491 4018 praeci
1519 3947 1561 3992 ue
1582 3920 1623 3991 ab
1649 3918 1807 3990 Honorio
1821 3912 1862 4010 a)
1889 3911 1994 3996 totiue

510 4017 681 4096 Ecclesiae
695 4023 830 4091 nornine
845 4015 966 4090 fudam
985 4014 1202 4110 confugiunt,
1224 4019 1386 4115 indeque,
1410 4043 1477 4114 quo
1504 4017 1664 4114 ¹Ecclesia
1684 4012 1777 4086 ltascc
1798 4010 1997 4082 lmmunita·

509 4142 568 4194 tes
583 4113 682 4190 semel
696 4120 934 4213 acceptaverit,
954 4139 1067 4186 earum
1086 4118 1400 4188 irrevocabilitatcm
1416 4114 1583 4198 inserunt3
1604 4116 1659 4185 alii
1679 4136 1759 4186 vcro
1774 4110 1808 4178 in
1832 4106 1934 4180 libera
1949 4103 1997 4178 sa·

509 4241 655 4291 crorum
670 4219 843 4288 Canonum
860 4216 940 4286 haec
953 4217 1204 4285 lmmunitotum
1215 4215 1390 4311 privilegia
1407 4215 1676 4288 confirmantium
1690 4209 1880 4302 receptione
1898 4227 1998 4301 prae·

511 4311 637 4388 fidium
656 4337 839 4410 quaerunt,
862 4310 1076 4406 eidemquest
1098 4336 1165 4385 non
1189 4317 1256 4385 vim
1282 4311 1384 4406 legis,
1408 4312 1521 4388 saltem
1541 4315 1610 4384 vim
1633 4305 1723 4408 pacti
1745 4328 1924 4402 utramque
1944 4304 1996 4374 in·

506 4411 706 4489 violabilem
721 4409 819 4484 iuelle
837 4412 937 4507 ajunt.

480 4637 483 4642 ,
556 4570 598 4657 ι)
619 4565 721 4642 Quam
741 4565 836 4628 refert
857 4557 1039 4628 Petillusttia
1056 4556 1092 4622 L.
1107 4556 1142 4620 B.
1166 4558 1205 4620 de
1225 4556 1447 4640 Sencltenberg
1462 4558 1495 4619 in
1518 4555 1575 4621 suo
1593 4554 1737 4638 Corpore
1758 4550 1823 4626 Jur.
1847 4511 1933 4614 saud.
1960 4564 1994 4627 p.
2140 4597 2147 4606 .

632 4667 706 4731 455.
719 4649 753 4714 in
767 4648 894 4720 verbis:
915 4642 987 4712 Noa
1010 4659 1093 4708 vero
1111 4641 1571 4794 fflMMifflliipuh
1600 4639 1723 4708 Servus
1738 4635 1913 4796 servorun:
1932 4628 1995 4774 Bne}

1656 3649 1689 3694 aa
1712 3644 1819 3693 tamen
1842 3619 1906 3691 hoc
1925 3642 1995 3690 nou
2079 3705 2084 3714 ¹
2122 3709 2125 3714 Ι
