5017 5592
526 653 850 762 incanuit.
866 661 936 740 nc
954 659 1053 762 ms,
1072 662 1220 770 Quia
1239 597 1741 750 truncamnnca‘to
1756 617 1826 748 aa
1878 677 1952 770 52r'

489 843 666 918 >ecretelee
682 835 757 916 sunt'
772 842 966 929 sumendae,
988 842 1079 920 secuti
1094 848 1217 933 iacent,
1237 871 1272 923 et
1291 848 1424 936 reserere
1438 871 1504 920 non
1520 845 1685 943 praeliant
1701 873 1948 946 argumentum.

489 947 569 1015 iane
583 940 806 1016 obleuionem
822 943 989 1016 Doilotea
1004 951 1228 1020 communiter
1237 946 1279 1020 see
1295 944 1483 1017 resoluunt:
1507 953 1636 1020 Verum
1650 945 1715 1030 cll,
1732 951 1864 1035 reserate
1879 973 1948 1022 nou

489 1039 635 1113 traellare'
654 1064 886 1133 argumentum
903 1043 943 1116 ad
958 1049 1153 1115 euertendam
1171 1071 1227 1128 ea,
1256 1069 1340 1143 quae
1366 1043 1614 1133 remanserunt3
1637 1044 1693 1119 sed
1713 1042 1880 1145 praestant
1905 1045 1947 1118 ad

490 1140 689 1242 lustrandum.
742 1145 836 1212 Nam
850 1144 877 1228 fi
893 1151 1027 1233 rejecere
1048 1143 1114 1234 satit
1137 1147 1314 1224 decretalis,
1339 1150 1409 1236 quie
1430 1143 1600 1234 superflue,
1624 1166 1680 1216 eret
1706 1149 1796 1216 nirnir
1816 1149 1947 1240 prolixe,

490 1261 538 1308 tm
553 1243 595 1309 et
616 1243 849 1310 declarationem
872 1246 945 1334 legis
959 1263 1017 1310 non
1040 1243 1191 1330 reseraret
1213 1242 1306 1336 perell
1326 1244 1474 1333 allegari:
1500 1263 1531 1312 et
1554 1249 1601 1311 ite
1621 1246 1755 1334 quotidie
1785 1246 1948 1334 allegamus

490 1339 594 1420 'erilem
624 1341 829 1423 decretalem,
858 1338 967 1433 inquit
996 1342 1393 1412 PANORMITANUS
1427 1338 1468 1408 ad
1497 1342 1689 1433 proemium
1718 1338 1948 1410 Decretalium

490 1440 535 1504 lere
565 1436 714 1536 lssatifires'
734 1461 766 1510 n.
784 1457 818 1529 7.
872 1430 1000 1509 Confer
1023 1460 1159 1538 quoque
1187 1442 1447 1511 GONZALEZ
1465 1443 1497 1508 itt
1520 1459 1671 1536 apparete
1691 1462 1724 1514 tt.
1743 1461 1803 1527 53·
1829 1440 1865 1516 ὃ
1886 1461 1947 1520 54·

490 1555 532 1630 lg.
550 1555 589 1606 me
607 1557 664 1617 32¹·
1963 1580 1968 1589 '

1136 1672 1166 1761 §.
1218 1666 1272 1746 ll.

581 1821 664 1892 Vll.
693 1824 741 1890 Vt
765 1819 877 1917 itaque
901 1816 1144 1894 Dillettatinnis
1167 1845 1262 1894 meae
1282 1817 1384 1918 scopo
1406 1820 1550 1916 propina
1573 1819 1752 1903 accedam,
1780 1816 1821 1891 ab
1842 1815 1944 1917 ipliua

491 1923 631 1990 umnrerii
645 1920 794 1990 examine
809 1943 880 1990 rem
898 1917 1062 2012 auspicor.
1114 1920 1300 2002 Omnibus,
1322 1923 1423 1991 etiam
1442 1918 1519 2016 iplia
1535 1922 1616 1990 iuria
1638 1921 1797 1992 Cononici
1818 1920 1943 2015 tyroni·

490 2041 544 2098 ua,
569 2041 649 2089 noto
669 2019 778 2087 notius
799 2014 862 2098 ell,
888 2018 1122 2112 Capitulorum
1140 2024 1309 2090 Srrnmerie
1331 2017 1454 2087 nullius
1471 2020 1505 2086 in
1521 2019 1601 2088 iure
1614 2014 1726 2089 nostro
1742 2014 1806 2089 elle
1820 2017 1946 2089 autori·¹

491 2117 562 2196 rtis,
588 2139 703 2211 utpote
726 2139 791 2183 non
809 2112 848 2184 ab
871 2113 1012 2207 ipsomet
1027 2123 1059 2188 S.
1079 2121 1252 2206 Ray-menda
1281 2115 1508 2186 Decretalium
1530 2115 1768 2210 compilatore,
1788 2116 1841 2185 vel
1865 2121 1943 2210 Gre·

491 2219 547 2281 trie
566 2217 649 2293 tx„
672 2209 726 2282 sed
749 2210 820 2307 post
837 2217 953 2283 MStos
970 2237 1003 2283 et
1019 2216 1118 2308 primi
1137 2215 1207 2307 typi
1228 2213 1358 2282 codices
1374 2213 1495 2293 modo,
1521 2215 1730 2307 priuatorum
1751 2208 1942 2282 Doflorum
1990 2261 1993 2266 -

491 2309 634 2406 ppolitna
662 2334 792 2405 pertua,
814 2312 902 2380 nulla
926 2335 1068 2406 rnqnant
1086 2310 1245 2405 potellate
1265 2309 1397 2403 publica
1420 2307 1642 2407 approbator,
1665 2307 1786 2402 quibua
1801 2305 1882 2380 fides
1899 2332 1942 2380 eo
2060 2345 2063 2350 ·

491 2433 575 2480 curua
592 2431 665 2480 tuto
680 2406 795 2480 habeti
813 2405 937 2503 potest,
961 2433 1028 2504 quo
1045 2406 1194 2480 crebrius
1208 2405 1272 2490 cll,
1296 2410 1439 2502 reperiri
1456 2411 1488 2479 in
1512 2411 1581 2479 Cur
1606 2431 1666 2480 ore
1680 2409 1762 2480 iuria
1778 2408 1941 2482 Canoniei

491 2509 654 2580 emmerie.
681 2531 765 2600 quae
779 2503 901 2575 sinistra
926 2508 1201 2601 interpretatione
1216 2531 1233 2576 a
1247 2501 1390 2602 proptio
1404 2505 1551 2602 Capituli
1569 2432 1661 2579 lbnsu
1679 2501 1865 2588 abducunt,
1879 2526 1941 2580 neo

491 2627 577 2676 etam
595 2628 630 2674 tc
648 2600 779 2674 fidelem
792 2611 891 2698 penult
909 2608 1072 2675 decidentis
1089 2604 1249 2700 praebent
1275 2602 1583 2679 constitutionem*

501 2731 641 2798 *Exere
666 2736 699 2797 lo
715 2735 806 2798 nobit
820 2733 857 2797 stt
880 2735 1091 2798 Stemmariune
1114 2736 1187 2817 Cap.
1203 2756 1231 2817 3.
1248 2757 1282 2800 x.
1302 2737 1341 2798 de
1357 2734 1546 2804 Constitue,
1567 2734 1622 2800 vbi
1640 2739 1785 2796 textum:
1802 2731 1940 2796 truncia*

579 2829 612 2883 eo
625 2755 815 2908 vsacerdotio,
840 2814 942 2901 nereffe
954 2819 1011 2900 ell,
1035 2828 1066 2880 nt
1084 2823 1159 2898 legis
1172 2820 1334 2882 translatio
1344 2818 1424 2899 fiat,
1445 2818 1486 2878 lic
1497 2826 1588 2879 extre
1605 2816 1771 2878 rhombum
1786 2813 1938 2876 summat:

578 2899 714 2982 Jotejlat
733 2903 824 2981 legem
852 2902 1037 2963 contradict
1053 2901 1244 2986 mutanalesl
1263 2919 1351 2980 penes
1374 2898 1531 2963 Vitorium
1556 2897 1685 2983 Christit
1710 2898 1742 2960 in
1765 2895 1837 2979 Cap.
1854 2915 1885 2976 3.
1902 2895 1940 2958 tle

584 2981 711 3065 Tolleb,
739 2985 790 3044 vbi
808 2983 926 3046 docet:
955 2983 1132 3057 Mulierem,
1155 2984 1294 3046 criminis
1319 2983 1534 3064 complicem,
1558 2980 1713 3064 tellifitort'
1728 2989 1835 3041 contre
1849 2981 1938 3040 cleri·

578 3085 666 3134 runt,
691 3083 783 3146 quam
799 3067 835 3125 tle
856 3067 982 3126 crimine
1002 3069 1120 3145 agitur.
1144 3067 1174 3128 in
1204 3066 1279 3146 Cap.
1298 3085 1325 3128 1.
1344 3064 1383 3126 de
1406 3062 1524 3147 Capell.
1546 3061 1713 3134 Mentem,
1734 3062 1787 3124 vbi
1809 3073 1939 3124 textum
2057 3109 2060 3114 .

577 3146 788 3226 fingnlatem:
811 3150 844 3207 in
867 3147 1002 3227 erclefiie,
1028 3148 1078 3208 ultr
1103 3149 1240 3209 monaehi
1259 3148 1424 3218 habitant,
1446 3147 1576 3226 popalus
1599 3166 1656 3228 per
1678 3140 1854 3210 nannetum
1876 3161 1939 3208 nott

576 3241 728 3313 regatur,
757 3229 887 3289 summat
913 3229 1125 3307 generaliter:
1149 3231 1202 3289 Aa
1222 3248 1327 3292 raram
1348 3227 1723 3310 monosteriosultieiiom,
1748 3246 1809 3286 non
1832 3241 1939 3300 mona·

575 3313 641 3382 elai,
651 3310 708 3392 sel
718 3310 888 3391 saeculares
907 3313 1004 3373 cleriei
1020 3311 1252 3396 praeficiuntur.
1296 3307 1449 3380 Taceudo
1472 3308 1532 3376 elie
1551 3307 1734 3382 Summorio
1756 3306 1937 3381 titubantia,

574 3414 636 3457 nec
652 3395 744 3456 ritmo
759 3394 825 3457 talo
844 3391 1051 3456 consistentia.

574 3539 674 3608 Vlll.
699 3538 796 3606 Hanc
815 3531 952 3605 breuem
979 3535 1214 3604 summariorum
1232 3526 1327 3604 ceila
1342 3524 1463 3603 eoliae
1513 3518 1661 3604 cremii,
1682 3543 1725 3594 ne
1747 3521 1823 3615 quia
1846 3514 1937 3593 forte

492 3661 516 3710 te
533 3632 679 3714 accuset,
699 3632 788 3726 quod
805 3632 837 3700 in
855 3629 1016 3724 praesenti
1034 3635 1234 3702 summarium
1250 3628 1349 3697 huius
1366 3550 1513 3722 Capituli
1530 3618 1698 3701 deseram,
1717 3618 1875 3712 aliudque
1886 3618 1935 3691 illi

492 3733 676 3815 tbllitnam3
700 3755 765 3799 non
787 3731 912 3806 innitor
934 3734 965 3799 in
994 3730 1056 3799 hoc
1078 3727 1277 3823 prudentiae
1298 3748 1392 3794 meae
1412 3745 1526 3793 contra
1551 3729 1623 3811 Cep.
1645 3745 1679 3800 5.
1702 3721 1739 3787 ele
1761 3718 1936 3801 constitet:

492 3837 560 3915 uia,
586 3854 702 3902 aveto
719 3853 754 3896 ac
771 3828 915 3920 genuino
935 3828 1024 3897 illius
1048 3824 1139 3898 sensu
1162 3823 1316 3902 deuiunt,
1337 3824 1538 3915 interpreter
1560 3817 1726 3913 plurimos
1747 3813 1780 3884 in
1807 3811 1936 3888 diuina·

492 3955 592 4002 orrum
617 3931 689 4000 auia
708 3925 858 4005 deduxit,
882 3951 946 3996 nnn
964 3922 1070 3996 solum
1092 3945 1202 3994 autem
1219 3922 1251 3988 in
1267 3919 1367 3999 haec,
1393 3916 1447 3992 sed
1460 3919 1561 3989 etiam
1579 3917 1612 3984 in
1636 3914 1749 3984 thema
1772 3911 1835 3982 boc
1850 3905 1936 4004 poli-

492 4052 531 4099 ue
556 4023 700 4098 sallum:
730 4027 785 4094 Ari
809 4028 1019 4093 alienationem
1043 4026 1087 4093 rei
1111 4019 1317 4104 erelestastiree
1344 4016 1452 4102 (rtffitit
1481 4018 1591 4084 teritur
1615 4013 1747 4103 capitali
1769 4005 1932 4094 torpescet.

492 4125 560 4196 ‘nde
578 4125 617 4194 ad
634 4123 715 4193 illud
731 4116 962 4203 refutandum,
984 4144 1019 4191 ac
1036 4115 1296 4215 improbandum
1312 4114 1482 4214 permouit
1496 4135 1551 4184 me
1566 4110 1616 4182 rei
1635 4104 1737 4205 ipsius
1755 4104 1933 4190 euidentia,

493 4248 546 4296 rae
561 4227 595 4294 in
613 4218 751 4292 decursu
770 4219 906 4315 patebit.

576 4374 637 4442 IX.
669 4363 842 4439 Praemilla
864 4368 974 4460 itaque
1000 4366 1161 4437 summarii
1185 4383 1251 4432 non
1273 4357 1470 4431 admittendi
1492 4354 1687 4433 notatione,
1711 4369 1748 4422 vt
1767 4370 1822 4426 me
1846 4350 1934 4422 intra

493 4465 685 4564 raelcriptns
704 4462 936 4536 ‹liffcrtationis
953 4488 1045 4535 meae
1064 4460 1225 4532 cancellos
1247 4459 1455 4540 contineam,
1482 4454 1523 4524 acl
1545 4453 1774 4543 inscriptionem
1790 4444 1933 4560 transeo.
2060 4537 2069 4550 „

493 4567 627 4665 quidem
656 4564 888 4661 Capitulorum
916 4565 1120 4654 inscriptiones
1146 4558 1220 4653 plut
1248 4555 1435 4628 autoritatis
1457 4551 1604 4630 habent,
1626 4569 1726 4642 quatn
1750 4552 1933 4625 Summerre,

493 4690 577 4766 pote
593 4689 611 4733 a
630 4662 858 4738 Decretalium
878 4659 1052 4737 conditore
1066 4652 1212 4756 pofitae,
1236 4677 1304 4725 nnn
1320 4654 1449 4737 minus,
1469 4675 1506 4726 ac
1526 4642 1715 4737 Rubricae3
1737 4665 1880 4718 attamen
1898 4658 1933 4712 et

580 4759 707 4843 Tamus
730 4757 777 4839 V.
1248 4751 1285 4826 U
1299 4774 1360 4850 uu
1411 4749 1414 4756 '
1872 4735 1931 4810 Μ
