5017 5592
506 628 580 720 5⁶4
682 609 1021 696 olssERTnTlo
1054 608 1192 710 Jums
1222 604 1418 686 rorstet
1441 603 1839 732 recusarasrtcr.

1157 795 1210 882 §.·
1244 787 1322 864 lv.

628 954 664 1027 si
680 971 790 1025 tamen
805 949 839 1022 in
850 943 907 1062 luis
923 941 1064 1020 effebus
1078 943 1242 1042 quosdsm
1256 946 1369 1063 ciuiles
1391 945 1425 1020 dr
1441 899 1597 1044 politicos
1615 939 1889 1060 confideremus3
1921 945 1995 1024 illut

506 1061 591 1158 Jure
607 1054 734 1123 Divino
757 1041 953 1162 constitutos
975 1044 1064 1116 lisud
1085 1043 1389 1161 deprehendimus,
1420 1069 1481 1159 nec
1503 1071 1561 1117 eos
1583 1040 1733 1115 Eccleliae
1754 1042 1818 1159 spii
1839 1069 1995 1142 tanquam

506 1139 1057 1326 pppppippppppptcappecppelspmu13
1073 1164 1191 1240 utpote
1206 1167 1282 1241 quse
1297 1142 1490 1218 rmmedsate
1505 1149 1632 1242 chure
1645 1167 1792 1242 proprio
1807 1168 1869 1218 eos
1885 1145 1993 1228 decere

624 1417 726 1490 Unde
741 1439 798 1488 eoa
812 1409 964 1493 aliunde,
989 1410 1104 1507 potius
1119 1433 1157 1482 er
1178 1406 1249 1506 ¹ipss
1270 1409 1463 1506 Principum
1486 1411 1628 1506 pietate,
1660 1404 1819 1515 secessisse
1842 1405 1991 1498 sanemur,
2026 1363 2031 1488 l

506 1537 612 1615 atque
631 1517 696 1589 hoc
711 1517 835 1588 intuitu
852 1509 1004 1582 Libertas
1019 1506 1184 1602 ejusmodi
1207 1506 1369 1579 divinitus
1392 1508 1528 1605 quidem
1550 1505 1697 1582 concessu
1720 1508 1835 1604 quoad
1860 1506 1992 1581 subllan·

508 1621 610 1700 riam,
635 1638 673 1685 ex
696 1635 791 1710 parte
814 1631 924 1680 tamen
950 1602 985 1677 tr
1011 1603 1121 1699 quood
1141 1601 1281 1678 effeslus
1302 1601 1378 1676 suos
1402 1606 1550 1702 aliquos,
1587 1605 1702 1676 civiles
1724 1605 1883 1678 videlicet
1901 1630 1991 1704 atque

508 1716 685 1815 politicos,
712 1707 921 1807 privilegiata
936 1699 1061 1774 censeri
1077 1705 1214 1796 poterit.
1242 1703 1283 1792 a)
1333 1707 1425 1776 Huic
1441 1729 1549 1774 temen
1564 1704 1725 1774 Liberteti
1739 1709 1852 1776 rarius
1867 1707 1992 1800 privile·

511 1817 648 1908 giorum
666 1831 788 1878 nomen
811 1800 1100 1880 accommodatur,
1132 1799 1224 1896 quod
1246 1801 1417 1895 privilegii
1438 1797 1629 1891 significatio
1654 1801 1810 1892 ambigue
1841 1799 1881 1872 lit
1904 1803 1990 1874 dtrd
2028 1785 2031 1898 ζ

510 1932 645 1984 merum
661 1901 813 1977 savorem
831 1897 1013 1971 liberaliter
1028 1895 1193 1968 indultum
1211 1899 1298 1968 trahi
1316 1895 1434 1974 soleat,
1451 1899 1623 1968 substantia
1640 1922 1723 1968 vrro
1735 1897 1912 1972 causarum
1928 1899 1990 1972 ida·
2028 1921 2031 1966 :

512 2031 591 2080 rum
608 2003 642 2076 dr
657 2007 786 2096 Legum
801 1998 1084 2096 Judiciorumque
1098 2018 1152 2069 eas
1169 2000 1443 2070 concernentium
1454 1999 1538 2094 Jure
1560 1994 1633 2093 ipso
1657 1993 1826 2092 superiori
1848 1997 1989 2072 Ecclesre

423 2113 428 2126 “
513 2121 697 2203 competat.

1915 2235 1989 2304 Non

556 2403 597 2490 a)
621 2398 811 2481 Exemplum
828 2397 872 2464 est
887 2399 918 2464 ln
934 2395 1070 2462 Crimine
1081 2389 1249 2460 haereseos.
1294 2389 1393 2472 Cuius
1406 2389 1568 2487 definitio,
1581 2393 1727 2476 ⁶⁰8⁰?th
1745 2391 1990 2484 iudititlsupoe‘

631 2503 741 2548 narum
758 2483 1039 2546 Eccleliasticarom
1064 2477 1220 2552 inclinio,
1241 2477 1280 2540 ad
1301 2473 1469 2538 Ecclesiam
1484 2497 1554 2556 jure
1576 2477 1631 2540 suu
1652 2481 1807 2558 pertinet,
1837 2501 1990 2560 poenrrum

631 2565 777 2630 civilium
793 2563 929 2628 adiectio
956 2561 1043 2626 alda
1070 2561 1176 2624 lstrstu
1200 2557 1338 2622 saeculari
1360 2557 1564 2638 superaddita.
1632 2561 1728 2622 Anno
1758 2559 1992 2630 mccxxvlll

628 2647 663 2714 S.
690 2649 955 2712 Luoovrcus
984 2579 1243 2706 consttutionem
1267 2643 1484 2724 promulgavit
1498 2642 1529 2702 iu
1542 2637 1712 2704 hereticos
1730 2640 1763 2704 dt
1775 2647 1991 2710 exconmuni-

629 2739 747 2804 cttoa,
769 2749 829 2812 qua
840 2727 1011 2792 haereticos
1026 2745 1200 2806 eorumque
1217 2723 1359 2785 lautores
1374 2725 1521 2784 omnibus
1537 2721 1653 2784 officiis
1664 2723 1696 2786 dr
1712 2725 1923 2806 dignitstibus
1936 2729 1991 2812 pti·

629 2823 706 2878 vat.
729 2814 806 2875 item
823 2811 963 2874 lablione
986 2809 1163 2870 testamenti
1186 2805 1220 2868 dc
1234 2805 1383 2868 omnibus
1398 2804 1492 2867 bonis
1506 2819 1570 2866 tens
1589 2807 1760 2868 mobilibus
1773 2825 1869 2886 quarn
1886 2812 2012 2890 immo,

629 2897 768 2966 bilibus3
793 2913 851 2955 nec
868 2912 938 2954 nou.
949 2893 1090 2972 praecipit
1104 2889 1247 2951 Beillivis
1266 2889 1351 2960 suis,
1375 2897 1411 2949 ut
1427 2887 1658 2967 apprehendent
1679 2893 1764 2950 buna
1778 2909 1916 2967 eorum,
1964 2891 1992 2956 ul

633 2996 718 3038 anuo
734 2979 862 3055 integro
879 2972 1147 3035 excommunicati
1172 2972 1363 3042 manebunt3
1399 2968 1596 3051 &prohibet
1622 2969 1675 3032 illa
1696 2970 1881 3048 restituere,
1917 2995 1992 3058 prius

634 3077 728 3138 quam
742 3055 876 3117 absoluti
890 3054 1032 3122 luerint,
1061 3051 1124 3114 fine
1149 3049 1205 3112 suo
1230 3049 1354 3132 speeisli
1378 3052 1536 3116 mandato.
1591 3051 1673 3128 Quae
1695 3053 1887 3119 constitutio
1907 3077 1994 3122 uuum

634 3139 732 3202 estex
753 3137 996 3207 illustrioribus,
1015 3131 1271 3228 quae'superfint,
1304 3138 1520 3232 monumentis
1540 3135 1666 3216 pietatis
1688 3135 1727 3235 S..
1743 3139 1995 3214 bubones,

634 3215 1996 3382 {illlefaetidissimelllillffirlfltltlllttlttffiil‘lt

635 3405 715 3468 que,
738 3395 774 3446 ut
788 3381 957 3445 haereticos
973 3381 1004 3444 dc
1021 3381 1320 3443 excommunicatos
1335 3384 1428 3442 bonis
1442 3392 1561 3455 exunt,
1584 3382 1634 3443 sed
1650 3401 1709 3444 una
1731 3385 1830 3448 docet
1842 3404 1924 3460 nos,
1949 3385 1996 3454 fibi

634 3464 808 3551 persuasum
826 3463 906 3536 elle,
929 3463 1015 3525 solos
1037 3462 1194 3543 Principes
1208 3461 1290 3526 hauc
1305 3483 1429 3544 poeusm
1445 3464 1560 3526 sancire
1571 3461 1667 3545 posse.
1712 3463 1792 3530 Vult
1811 3486 1997 3532 excommu-

634 3553 814 3612 nicatorum
828 3549 910 3609 bona
923 3559 1012 3626 cepta
1028 3563 1171 3615 manere,
1192 3545 1296 3606 donec
1308 3545 1441 3607 absoluti
1461 3544 1597 3614 fuerint,
1616 3543 1832 3629 Ecclestaeque
1845 3549 1998 3616 satislerr·

635 3634 718 3704 tint,
739 3631 789 3692 sed
803 3631 841 3692 ab
862 3626 1171 3710 Episcopalijudicio
1189 3645 1254 3688 oon
1270 3629 1402 3708 pendet,
1435 3638 1470 3690 ut
1491 3651 1526 3690 ea
1545 3629 1755 3692 restituantur.
1812 3630 1934 3706 lubet,
1966 3643 1996 3696 ut

635 3713 729 3858 inoffi
748 3711 947 3794 exspesletor
963 3710 1147 3772 mandatum
1164 3705 1312 3790 speciale,
1352 3729 1404 3773 nec
1416 3720 1481 3774 tum
1497 3715 1609 3788 etiam,
1636 3713 1693 3795 nist
1715 3711 1753 3777 de
1771 3714 1998 3800 nostrospeet'sls

635 3815 686 3862 ma
730 3805 791 3858 elo.

695 3909 836 3974 Similem
849 3905 1114 3971 constitutionem
1129 3908 1191 3988 iam
1211 3918 1303 3971 antea
1326 3908 1466 3972 ediderat
1481 3906 1602 3975 Frtru.
1624 3909 1665 3976 ΙΙ.
1692 3909 1770 3994 Imp.
1792 3931 1867 3994 quae
1890 3914 1998 3982 ucula

637 3993 682 4058 est
695 3993 733 4055 ad
744 3992 867 4054 Calcem
883 3989 1034 4072 Corporis
1047 3991 1130 4063 Juris
1145 3990 1258 4054 Civilis
1280 3989 1313 4052 dt
1330 3992 1426 4053 relata
1450 4012 1468 4053 a
1491 3992 1573 4057 Clar.
1592 3993 1828 4058 Rreenrso
1847 4001 1884 4063 iu
1902 3999 2000 4064 Colle·

638 4075 778 4140 &ionem
792 4074 944 4156 Corporis
956 4071 1039 4145 Juris
1061 4071 1179 4136 Publici
1191 4069 1396 4138 Ecclefiastici
1415 4073 1804 4143 Germano-Academici.

697 4175 843 4253 Alterum
855 4181 1046 4272 Exemplum
1064 4192 1183 4270 praebet
1199 4193 1435 4254 matrimonium
1450 4195 1532 4258 inter
1546 4193 1739 4260 Christianos
1759 4196 1797 4258 td
1815 4195 2000 4282 dignitatem

636 4269 831 4336 Sacramenti
844 4294 860 4335 a
874 4273 997 4338 Christo
1009 4275 1189 4347 elevatum,
1212 4276 1298 4355 quod
1311 4277 1415 4355 quoad
1431 4277 1572 4340 valorem
1591 4277 1677 4340 suum
1693 4280 1873 4356 internum,
1896 4281 2002 4346 Sacra·

637 4355 738 4414 menti
754 4357 885 4436 gretiam
900 4355 933 4420 dt
949 4355 1249 4421 iodillolubilitatem
1270 4359 1307 4418 ad
1327 4357 1541 4438 legislativum
1565 4358 1599 4422 dc
1622 4361 1832 4442 judicativam
1856 4363 2001 4428 Ecclesia

635 4434 823 4514 potestatem
838 4457 882 4499 ex
902 4440 1023 4503 Divino
1037 4439 1112 4514 Jure
1124 4442 1269 4522 pertinet.
1324 4440 1420 4515 Quod
1446 4455 1550 4505 autem
1568 4462 1623 4524 per
1646 4441 1879 4510 Ecclefiasticts
1903 4447 2000 4528 Leges

513 4573 515 4578 .
637 4516 777 4585 irritata,
813 4529 868 4581 aut
890 4542 944 4602 per
961 4525 1129 4586 sententias
1148 4521 1290 4603 ejusdem
1311 4521 1468 4588 Ecclesiae
1493 4525 1654 4594 iudiciales
1675 4524 1825 4588 dissoluta
1841 4527 2002 4594 effestibus

638 4597 734 4661 etiarn
748 4598 895 4662 civilibus
908 4604 1131 4679 destituantur,
1158 4628 1199 4668 ex
1214 4605 1418 4674 consensione
1432 4607 1611 4694 Principum
1627 4607 1719 4692 leges
1733 4611 1864 4678 eudem
1878 4613 1935 4682 vel
1950 4631 2002 4678 ex·

638 4677 738 4765 presse
754 4680 810 4748 vel
822 4682 919 4751 tacite
936 4688 1154 4774 sdopttutium
1171 4689 1335 4775 provenit.
1974 4725 1977 4730 ·
