5017 5592
374 617 379 624 ’
504 688 574 764 552
737 653 1079 737 ntssnnnnnm
1101 653 1452 733 innunnnnnts
1476 651 1747 733 ennonicn

1052 843 1089 909 N
1141 845 1173 912 O
1222 841 1258 909 T
1306 842 1337 910 Α
1384 841 1425 911 Ε.

548 991 579 1041 1.
604 971 732 1040 Textun
748 970 842 1034 dicit:
865 970 1020 1037 decimam.
1043 970 1116 1040 Vid.
1131 993 1161 1036 n.
1173 992 1201 1038 1.
1219 972 1272 1034 hic
1287 971 1349 1034 iem
1366 972 1540 1052 praecurrit
1553 988 1642 1033 error
1652 967 1906 1054 ,suppositionim

546 1111 577 1161 2.
601 1093 689 1158 Haec
705 1090 934 1155 circumstentin
948 1088 993 1152 est
1009 1098 1120 1151 contre
1139 1087 1213 1171 Cap.
1231 1087 1353 1154 fontale
1366 1109 1397 1154 u.
1412 1110 1443 1172 4.
1467 1090 1618 1172 ellrtum3
1643 1108 1701 1154 nec
1716 1089 1813 1154 hebet
1825 1103 1900 1155 erm
1916 1087 1987 1154 Gre-

623 1179 733 1258 gorius
749 1173 806 1237 tx.
828 1177 860 1237 in
877 1172 977 1253 specie
997 1171 1093 1234 huius
1109 1183 1231 1235 textus.
1851 1185 1854 1190 ·

548 1307 581 1378 3.
600 1292 634 1358 de
649 1312 680 1374 4.
703 1292 772 1357 Hae
793 1290 1042 1356 circunstantiae
1058 1288 1126 1353 suut
1147 1291 1263 1373 pariter
1279 1299 1371 1354 extre
1387 1298 1525 1356 textum.

548 1434 579 1498 5.
601 1412 700 1486 Juxte
724 1417 868 1477 textum,
894 1417 972 1469 vtvt
992 1429 1059 1490 erp.
1082 1407 1204 1472 fontale
1228 1407 1367 1493 diuersos
1385 1408 1498 1471 hebent
1520 1409 1602 1470 inter
1624 1407 1654 1472 se
1672 1410 1712 1471 de
1739 1407 1983 1492 praeintioneiu

625 1492 817 1576 rdipiscendr
832 1490 885 1553 vel
904 1492 1064 1554 retinenda
1078 1490 1206 1554 Decima
1222 1491 1282 1553 hac
1301 1494 1467 1574 litigantes.
1497 1489 1579 1555 Vide
1593 1510 1679 1555 num.
1695 1512 1747 1573 54.
1761 1513 1814 1574 55.
1832 1491 1869 1555 dt
1885 1492 1937 1576 56.

549 1611 582 1677 6.
604 1609 732 1674 Textus
745 1610 809 1673 hoe
824 1627 889 1670 non
906 1607 983 1672 dicit
998 1605 1143 1693 absolute,
1166 1610 1214 1674 sed
1234 1610 1326 1693 ponit
1337 1610 1369 1673 in
1382 1610 1560 1672 conditione.
1589 1607 1661 1672 Vid.
1680 1627 1766 1673 uum.
1786 1613 1839 1689 46.

553 1749 584 1815 7.
609 1726 726 1793 Omissa
746 1729 798 1791 hie
812 1726 857 1790 est
875 1728 1124 1804 circumstantie,
1151 1749 1230 1812 quae
1249 1729 1385 1792 multum
1407 1725 1760 1809 interpretibusfnceffit
1776 1729 1921 1810 negotii,
1933 1726 1980 1791 tet·

625 1810 720 1873 licet:
737 1808 776 1873 sd
791 1830 852 1872 non
867 1812 931 1893 poll
946 1813 1072 1874 multum
1084 1816 1228 1895 temporis
1241 1810 1304 1876 &e
1328 1811 1359 1878 V
1362 1810 1402 1874 id.
1417 1828 1504 1875 num.
1518 1828 1548 1889 4.
1566 1809 1656 1889 6146.
1668 1830 1717 1893 47.
1730 1821 1782 1891 48.
1793 1830 1845 1892 49.
1859 1831 1911 1894 50.
1919 1828 1964 1892 53.

551 1936 582 2002 8.
605 1927 689 1994 Addi
703 1923 871 1992 debuisset:
888 1924 1037 2012 siquidem
1047 1926 1095 1994 isti
1106 1928 1232 1992 demum
1245 1929 1431 1994 Conuentus
1445 1925 1613 2013 tempestiue
1623 1924 1796 1991 adsenserit.
1811 1923 1911 1990 Num.
1921 1943 1965 2012 5¹·

968 2088 1222 2158 Summrrium
1247 2089 1459 2176 Laymatmi
1492 2091 1522 2157 l.

424 2289 429 2298 ,
515 2304 537 2380 b
572 2306 617 2380 ‘ff
634 2240 664 2288 1.
696 2215 824 2290 Rerum
848 2214 889 2290 ed
922 2215 1158 2295 monesterium
1187 2221 1428 2319 pertinentium
1454 2213 1776 2294 administrationem
1797 2209 1901 2286 heber
1921 2209 1977 2286 Ab·

444 2351 447 2358 ·
540 2330 582 2380 en
610 2334 639 2382 e.
938 2341 942 2348 ·

961 2415 1151 2486 Dedultir
1174 2417 1289 2485 buius
1315 2419 1532 2486 Summrrii.

633 2544 813 2613 Notandum
827 2546 932 2636 primo.
990 2545 1177 2620 Abbatilsne
1199 2546 1261 2646 (ι)
1290 2549 1452 2645 competit
1472 2545 1691 2632 administratio
1713 2563 1830 2612 rerum
1855 2538 1898 2610 ed
1918 2559 1979 2608 rno·

515 2633 693 2712 nisteriurn
717 2643 976 2735 pertinentium,
998 2667 1032 2716 et
1052 2672 1171 2729 earum,
1191 2651 1320 2743 quippe
1340 2643 1645 2722 ecclefiasticrrurn,
1666 2637 1840 2738 prohibita
1856 2634 1901 2710 eil
1915 2641 1977 2704 alie·

515 2743 618 2817 natio,
637 2733 694 2809 nisi
711 2736 767 2810 fiet
783 2737 1002 2836 praecedente
1017 2751 1152 2815 irritatu
1168 2767 1201 2816 et
1214 2741 1352 2834 consensu
1366 2747 1559 2815 Conuentus
1586 2743 1644 2833 (α)
1669 2736 1978 2809 sunfflntonialiuffl

515 2834 562 2903 ita
586 2837 689 2905 Allrs
711 2839 780 2907 liic:
803 2863 833 2907 η.
853 2866 906 2918 4.,
929 2836 983 2912 vbi
1010 2843 1080 2922 nit,
1104 2841 1193 2936 quod
1218 2837 1407 2923 Abbatilse‚
1433 2866 1499 2916 non
1524 2837 1671 2912 obstante
1693 2834 1769 2905 sexu
1799 2830 1977 2922 foemineo,

515 2929 617 3002 habet
638 2931 953 3006 administrationem
968 2961 1082 3007 rerum
1104 2935 1312 3020 monasterii,
1336 2941 1391 3028 (ς)
1417 2936 1508 3008 ficuti
1525 2935 1636 3007 Abbas
1660 2931 1759 3005 haber
1775 2933 1807 2999 in
1829 2925 1979 2998 moneste-

515 3029 569 3097 rio
585 3030 762 3110 virorum3
788 3029 1043 3124 consequenter,
1067 3038 1218 3105 ordinarie
1238 3041 1403 3127 loquendo,
1428 3034 1573 3105 Abbntes
1590 3057 1623 3102 et
1647 3027 1827 3125 Praeposui
1852 3024 1980 3118 Regula·

514 3124 604 3196 rium
620 3149 685 3193 non
701 3119 831 3220 possunt
845 3124 877 3199 se
898 3128 1085 3202 immiscere
1106 3128 1380 3203 administrationi
1401 3156 1409 3216 ;
1440 3132 1498 3223 (4)
1523 3129 1576 3202 sed
1593 3128 1714 3201 habent
1731 3147 1863 3197 tentum
1878 3126 1978 3215 unitat-

516 3226 645 3306 timrm,
668 3245 701 3295 et
714 3228 860 3320 regularis
881 3227 1086 3319 abstinentiae
1100 3254 1203 3302 ruram
1218 3255 1282 3302 crim
1299 3236 1453 3326 spirituali
1468 3234 1679 3302 iurisliliirnr.
1705 3225 1768 3318 (5)

1067 3401 1104 3467 N
1157 3401 1188 3467 0
1237 3403 1274 3468 T
1322 3404 1353 3469 A
1401 3401 1441 3471 E.

556 3543 586 3590 1.
608 3523 671 3592 Vel
684 3522 762 3599 soli,
781 3526 835 3588 vel
854 3524 941 3590 simul
958 3526 992 3588 &
1011 3527 1203 3591 Conuentui.
1228 3527 1311 3593 Vide
1334 3549 1364 3594 n.
1383 3529 1435 3621 όζ.

555 3667 586 3712 2.
610 3644 683 3742 lta:
710 3644 789 3787 fidstt
807 3648 967 3789 nll6rnntlo;
987 3659 1115 3720 contra,
1134 3646 1156 3707 st
1177 3644 1214 3708 stt
1231 3645 1361 3730 conreffio
1377 3648 1438 3722 rei,
1461 3666 1539 3729 quie
1559 3645 1670 3719 debet,
1689 3651 1744 3707 nul
1764 3643 1864 3709 libere
1888 3637 1980 3726 potest

632 3746 731 3789 conce
755 3748 774 3791 t.
796 3747 826 3792 n.
863 3740 892 3800 8.

556 3848 587 3917 3.
611 3823 686 3887 Non
706 3821 806 3886 solum
832 3825 1056 3903 temporalium,
1075 3821 1232 3887 sedetiam
1251 3821 1470 3906 spiritualium.
1502 3824 1650 3908 Stephan.
1670 3825 1815 3916 D'Aluin.
1836 3821 1980 3894 Ordlrli·

489 3941 500 3963 .
631 3908 705 3969 nim.
721 3907 758 3968 de
780 3917 842 3987 pot.
866 3906 897 3966 Ε
919 3908 969 3968 isc.
998 3906 1114 3978 Attal,
1141 3917 1169 3968 et
1194 3902 1344 3988 Abbatiff.
1371 3926 1393 3974 t.
1410 3929 1462 3992 3.,
1483 3927 1640 3979 monens,
1665 3907 1707 3969 tic
1727 3904 1788 3969 esse
1803 3907 1906 3969 intelli
1930 3923 1981 3965 en·

629 3988 704 4128 {itum
732 3987 876 4130 §inormi
892 4005 1004 4056 unum3
1033 4000 1067 4050 et
1093 3989 1227 4070 probant
1252 3989 1325 4071 t‘ap.
1348 4007 1396 4052 12.
1421 3991 1457 4053 de
1477 3991 1569 4054 Met
1594 3991 1629 4053 0.
1663 3991 1735 4072 Cap.
1760 3989 1811 4053 ult.
1837 3988 1875 4052 tle
1921 3995 1981 4050 tatu

653 4089 773 4135 ‘ortatu

557 4180 589 4244 4.
609 4159 675 4224 Nist
690 4163 828 4245 retpettu
843 4163 1074 4227 Parthenonnm
1091 4161 1207 4226 fuerint
1223 4161 1265 4224 fic
1287 4164 1456 4245 nuncupnti
1481 4165 1587 4227 Patres
1607 4163 1760 4234 Aetates,
1782 4171 1821 4225 vt
1840 4163 1871 4224 in
1896 4161 1982 4226 Prie·

633 4244 847 4309 monstrntenst
866 4249 977 4310 ordine
998 4246 1083 4315 tunt,
1104 4249 1198 4308 etiem
1222 4247 1384 4308 nonnullis
1412 4249 1555 4309 virorum
1578 4246 1791 4321 monasteriis,
1808 4245 1983 4326 horumque

633 4324 806 4391 Abbnttbus
821 4328 986 4411 praesedi,
1011 4340 1047 4392 vt
1064 4327 1326 4410 superintendant.

558 4443 591 4512 5,
615 4424 762 4504 Intellige
776 4429 917 4512 profore
935 4451 1071 4502 atrimae,
1091 4435 1121 4494 in
1139 4450 1215 4511 ques
1229 4450 1294 4493 non
1317 4431 1491 4496 Abbatissne
1510 4432 1581 4509 Cap.
1600 4452 1647 4494 10.
1669 4430 1704 4493 de
1723 4432 1858 4525 pomit.3
1877 4397 1930 4490 sed
1943 4425 1986 4488 se·

630 4508 775 4571 cerdotes
792 4514 962 4595 potestatem
976 4517 1105 4583 clunium
1123 4514 1249 4578 habent.
1292 4515 1456 4578 Caeterum
1471 4533 1528 4594 pro
1539 4517 1615 4595 soro
1629 4518 1781 4577 exteriore
1793 4507 1984 4574 inrtsdifflo·

629 4590 680 4654 nis
702 4592 854 4663 verbum,
876 4595 1050 4660 Anbnibus
1079 4599 1243 4676 veriusque
1263 4597 1356 4664 sexus
1386 4599 1600 4685 applicatum,
1616 4595 1812 4682 frequentius
1829 4591 1874 4660 est
1888 4591 1986 4660 abuti·

628 4690 728 4752 uum
749 4673 869 4742 etlnmss
883 4675 989 4743 soreut
1005 4677 1120 4766 pnffiur
1133 4679 1286 4764 exempli.
1903 4763 1927 4832 S
