5017 5592
564 655 634 731 oa
656 653 785 751 tutta
808 602 1150 754 cortinorum
1173 654 1364 732 iutaau
1390 655 1540 733 circa
1556 656 1734 736 sacua.
1853 683 1914 762 η,

1018 845 1050 941 §ss
1102 847 1299 922 xxxin.

536 1025 663 1115 Neque
685 1021 785 1091 etiam
809 995 962 1088 Comitiis
985 1020 1046 1113 Jus
1068 1018 1245 1111 competit,
1271 1013 1488 1110 particulares
1509 1012 1735 1090 diffidentibus
1754 1020 1788 1090 in
1806 1019 1896 1092 Reli·
1925 1023 1993 1088 Nec
2014 1043 2074 1110 pre

424 1119 521 1211 gione
547 1120 635 1209 leges
657 1116 758 1187 ferre.
807 1111 1027 1186 Proteslantes
1049 1139 1088 1184 ex
1110 1115 1294 1183 renonibus
1318 1112 1400 1182 datis
1421 1111 1477 1183 fibi
1501 1114 1590 1205 legcs
1613 1117 1684 1186 dari
1706 1103 2009 1205 aeomiciissrots

422 1214 508 1286 haud
533 1218 720 1310 patientur,
753 1209 809 1285 sed
832 1215 865 1282 in
887 1234 999 1306 partes
1019 1205 1092 1281 casu
1109 1213 1281 1282 eveniente
1297 1207 1409 1290 ibunt,
1436 1208 1764 1307 &simajoreetism
1779 1187 2065 1288 Prote-stmubm'
2138 1283 2146 1296 ,

421 1310 577 1382 stantium
593 1333 668 1382 vota
688 1314 721 1381 in
738 1310 846 1401 legem
862 1307 1029 1404 quandam
1045 1331 1110 1401 pro
1128 1304 1192 1377 suis
1208 1303 1359 1377 Ecclesis
1375 1312 1607 1392 eotivenirenr,
1624 1307 1739 1402 singuli
1754 1289 2055 1416 quilibet'ffi‘ffi,

421 1406 538 1484 slatus,
565 1405 598 1479 se
614 1408 722 1501 quoad
741 1403 850 1477 causas
867 1406 1050 1496 Religionis
1067 1408 1099 1473 in
1115 1399 1173 1474 suo
1189 1406 1362 1475 territorio
1379 1400 1483 1475 solum
1504 1409 1613 1477 Deum
1634 1406 1781 1502 judicem
1802 1435 1969 1509 reve-cr„
1988 1434 2079 1499 um

419 1511 502 1584 reri,
528 1505 653 1575 dicent.
701 1510 753 1575 De
768 1504 948 1574 Catholicis
962 1505 1074 1593 arguit
1089 1525 1276 1583 nonnemo:
1302 1549 1323 1582 „
1334 1505 1367 1571 in
1378 1506 1533 1573 Comitiis
1548 1504 1722 1599 praesentes
1737 1500 1801 1575 esse
1818 1507 1874 1602 ple
1900 1516 1944 1577 ibi
1959 1534 2039 1596 prae·

419 1626 541 1697 rosque
558 1603 749 1674 Germanic
766 1599 965 1694 Episcopus,
991 1598 1112 1695 quibus
1128 1622 1196 1668 tota
1215 1600 1249 1668 in
1266 1596 1501 1692 spiritualibus
1519 1603 1700 1673 Germania
1715 1600 1830 1685 subsc,
1855 1608 1890 1676 in
1900 1596 2003 1662 seulfi
2018 1595 2101 1661 ¹11⁸*

421 1701 580 1788 comitiis:
596 1699 686 1790 leges
706 1702 842 1796 Imperii
867 1694 950 1768 ferri
968 1720 1028 1791 pet
1052 1696 1190 1766 modum
1217 1693 1306 1791 pasli
1331 1721 1406 1767 cum
1432 1698 1640 1794 Principibus
1663 1677 2076 1824 saeuiaa1›as,fi¹¹tg¹‘¹¹·
2118 1773 2122 1780 ,

421 1793 638 1867 Ecclesiatum
654 1798 833 1867 Advocatis
849 1797 951 1875 natis,
974 1793 1006 1864 dr
1027 1788 1243 1863 fundatorum
1267 1790 1529 1875 successoribus,
1566 1795 1614 1876 nil
1626 1792 1793 1876 interesse,
1828 1779 1983 1870 sueque·
2003 1777 2056 1824 ‘r'
2080 1793 2099 1822 ‘

421 1894 468 1965 lte
488 1894 581 1986 leges
596 1890 749 1965 ferantur
764 1895 797 1961 in
815 1895 960 1988 Synodis
977 1890 1214 1962 Nationalibus
1230 1914 1293 1988 pec
1308 1893 1446 1960 modum
1464 1895 1625 1972 Cononis,
1651 1889 1716 1963 live
1730 1894 1764 1962 iu
1779 1861 2065 1996 Comi-{¹354
2131 1955 2135 1968 .

421 1995 471 2062 tiis
497 1994 641 2086 imperii
665 2015 725 2087 per
743 1989 879 2060 modum
900 1991 1159 2068 Contentionis,
1187 2011 1263 2059 cum
1286 1986 1465 2084 utrobique
1486 1986 1546 2061 linc
1563 1990 1665 2062 iidem
1686 1989 1894 2081 legislatores

421 2084 598 2186 Episcopi,
623 2097 682 2183 qui
699 2086 759 2157 sint
774 2085 866 2158 causa
884 2084 969 2156 socia
995 2081 1188 2155 Recelsuum
1209 2088 1367 2178 lmpetii;
1392 2109 1452 2156 nee
1472 2081 1618 2168 referre,
1645 2089 1735 2183 quod
1755 2084 1820 2159 rste
1830 2094 1897 2161 Or·

420 2185 605 2257 dicationea
629 2184 886 2282 promulgentur
906 2183 1120 2255 Authoritate
1140 2184 1295 2253 Seculari
1316 2179 1482 2258 Caesarea,
1523 2183 1556 2253 id
1581 2188 1669 2255 eninr
1697 2184 1789 2255 nullo
1807 2191 1896 2354 gur:

417 2283 649 2377 prohibitum,
675 2307 712 2353 ac
731 2284 812 2352 olim
828 2276 973 2362 faslum,
993 2305 1058 2350 non
1077 2282 1190 2374 itaque
1205 2279 1398 2348 temnendos
1414 2275 1625 2374 ellesmperii
1642 2280 1683 2352 de
1692 2285 1800 2352 Sacris
1837 2307 1898 2356 on·

417 2378 603 2451 stitutiones
625 2379 688 2451 circ.
739 2380 803 2449 Sed
821 2372 934 2449 sucum
947 2377 1023 2448 hcc
1037 2372 1182 2455 faciunt,
1209 2375 1241 2448 &
1261 2374 1345 2445 nihil
1368 2380 1508 2445 omnino
1526 2380 1619 2471 Juris
1635 2381 1727 2448 Sacri
1736 2382 1893 2452 Comitiis

416 2480 591 2560 evincunt3
618 2480 651 2546 in
665 2478 716 2546 his
732 2479 911 2546 enimlicet
925 2496 1140 2570 compareant
1158 2475 1339 2569 Principes,
1362 2475 1420 2568 qui
1438 2470 1531 2543 smus
1544 2465 1798 2570 suntEpiscopi,
1820 2501 1897 2574 per·

415 2570 496 2646 sona
510 2596 623 2645 tamen
638 2569 792 2670 Episcopi
808 2571 853 2641 ibi
868 2570 965 2668 plane
979 2567 1133 2667 quiescit,
1166 2566 1233 2641 sola
1251 2566 1389 2663 persona
1407 2573 1569 2665 Principis
1595 2571 1626 2641 se
1649 2570 1784 2656 exserit,
1820 2597 1897 2668 que

413 2694 478 2767 per
496 2668 707 2742 administros
724 2694 837 2742 rerum
849 2668 1074 2764 politicarum,
1094 2691 1194 2762 quam
1204 2669 1378 2737 Sacrorum
1394 2671 1577 2738 tenaciores
1596 2666 1636 2738 ad
1652 2691 1897 2767 normampru·

413 2769 537 2839 denriae
557 2767 665 2838 civilia
689 2770 821 2858 negotia
838 2762 1062 2845 administrat,
1089 2766 1164 2859 quis
1181 2765 1284 2853 igitur
1297 2768 1582 2856 comparationem
1597 2761 1671 2836 fieri
1689 2768 1777 2836 inter
1789 2770 1897 2861 Syna·

413 2865 477 2937 dos
492 2864 709 2945 Nationalcs,
737 2864 769 2935 dr
794 2863 863 2934 hec
887 2866 1030 2935 Comitia
1052 2864 1223 2951 patietur?
1277 2860 1342 2932 Sed
1363 2884 1438 2953 age:
1472 2885 1512 2943 ap
1534 2864 1690 2932 Comitiis
1713 2859 1894 2935 secundum

410 2960 447 3034 se
463 2957 640 3056 speslnis,
667 2961 882 3056 &quatenus
905 2957 1157 3053 Rempublicam
1180 2953 1324 3027 noslram
1347 2954 1600 3053 repraesentant,
1633 2955 1894 3033 constitutiones

411 3062 534 3132 Sacrae
554 3054 679 3129 sancite
696 3058 796 3128 licet?
822 3082 858 3126 ac
875 3058 1035 3151 proinde,
1063 3079 1102 3122 an
1123 3056 1226 3124 cuivis
1242 3055 1387 3147 Principi
1405 3053 1558 3124 Seculari
1577 3079 1653 3151 pars
1675 3056 1893 3147 legislationis

411 3160 526 3229 Sactae
542 3157 731 3248 competit?
752 3180 791 3223 an
810 3152 957 3248 cujusvis
976 3175 1089 3222 votum
1110 3155 1143 3220 in
1159 3149 1258 3221 rebus
1275 3154 1381 3222 Sacris
1399 3155 1508 3221 valet?
1535 3177 1574 3222 an
1593 3178 1672 3224 vero
1692 3150 1836 3225 solorum
1857 3158 1892 3224 in

411 3252 522 3327 rebus
537 3255 644 3324 Sacris
660 3249 927 3347 Episcoporum?
967 3253 1025 3321 Sin
1041 3251 1104 3319 hoc
1121 3246 1302 3343 posterius:
1329 3249 1369 3316 ad
1384 3250 1463 3344 qnid
1481 3248 1612 3343 prodell
1625 3250 1762 3347 palpum
1779 3250 1895 3322 obtru-

411 3351 528 3423 dere?
560 3352 634 3421 ,Sin
655 3373 735 3421 vero
757 3352 923 3445 primum:
954 3346 1125 3418 clarius&
1148 3368 1262 3439 aperte
1284 3344 1449 3426 dicamus,
1480 3344 1669 3441 supremam
1697 3346 1892 3442 potestatem

407 3447 554 3520 civilem
570 3450 683 3517 Sdcras
698 3447 788 3538 leges
809 3446 888 3516 dare
904 3440 1011 3539 posse,
1036 3443 1067 3513 dc
1086 3440 1303 3514 Protellantes
1320 3446 1418 3514 etiam
1435 3442 1529 3514 nobis
1550 3444 1731 3515 Catholicis
1754 3448 1787 3515 in
1804 3448 1894 3518 Ger·

405 3549 539 3618 manis.
588 3541 719 3615 Scilicet
740 3541 838 3614 slatus
854 3542 1032 3612 Seculares
1048 3538 1173 3610 duabus
1189 3542 1297 3610 tertiis
1318 3565 1496 3621 votorum,
1529 3539 1562 3609 dr
1583 3544 1715 3632 integro
1738 3539 1911 3634 Collegie'

406 3644 600 3716 civitatum
617 3637 855 3711 Ecclesiasticus
874 3643 906 3708 in
924 3641 1106 3711 Germania
1122 3637 1292 3707 excedunt.
1341 3643 1470 3706 Verum
1486 3633 1531 3705 esl
1548 3637 1702 3729 quidem,
1729 3637 1819 3728 quod
1840 3663 1892 3711 er·

407 3743 561 3835 guitur:
600 3735 755 3833 Episcopi
778 3733 963 3806 suutcausa
984 3732 1068 3805 socia
1089 3730 1283 3803 Recelsuum
1308 3736 1472 3827 Imperii;
1506 3730 1559 3803 sed
1579 3757 1723 3805 vereor:
1760 3760 1802 3806 ne
1822 3742 1892 3809 Au·

405 3842 497 3911 thor
518 3831 617 3906 erius
632 3833 731 3929 supra
751 3832 847 3903 dislae
863 3831 1049 3904 societatem
1065 3836 1246 3900 Leonmam
1262 3856 1326 3899 non
1348 3830 1421 3900 satis
1439 3833 1564 3900 timeat.
1616 3833 1890 3914 Verumitidem,
1925 3863 1928 3868 ·

405 3935 511 4032 quod
533 3934 622 4025 leges
641 3933 705 4003 illae
735 3929 959 4002 Ecclesallicae
984 3933 1018 3999 in
1041 3932 1195 4000 Comitiis
1216 3924 1420 3998 sancirentur
1443 3953 1504 4020 per
1530 3929 1667 3998 modum
1693 3930 1797 4023 paili,
1834 3927 1891 4002 sed
1981 3933 1992 4023 f

403 4037 481 4106 hoc
505 4027 615 4126 ipsum
641 4034 676 4100 in
696 4025 875 4123 quaeslione
901 4023 969 4107 est,
1001 4052 1042 4096 an
1067 4050 1121 4096 eas
1146 4049 1208 4120 per
1230 4025 1368 4095 modum
1391 4024 1479 4121 pasii
1499 4021 1582 4095 ferri
1604 4030 1637 4093 in
1655 4029 1811 4097 comitiis
1833 4045 1904 4103 aut·

404 4131 597 4227 oporteat?
624 4150 680 4198 aut
696 4123 838 4198 deceat?
865 4122 1022 4222 Episcopi
1037 4120 1194 4219 potestate
1214 4122 1397 4215 legislativa
1413 4128 1509 4194 Sacra
1527 4120 1688 4214 gaudent,
1714 4123 1788 4196 lieet
1801 4128 1893 4198 Prin·
1967 4143 1971 4158 ·

406 4231 504 4327 cipis
514 4249 642 4395 ζωοῦ
657 4218 1009 4392 frorpltipasndstolrtetm
1027 4216 1198 4388 praefixum
1215 4246 1281 4386 pon
1297 4219 1422 4386 cadsiett,
1448 4218 1756 4389 Ιξοεὲἰηὴῇοωὶἱὶἱς
1773 4246 1893 4400 rsepon-

406 4349 496 4400 tum
571 4346 706 4394 emnon
749 4342 875 4390 aeant.
997 4341 1201 4388 asatoresm
1241 4340 1327 4385 acras
1358 4341 1434 4397 un,
1461 4342 1494 4386 tn
1540 4339 1572 4387 st
1599 4342 1617 4388 e
1643 4343 1677 4388 aa
1715 4346 1755 4390 ua
1793 4346 1890 4392 een·

403 4447 483 4503 tes,
524 4419 577 4492 vel
595 4443 691 4498 more
714 4416 953 4514 Apostolorum
976 4343 1165 4511 {rimorum
1192 4411 1475 4495 Christianorum,
1513 4412 1717 4487 &omnium
1740 4414 1889 4502 Ecclesia

406 4516 626 4594 Saeculurum
642 4519 675 4588 ia
688 4516 832 4612 Synodis
846 4517 1056 4606 congregati,
1080 4509 1169 4581 haud
1183 4534 1263 4583 vero
1280 4512 1313 4580 in
1327 4511 1458 4602 Regum
1478 4514 1607 4593 Curiis,
1631 4511 1665 4582 dr
1683 4512 1889 4609 populorum

405 4612 656 4694 conventibus,
692 4613 752 4688 ubi
771 4610 907 4688 libertas
931 4614 1041 4684 rarior
1061 4604 1124 4686 effe
1149 4604 1249 4693 solet,
1289 4630 1389 4702 quem
1413 4610 1549 4708 majoris
1575 4612 1732 4708 potentie
1764 4630 1886 4679 metus.

467 4709 600 4792 Tarm
626 4707 674 4788 V.
824 4767 831 4782 .
1294 4707 1332 4775 H
1759 4708 1888 4779 Omnes
