5017 5592
536 645 611 728 or
633 641 897 724 uououun
915 613 1614 734 accursitanco-noraatuu
1634 651 1879 740 conarer.
1905 671 1975 769 s„

534 829 578 917 a)
598 829 666 897 Lib.
686 829 785 912 3.'tit.
802 845 828 892 1.
847 848 874 891 c.
888 825 963 924 46..
994 822 1148 921 ,unodli
1167 823 1260 924 ‘sorte
1284 819 1444 923 iu⁶aliquo
1463 832 1539 898 loco
1561 833 1698 902 Ecclesia
1718 837 1756 902 sat
1776 842 1974 920 construiin.

573 915 578 926 '
607 922 802 995 quaetomen
819 907 984 972 necessaria
1004 911 1057 981 lut,
1095 905 1128 970 dt
1145 908 1221 972 nihil
1243 909 1324 972 dotis
1346 911 1506 990 habuerit,
1537 919 1712 993 volumus,
1741 935 1776 986 ut
1802 926 1973 992 secundum

606 993 773 1077 inllionem
796 989 977 1054 Domini&
993 990 1156 1056 Genitoris
1174 991 1271 1056 nostri
1292 1012 1373 1056 unus
1390 999 1513 1080 manlius
1529 1019 1601 1062 cum
1619 1020 1665 1064 12.
1681 1003 1840 1070 bunuariis
1854 1010 1894 1070 de
1908 1019 1973 1072 ter·

607 1096 640 1139 ta
654 1078 761 1138 arabili
781 1075 822 1138 ibi
839 1075 951 1145 detur,
970 1071 1003 1135 δι
1017 1072 1171 1154 mancipia
1193 1075 1260 1137 dun
1280 1076 1418 1156 olibetis
1432 1078 1634 1154 hominibus,
1656 1086 1709 1166 qui
1729 1087 1759 1146 in
1785 1089 1893 1152 eadem
1909 1089 1972 1153 Ec-

608 1158 697 1222 clelia
716 1155 858 1219 officium
872 1157 978 1218 andire
990 1157 1137 1227 debent,
1167 1169 1202 1217 ut
1217 1155 1406 1222 Sacerdotes
1420 1163 1464 1238 ibi
1480 1161 1595 1246 poliint
1605 1164 1683 1241 effe,
1706 1164 1740 1229 dt
1755 1168 1886 1235 divinos
1901 1172 1973 1237 cul.

608 1239 799 1313 tusiacense,
827 1241 912 1322 quod
929 1236 951 1302 li
967 1239 1104 1321 populus
1123 1237 1279 1312 noluerit.
1307 1242 1490 1310 destruatur.

533 1361 571 1445 b)
592 1358 676 1423 Huic
694 1359 838 1458 opinioni
859 1358 953 1420 etiam
973 1353 1296 1421 assentiuntutFranc.
1312 1353 1397 1429 Flor.
1412 1357 1509 1428 Tom.
1536 1379 1566 1429 2.
1591 1383 1622 1448 p.
1643 1380 1694 1450 34.
1717 1361 1752 1430 dc
1771 1364 1844 1435 ura
1870 1317 1973 1451 Rlpea

610 1452 691 1524 part.
708 1459 737 1504 u.
757 1451 805 1504 tit.
818 1458 870 1523 35.
890 1460 917 1501 c.
935 1458 963 1500 1.
987 1459 1018 1501 n.
1032 1455 1085 1521 25.
1952 1497 1957 1504 .

531 1559 568 1645 c)
589 1558 662 1629 Vid.
678 1557 844 1625 Thomala.
863 1567 941 1643 part.
960 1576 990 1642 3.
1012 1558 1065 1624 lib.
1088 1577 1117 1627 1.
1137 1580 1164 1626 c.
1183 1567 1235 1642 38.
1259 1576 1289 1623 n.
1305 1575 1335 1622 1.
1358 1556 1394 1623 dt
1409 1556 1441 1628 ό.

1105 1758 1142 1843 ς.
1199 1754 1360 1831 XXVI.

617 1890 786 1985 Quoniam
806 1913 888 1963 vero
904 1890 1017 1988 plures
1032 1891 1094 1964 bac
1114 1890 1244 1962 ratione
1260 1886 1423 1963 Abbatiae
1439 1888 1604 1986 pluraque
1622 1888 1826 1966 Monasleria
1840 1887 1914 1970 fere
1930 1891 1975 1968 ad

492 1982 674 2082 egestatem
696 1986 828 2058 rcdaiia
855 1985 1015 2071 suerunt,
1047 1985 1159 2084 etpost
1182 1987 1315 2060 tandem
1333 1988 1523 2060 Ludovicus
1546 1994 1624 2059 Pius
1645 1993 1680 2060 in
1705 1994 1861 2064 comitiis
1885 2016 1974 2065 anno

497 2099 582 2177 817.
604 2087 809 2181 Aquisgrani
829 2084 948 2157 habitis
970 2083 1197 2180 definiunt),
1223 2086 1324 2180 quid,
1348 2085 1466 2181 quale,
1492 2108 1696 2182 quantumve
1717 2087 1842 2183 fingula
1861 2114 1977 2162 mona·

491 2180 594 2256 steria
609 2208 670 2280 pet
684 2187 836 2275 Regnum
853 2182 999 2279 dispersa
1013 2183 1092 2255 dare
1111 2187 1280 2253 annuatim
1295 2186 1378 2276 Regi
1394 2182 1556 2271 debeant,
1583 2206 1683 2280 atque
1701 2186 1868 2283 aliquibus
1888 2185 1975 2262 solae

494 2284 665 2354 orationes
683 2282 716 2352 dr
733 2305 849 2377 preces
865 2307 928 2377 pro
945 2281 1085 2374 Rege&
1106 2284 1222 2374 Regno
1244 2275 1449 2378 fundendam
1473 2282 1546 2353 aliis
1566 2279 1635 2352 sola
1659 2283 1745 2355 dona
1769 2283 1895 2383 absque
1912 2285 1976 2358 tui·

495 2378 589 2462 litia,
612 2378 683 2451 aliis
703 2377 847 2474 deniqne
866 2379 999 2450 &dona
1016 2379 1217 2450 &militiam
1235 2402 1300 2472 pro
1315 2376 1519 2471 singulorum
1532 2386 1730 2476 quorumvis
1747 2378 1831 2455 statu
1849 2382 1884 2454 dr
1897 2394 1978 2454 coni

494 2474 626 2547 ditione
649 2472 834 2573 imposuit,
867 2473 977 2571 ficque
1002 2474 1167 2591 aliquibus
1189 2476 1262 2547 aliis
1286 2477 1444 2569 equidem
1466 2501 1601 2574 praeter
1625 2482 1796 2575 paroecias
1822 2478 1977 2552 Ecclefiis
2112 2507 2118 2522 ·

494 2575 725 2752 iqurunitates
749 2598 767 2646 a
790 2571 922 2648 tributis
946 2600 1062 2648 annuis
1085 2569 1254 2658 concello,
1281 2575 1429 2672 reliquas
1452 2600 1535 2649 vero
1558 2598 1674 2650 omnes
1701 2577 1822 2651 iisdem
1849 2572 1977 2652 subesse

520 2695 557 2746 ec
572 2693 691 2746 aravit.

506 2923 510 2930 ι
536 2846 573 2917 a)
594 2839 742 2924 Eginatd.
761 2842 794 2905 in
807 2839 908 2904 annal.
927 2839 1003 2922 Reg.
1022 2836 1127 2904 Fratre.
1141 2839 1179 2902 ad
1195 2839 1312 2906 distant
1328 2859 1444 2905 aunum
1459 2843 1503 2906 lta
1523 2842 1649 2926 scribit:
1673 2840 1888 2907 constitutum
1902 2839 1978 2906 scti-
2068 2874 2080 2886 =

612 2922 795 2997 benefecit,
818 2943 897 3006 qnae
911 2922 1097 2987 Monasteria
1118 2927 1149 2987 in
1165 2922 1278 3006 Regno
1299 2925 1354 2989 vel
1379 2925 1518 3007 Imperio
1536 2925 1592 2988 suo
1612 2926 1695 2986 dona
1710 2924 1745 2988 dc
1764 2924 1909 2988 militiam
1924 2922 1976 2986 la·

612 3024 684 3070 cere
702 3006 835 3078 debent,
859 3025 939 3088 quse
954 3005 1019 3069 sola
1039 3007 1122 3069 dona
1150 3004 1212 3070 line
1229 3007 1363 3081 militia,
1395 3026 1476 3090 qnae
1495 3027 1576 3070 vero
1601 3008 1782 3079 necdum,
1811 3025 1871 3068 uae
1891 3006 1976 3070 mili-

611 3089 708 3158 tiam‚
729 3086 778 3151 sed
795 3087 876 3151 solas
891 3091 1055 3151 orationes
1076 3107 1134 3170 pro
1148 3087 1246 3151 salute
1260 3089 1464 3171 imperatoris
1481 3088 1534 3153 vel
1553 3089 1692 3154 filiorum
1713 3090 1784 3171 ejus
1807 3086 1841 3152 dt
1860 3086 1978 3152 stabili·

611 3179 680 3233 uta
695 3168 840 3250 Impetii3
863 3171 912 3232 his
936 3169 1102 3253 praediiiis
1119 3171 1315 3234 Monastetiis
1334 3171 1511 3255 Imperator
1525 3171 1676 3235 statutum
1700 3173 1791 3237 scribi
1808 3170 1904 3239 fecit,
1927 3180 1978 3233 ab·

613 3269 675 3332 qne
698 3271 790 3313 manu
807 3251 1033 3321 intimavit,
1054 3251 1089 3312 dr
1105 3252 1223 3312 annulo
1241 3253 1298 3313 suo
1314 3254 1466 3333 imperiali
1478 3254 1613 3336 sigillare
1626 3254 1714 3322 seuit.
1757 3251 1877 3318 Confer
1887 3251 1974 3319 Het-

614 3334 679 3399 tius
694 3335 726 3399 iu
744 3334 848 3400 Notit.
865 3332 963 3419 Regu.
984 3331 1091 3398 Frauc.
1108 3350 1183 3416 c.4.
1207 3335 1235 3414 §.
1261 3351 1313 3416 54.
1336 3353 1368 3415 p.
1390 3352 1463 3402 210.
1879 3329 1885 3336 “
1922 3341 1926 3348 “

1103 3525 1136 3628 q.
1183 3525 1363 3602 xxvii.

586 3709 588 3714 ·
616 3659 719 3735 Hisce
747 3663 954 3761 temporibus
986 3662 1115 3736 nullum
1143 3659 1337 3734 'adhucdum
1365 3660 1512 3736 Ordines
1535 3660 1677 3758 Imperii
1700 3655 1753 3754 jus
1776 3650 1976 3729 collesiandi

498 3757 648 3836 subditos
673 3760 730 3833 sibi
757 3786 1017 3855 arrogaveruot;
1057 3761 1144 3833 solus
1172 3767 1300 3858 quippe
1322 3785 1385 3856 per
1407 3763 1594 3856 imperium
1625 3762 1792 3829 Dominus
1814 3752 1977 3828 Steuralis

497 3863 571 3932 Rex
586 3856 656 3955 ipse
672 3883 760 3942 erat3
783 3885 821 3931 ex
838 3885 905 3956 quo
923 3886 1003 3932 vero
1019 3858 1160 3932 emiolia
1175 3863 1306 3951 Regum
1321 3857 1611 3950 carolingicotum
1627 3860 1695 3928 Stir
1721 3879 1760 3935 e,
1786 3852 1820 3923 nr
1843 3855 1876 3922 in
1898 3874 1977 3943 pro·

498 3952 609 4052 gressu
622 3960 694 4029 nevi
709 3959 810 4029 medii
826 3956 1035 4030 autoritas&
1049 3954 1191 4055 potestas
1207 3960 1337 4049 Regum
1355 3954 1576 4050 posteriorum
1589 3881 1795 4030 decressere,
1822 3948 1878 4020 illa
1893 3971 1977 4021 vcro

497 4057 681 4128 Procerum
699 4053 845 4128 crescere
859 4059 990 4153 coepit,
1015 4059 1107 4127 varia
1127 4056 1162 4126 hi
1179 4052 1236 4125 libi
1252 4053 1467 4152 pededentim
1480 4053 1604 4146 regalia
1625 4047 1850 4146 adquisivere,
1874 4067 1977 4142 atque

498 4150 587 4228 aden
598 4143 775 4226 culleum
786 4154 825 4225 ad
843 4178 971 4226 morem
987 4177 1137 4226 veterum
1153 4157 1283 4245 Regum
1297 4156 1504 4224 Francorum
1521 4149 1666 4224 subditos
1685 4146 1759 4218 snus
1775 4164 1977 4240 coeperunt,
2056 4199 2059 4206 ,

500 4249 611 4323 donec
630 4248 665 4320 dr
688 4253 698 4322 i
727 4250 765 4321 fis
787 4253 920 4322 tandem
947 4249 1097 4321 Ecclesris
1120 4249 1245 4322 tributa
1268 4249 1417 4322 indicere
1441 4244 1732 4345 praesumpserint.
1795 4245 1979 4334 contigere

499 4347 586 4421 baec
602 4276 801 4442 potislrpmum
818 4346 877 4421 sub
894 4347 1041 4439 Regibus
1056 4347 1170 4418 Selleis
1185 4347 1217 4418 dt
1233 4350 1360 4418 Sucvis.
1412 4344 1629 4418 Occafinnem
1649 4339 1873 4416 exabiionibus
1889 4336 1979 4412 hisce

500 4447 643 4518 omnino
658 4440 875 4518 favorabilem
893 4443 1147 4543 suppeditabant
1168 4439 1359 4539 frequentia
1383 4442 1503 4515 Sedem
1527 4438 1734 4512 Pontificiam
1756 4444 1844 4515 inter
1859 4437 1890 4507 dt
1907 4441 1980 4514 lm*

524 4544 636 4615 esium
652 4539 796 4628 dilsrdia,
822 4542 943 4639 quibus
963 4539 1157 4614 durantibus
1176 4564 1219 4613 ne
1241 4546 1435 4612 Proceresa
1461 4537 1599 4613 Caesare
1623 4534 1854 4613 defleiierent,
1877 4537 1980 4620 (amn-

523 4662 582 4716 snt
623 4642 726 4735 uippe
741 4640 846 4741 aliqui
861 4636 1038 4720 Pontffices
1063 4641 1351 4719 excommunicare
1371 4634 1466 4715 subin
1482 4643 1710 4740 Imperatores
1732 4632 1792 4714 fibi
1812 4625 1979 4710 infensos»

610 4733 769 4821 ΜΝ.
1248 4733 1366 4814 Llll
1502 4825 1507 4834 Ι
1689 4753 1692 4758 ·
1831 4722 1982 4810 'declus
2101 4791 2109 4809 .
