5017 5592
380 4243 382 4250 '
514 4225 651 4301 rocetos
683 4226 900 4302 Ecclesmrum
925 4227 1226 4310 Germsnicrrum,
1252 4229 1404 4325 dejure,

470 630 579 747 4ηε·
714 595 792 607 ”
939 587 1519 707 ntss'rrtrnrro

502 836 618 895 mento
641 809 998 910 censentflentopete
1020 813 1110 885 enim
1132 813 1359 908 1npentores
1382 808 1499 884 cessisse
1518 807 1717 885 Pontificum
1740 812 1870 908 placitis
1888 815 1923 885 in
1942 838 1982 888 re

504 915 588 988 rdeo
609 911 666 985 sbi
689 908 843 993 favente,
869 910 1012 1008 jureque
1028 909 1086 982 fibi
1113 934 1208 982 cetto
1235 914 1310 1005 quis
1334 908 1524 983 edsirmrbit
1547 908 1629 981 sene
1653 915 1806 983 mentis?
1832 914 1982 985 Proinde

504 1005 728 1088 inconcussum
742 1013 782 1081 iis
802 1008 1018 1105 scriptoribus
1035 1009 1195 1104 perduret
1215 1006 1396 1080 sddussum
1416 1005 1688 1091 fundamentum,
1710 1036 1769 1080 nec
1784 1011 1838 1104 jus
1856 1014 1985 1105 prims·

503 1114 632 1183 riarum
651 1131 788 1207 precum
806 1132 881 1179 ente
896 1107 1106 1180 Concordem
1121 1103 1219 1179 firmo
1241 1103 1411 1178 substitisse
1428 1108 1532 1203 pede,
1557 1110 1665 1178 necin
1686 1110 1907 1179 Concordotis
1923 1105 1984 1179 sle·

504 1207 659 1382 elsimms
678 1204 732 1278 sed
743 1211 857 1304 potius
873 1202 897 1279 fi
910 1205 991 1305 quid
1006 1206 1078 1303 ejus
1091 1205 1143 1277 rei
1162 1200 1311 1290 substet,
1325 1203 1426 1305 pusio
1441 1205 1502 1279 illo
1518 1204 1645 1287 solenni
1661 1205 1792 1279 obicem
1807 1206 1978 1303 quendem

553 1323 743 1413 eposium.
844 1333 846 1337 ·

524 1535 526 1537 ,
541 1473 586 1557 a)
605 1470 660 1539 Sic
673 1471 808 1539 edisserit
819 1471 884 1547 Jur.
896 1474 984 1539 Eccs.
997 1472 1083 1539 Prot.
1097 1474 1148 1538 tit.
1161 1472 1201 1538 de
1217 1472 1314 1558 preb.
1330 1472 1365 1538 dr
1379 1473 1493 1557 dignit.
1508 1474 1540 1554 s.
1562 1471 1645 1539 CIII.
1690 1478 1714 1514 ‘⁴
1726 1471 1878 1537 Preterer
1891 1474 1986 1539 ἀεὶ·
2016 1503 2021 1510 ·

619 1559 711 1641 piunt
729 1556 881 1621 beneficit
892 1558 953 1621 sedi
970 1556 1072 1639 Popili
1086 1554 1258 1630 reservate,
1281 1576 1352 1638 quae
1368 1559 1516 1620 dicuntur
1537 1576 1650 1620 vacere
1668 1556 1698 1618 in
1717 1554 1808 1619 Curis
1824 1555 1858 1618 dc
1874 1575 1986 1620 receu-

619 1638 726 1702 sentur
739 1641 770 1702 in
784 1639 919 1703 Extrsv.
933 1660 1049 1704 comm.
1062 1638 1098 1704 C.
1111 1640 1167 1701 Ad
1181 1640 1328 1721 Regimen
1343 1659 1390 1721 13·
1405 1638 1435 1704 h.
1449 1651 1472 1701 t.
1490 1641 1559 1701 sunt
1570 1638 1639 1700 sraec
1651 1638 1802 1701 beneficis
1816 1640 1912 1701 etiem
1926 1638 1985 1701 Ps-

644 1741 672 1783 ae
683 1721 837 1783 reservem
852 1725 884 1784 in
897 1720 1108 1786 concordatis
1120 1724 1260 1784 nationis
1277 1720 1491 1788 Germanice,
1522 1719 1557 1784 dc
1570 1724 1641 1801 quir
1662 1719 1796 1783 Caesrres
1817 1721 1982 1786 voluntsti

620 1742 787 1869 lentiscis
804 1805 833 1866 se
847 1804 1041 1886 quordhsnc
1053 1801 1297 1871 reservationem
1313 1804 1616 1873 accommodarunt,
1637 1804 1709 1868 inde
1728 1800 1886 1877 inserunt,
1908 1804 1982 1868 haee

622 1907 689 1950 uon
704 1897 826 1948 tentum
841 1889 879 1951 ab
889 1888 1045 1950 ordinetis
1061 1884 1265 1968 provisione,
1288 1884 1336 1962 sed
1354 1887 1449 1950 etiem
1471 1908 1490 1947 e
1513 1886 1656 1967 precibus
1673 1886 1825 1968 primariis
1844 1896 1985 1967 excepte

622 1968 702 2036 esse,
725 1967 755 2029 id
772 1972 856 2048 quod
871 1983 976 2032 temen
992 1971 1031 2032 td
1045 1968 1164 2032 menses
1179 1966 1306 2050 Prpsies
1322 1988 1386 2029 non
1403 1969 1650 2031 extendendum.
1668 2010 1689 2038 „
1731 1967 1898 2030 Rationem
1922 1969 1987 2031 hu·

621 2049 1072 2197 issi‘zssssssis‘s‘22
1086 2049 1799 2214 silisississssrsssiiissssss
1812 2050 1987 2214 {leigii

855 2177 865 2207 ,
1372 2181 1377 2189 .

621 2211 775 2279 benefici·
787 2216 818 2276 in
831 2215 986 2278 mensibus
1003 2216 1166 2297 Peprlibus
1178 2215 1322 2277 vscrntia
1337 2214 1510 2292 extendere
1534 2211 1677 2295 possunt.
1707 2211 1788 2274 haud
1811 2210 1986 2278 difficulter

451 2307 455 2315 '
556 2319 558 2324 ·
622 2295 668 2359 est
684 2297 878 2380 intelligere.
898 2300 979 2361 idem
995 2298 1101 2360 locum
1120 2297 1235 2360 habere
1247 2299 1278 2358 in
1295 2297 1363 2359 eliis
1377 2294 1641 2381 perConcotdsts
1656 2294 1716 2357 sedi
1727 2294 1921 2377 Apostolicae
1935 2318 1987 2361 re-

619 2379 752 2444 servetis
767 2379 946 2446 beneficiis.
964 2380 1019 2443 nisi
1034 2377 1177 2459 expresse
1193 2401 1210 2440 s
1226 2379 1432 2442 Pontificibus
1446 2381 1478 2441 in
1489 2373 1619 2441 indultis
1633 2377 1832 2458 excipientur
1843 2397 1852 2439 :
1864 2400 1906 2441 ex
1918 2399 1987 2459 quo

620 2460 783 2525 manifeste
797 2461 1014 2542 consequitur,
1049 2461 1155 2542 quoad
1170 2462 1222 2523 ills
1242 2462 1393 2524 beneficis
1409 2461 1565 2524 reservate
1587 2459 1721 2523 Caesttes
1738 2478 1802 2521 nnn
1818 2459 1985 2527 volenteis

620 2542 812 2608 Pontificum
832 2541 892 2605 sese
905 2538 1174 2615 adcommodssse,
1199 2542 1249 2604 sed
1290 2544 1377 2605 otius
1396 2542 1510 2604 horum
1527 2542 1589 2623 juti
1609 2554 1699 2603 certo
1715 2542 1748 2603 in
1769 2540 1985 2608 concordetis

644 2622 777 2696 naefito,
803 2626 834 2686 in
846 2639 996 2705 quentum
1013 2624 1107 2687 iidem
1118 2643 1182 2686 uon
1197 2623 1248 2686 sus
1265 2563 1376 2708 sponte
1390 2625 1421 2686 in
1440 2623 1585 2688 favorem
1599 2622 1752 2688 Caesarum
1769 2625 1809 2687 de
1820 2624 1878 2689 illo
1890 2627 1987 2692 temi-

636 2719 744 2785 erunt,
766 2705 797 2769 se
811 2704 1038 2785 conformasse,
1058 2726 1118 2772 uec
1131 2726 1241 2791 precer
1257 2704 1326 2772 sues
1341 2705 1424 2770 ultre
1436 2703 1621 2771 extendisse.

1189 2928 1219 3016 §-
1269 2921 1313 2996 x.

628 3056 760 3156 Qtibus
783 3051 939 3127 omnibus
963 3054 997 3127 dr
1025 3051 1159 3148 singulis
1181 3058 1359 3152 utriusque
1382 3053 1548 3129 sententie
1571 3052 1627 3128 sbi
1657 3056 1799 3127 invicem
1825 3051 1990 3151 opposite

508 3165 693 3229 'momentis
717 3160 749 3225 in
771 3157 919 3225 medium
946 3156 1076 3234 essetis,
1100 3152 1238 3245 seligere
1263 3181 1361 3225 uriom
1385 3155 1563 3225 alteramve
1593 3158 1786 3250 opinionem
1808 3152 1988 3247 cujuslibet

512 3257 658 3327 libertati
689 3256 867 3347 relinquo:
895 3250 917 3321 s
940 3256 1014 3345 quis
1038 3276 1147 3321 tamen
1173 3279 1210 3323 ea
1235 3252 1464 3351 pensiculatius
1489 3254 1668 3348 expendet,
1693 3252 1788 3323 facile
1814 3250 1987 3349 persuasus

514 3356 597 3435 erit,
629 3354 836 3425 Concordem
855 3348 923 3446 juri
946 3352 1182 3444 primitiarum
1211 3377 1348 3446 precum
1375 3376 1508 3421 eatenus
1532 3350 1678 3431 oltslare,
1702 3375 1737 3421 ut
1761 3354 1989 3446 smperstnres

511 3452 638 3547 absque
661 3445 836 3521 Pontificio
858 3444 1014 3519 consensu
1039 3446 1194 3543 precislas
1211 3450 1250 3516 cd
1269 3445 1426 3518 beneficis
1449 3444 1516 3520 sedi
1543 3448 1743 3545 Apollolice
1758 3451 1791 3516 in
1814 3450 1854 3518 iis
1880 3446 1981 3518 teser·

511 3575 583 3620 veta
608 3554 780 3619 nominare
806 3567 967 3641 nequeat3
989 3545 1079 3637 quod
1100 3571 1180 3617 uero
1204 3541 1388 3624 beneficia,
1414 3570 1489 3642 quae
1507 3548 1546 3614 sd
1577 3546 1764 3618 ordiner-ios
1797 3541 1985 3618 Colletores

513 3651 704 3721 Gcnnnnirs
724 3649 755 3715 vi
782 3640 1243 3736 concotdptottxnspeilutt,
1270 3647 1402 3740 attinet,
1427 3644 1629 3738 Pontificum
1654 3640 1844 3714 consensum
1871 3642 1910 3713 od
1934 3638 1979 3714 ef·

512 3744 635 3815 fesium
655 3768 791 3839 precum
814 3737 1081 3835 consequendum
1103 3739 1192 3832 'lraud
1209 3746 1376 3838 requiret,
1396 3766 1473 3813 curn
1494 3744 1556 3814 hoc
1571 3767 1588 3812 e
1605 3739 1759 3813 consensu
1777 3766 1894 3812 eorum
1905 3740 1986 3813 Col·

511 3844 655 3913 latorum
674 3836 820 3928 expresso
839 3842 895 3926 vel
914 3844 1013 3922 tacito
1033 3837 1128 3910 unice
1147 3839 1336 3935 dependere
1359 3838 1528 3924 videntum
1551 3837 1674 3912 constat
1698 3864 1807 3909 sutem
1826 3864 1864 3909 ex
1885 3834 1988 3912 stillo·¹

512 3943 560 4009 ria
582 3933 759 4035 premissa,
784 3960 859 4014 eos,
879 3937 955 4004 sicet
970 3935 1026 4006 diu
1049 3961 1120 4006 tunt
1147 3938 1301 4029 precibus
1322 3934 1497 4016 Ceserets,
1516 3963 1592 4008 cum
1613 3939 1748 4025 indultis
1770 3934 1987 4032 Aposlolicis,

511 4040 545 4105 in
567 4036 687 4127 quibus
704 4030 879 4106 Pontifices
895 4028 926 4100 se
938 4033 1157 4104 Concorderis
1172 4036 1334 4125 derogare
1349 4031 1591 4132 expresserunt,
1606 4062 1730 4133 parete
1747 4032 1986 4118 detreslarent,

511 4134 646 4224 tandem
667 4157 778 4203 temen
796 4156 859 4226 pto
887 4132 1099 4200 veneratione
1116 4135 1148 4200 in
1176 4129 1319 4203 Celeres
1342 4130 1417 4226 suos
1469 4132 1652 4207 ruteslotes
1678 4133 1709 4206 dc
1733 4130 1971 4226 supremosed

1429 4157 1542 4323 isquod
1561 4225 1606 4314 μ’
1626 4233 1844 4322 concordetis
1868 4227 1985 4312 contre

511 4351 628 4427 preces
645 4325 808 4398 Cesrtess
824 4321 1029 4406 stituerunt,
1053 4331 1224 4403 remittere
1238 4326 1293 4400 sue
1315 4316 1432 4424 sppnte
1454 4324 1715 4413 voluisse,uts1c
1736 4321 1984 4425 protesiionem

511 4426 770 4524 privilegiorum
795 4420 1103 4504 confirmationem,
1124 4426 1273 4521 sltssque
1288 4429 1409 4518 gratiss
1431 4423 1612 4508 Cesareas,
1633 4453 1713 4521 ques
1738 4422 1984 4518 omnibpssuis

511 4547 651 4621 precum
674 4518 913 4618 diplomatibus
933 4521 978 4592 cd.
995 4522 1180 4596 Cossstores
1195 4524 1338 4617 singulos
1355 4520 1497 4596 'dicessit
1515 4525 1655 4621 polliciti
1672 4519 1786 4620 fuere,
1810 4513 1984 4620 promere·

511 4629 639 4724 rentur.
688 4617 856 4721 Equidem
880 4644 948 4698 non
968 4615 1175 4740 diffitendum
1195 4621 1260 4723 css,
1283 4616 1412 4694 indulte
1433 4619 1623 4707 Pontificis,
1643 4623 1677 4695 io
1700 4623 1821 4721 quibus
1847 4619 1984 4697 sontrfiss

1933 4746 1990 4796 ces
