5017 5592
729 425 758 470 Λ

387 697 394 708 ·
418 660 536 740 Dtss.
553 656 622 737 DE
644 656 711 734 EO
733 657 882 762 QUOD
897 657 1028 757 Just.
1043 655 1135 794 EbT
1152 657 1302 736 CIRCA
1320 659 1512 739 RONOR.
1528 658 1791 742 tumultur.
1817 667 1889 763 665

397 840 562 939 -obliquo
579 838 698 939 posbnt
714 838 880 936 affligere,
905 843 994 913 riam
1010 842 1213 934 excogitant,
1240 841 1273 914 dr
1296 844 1467 941 Principes
1489 841 1689 942 persuadete
1709 817 1891 930 conentur,
1963 813 1968 818 Ι

418 941 669 1040 prohibendum
687 938 767 1022 esse,
782 964 823 1013 ne
838 938 924 1010 bona
933 940 1119 1011 immobilia
1131 940 1170 1009 ad
1188 939 1365 1014 Ecclefiam
1377 945 1509 1014 nouiter
1523 937 1782 1026 transferentur,
1799 941 1893 1042 qood

417 1038 495 1113 sane
510 1040 594 1109 nibil
609 1038 697 1109 aliud
712 1035 775 1119 est,
806 1062 908 1133 quam
924 1040 1064 1110 Clericis
1079 1033 1272 1109 facultatem
1287 1040 1420 1112 emendi
1441 1039 1527 1111 bona
1549 1037 1692 1122 stabilia,
1718 1044 1728 1110 i
1756 1039 1791 1112 so
1811 1042 1892 1114 licet

413 1142 500 1239 Jure
516 1142 658 1210 Nature
674 1136 706 1207 u
723 1140 885 1210 Gentium
899 1159 1146 1233 competentem
1160 1135 1327 1220 adimere,
1354 1137 1387 1210 dr
1403 1134 1517 1211 saltem
1532 1162 1595 1236 per
1609 1064 1754 1210 indiredi

414 1233 597 1310 elestaslieae
613 1235 757 1306 libertati
767 1258 887 1346 ⁸eontra
901 1237 984 1347 Reg.
1001 1259 1067 1305 tum
1081 1237 1153 1327 quid
1169 1235 1231 1346 dic.
1247 1253 1306 1312 te.
1328 1239 1367 1348 de
1383 1246 1421 1308 tt.
1431 1241 1469 1336 J.
1484 1244 1565 1352 irruo.
1577 1234 1805 1406 praequdiqare.
1840 1239 1893 1310 lte

416 1329 1259 1506 lllllizbll‘cllllilllltsstillllllllf
1270 1333 1896 1526 ,llilillllllillllllll:

415 1535 646 1624 intelligentiam
661 1532 820 1610 lubenter,
843 1532 926 1614 [erle
942 1533 1066 1602 tramite
1081 1535 1154 1600 redii
1170 1525 1292 1620 sensas,
1316 1535 1349 1600 ier
1370 1532 1503 1622 quedam
1523 1536 1627 1624 inique
1645 1533 1794 1626 &preve
1815 1552 1897 1600 tem·

414 1649 519 1704 mente
546 1632 582 1706 {d
596 1627 769 1719 effertienes
790 1628 977 1718 detestabiles
997 1631 1189 1700 divertentes
1218 1648 1323 1699 tertre
1349 1629 1525 1724 patestatem
1553 1632 1693 1728 &ferte
1719 1632 1894 1722 Principum

416 1748 633 1822 prerunpunt,
668 1731 725 1821 qui
750 1725 949 1796 illimitatam
971 1721 1121 1797 Ecclesia
1143 1721 1331 1798 libertatem
1350 1726 1536 1811 vindicant,
1568 1749 1782 1828 quorumque
1800 1725 1894 1802 reiut

413 1823 620 1899 rubricatam
638 1825 894 1896 Ordinatiooem
910 1826 1109 1921 impugnare
1130 1822 1274 1897 videtur.

535 1979 721 2078 Equidem,
748 2004 823 2054 curn
841 1977 882 2051 de
899 1980 1076 2081 principali
1091 1979 1227 2077 Judicio
1241 1973 1412 2075 disputare
1424 2003 1492 2052 non
1507 2001 1681 2080 oportent,
1707 1978 1749 2056 de
1758 1977 1896 2082 Jullitie

415 2079 519 2178 hujus
539 2076 804 2155 Clementiffime
820 2076 1051 2154 ordinationis
1067 2100 1195 2154 tautum
1218 2071 1405 2156 discurrere
1426 2079 1513 2156 velle
1532 2078 1731 2177 sacrilegum
1748 2079 1898 2159 ridetur.

412 2202 470 2278 pet
488 2187 527 2253 L.
545 2206 577 2269 3.
596 2190 632 2251 6.
648 2182 685 2250 tle
701 2183 796 2250 crim.
814 2180 920 2251 Seteil.

537 2309 620 2394 Sed,
645 2335 740 2394 cum,
766 2310 883 2407 otjam
898 2308 1060 2408 praemisi,
1082 2309 1301 2385 nihilominus
1315 2311 1451 2409 quidam
1467 2309 1547 2394 sint,
1567 2311 1625 2408 qui
1667 2311 1790 2385 eteroia
1805 2308 1897 2390 hisee

415 2411 631 2506 Principum,
656 2407 750 2482 saluti
768 2409 975 2484 subditotum
990 2407 1228 2507 circumspedie
1244 2409 1570 2508 seimpendentiunt,
1594 2335 1664 2482 Dis

418 2509 571 2606 quamvis
587 2533 641 2582 eas
657 2506 722 2603 jam
738 2507 870 2603 pridem
887 2514 918 2576 V
922 2509 961 2577 iri
979 2505 1151 2579 doslislimi
1166 2512 1302 2601 egregie
1319 2505 1547 2590 defenderint,
1573 2510 1678 2580 nimia
1700 2505 1898 2605 scrupulose·

418 2628 487 2681 tate
505 2606 536 2677 u
554 2631 673 2701 parum
688 2602 836 2676 modesta
848 2604 888 2676 de
912 2600 1008 2675 fassit
1031 2608 1224 2701 Principum
1247 2603 1422 2679 disserendi
1446 2607 1594 2688 licentia,
1619 2607 1757 2676 Divinas
1778 2605 1812 2677 dt
1833 2605 1899 2678 be·

418 2727 555 2786 manas,
573 2701 806 2774 Ecclesiasticas
823 2700 1021 2797 &politicae
1039 2700 1317 2787 constitutiones,
1343 2706 1413 2774 imo
1431 2703 1463 2776 dt
1479 2700 1587 2800 ipsum
1599 2697 1819 2775 formidandae
1835 2705 1899 2774 Ex·

417 2802 731 2874 communicationis
747 2795 873 2873 fulmen
889 2802 1136 2899 praecipitanter
1152 2800 1371 2884 obmoveant,
1396 2805 1479 2898 quin
1495 2824 1606 2872 tarnen
1623 2799 1736 2874 solidis
1756 2801 1897 2898 opinio-

417 2921 495 2976 nem
511 2893 600 2968 suam
620 2896 805 2969 terribilem
823 2895 1007 2970 rationibus
1023 2900 1191 2982 munient,
1219 2925 1287 2970 non
1303 2899 1358 2970 rba
1382 2924 1419 2972 re
1436 2896 1512 2971 sore
1533 2897 1631 2981 duxi,
1657 2898 1812 2982 illorum,
1835 2899 1897 2996 qui

368 3039 371 3044 -
419 2992 516 3068 dislae
531 2996 744 3066 ordinationi
761 2992 1026 3088 clementissimae
1042 3020 1154 3069 notam
1170 2994 1341 3091 injustitie
1355 2995 1492 3070 adsuere
1506 2996 1592 3069 velle
1604 2995 1778 3078 videntur,
1798 3019 1898 3090 argu·

385 3085 389 3102 '
418 3115 530 3168 mente
545 3090 674 3164 curiose
689 3118 905 3189 percurrere,
933 3093 965 3164 dr
986 3095 1135 3189 pauculis
1153 3096 1193 3167 de
1209 3095 1375 3169 bonorum
1389 3092 1691 3170 Ecclesaslicorum
1705 3095 1837 3186 origine
1859 3089 1898 3168 ἀ

419 3190 578 3287 qualitate
594 3189 761 3270 subnexis,
779 3189 881 3285 ipsam
900 3188 940 3261 sic
956 3190 1077 3262 distem
1092 3200 1201 3285 Legem
1217 3199 1474 3270 Amertizetitrris
1487 3197 1522 3263 in
1537 3216 1661 3284 genere
1673 3188 1898 3290 perlustrate,

416 3287 627 3390 prelaudatae
643 3285 736 3359 simul
753 3287 983 3358 Ordinationia
998 3285 1263 3358 Clementiliime
1277 3289 1466 3361 evidentem
1479 3287 1646 3382 Juslitiatn
1655 3337 1665 3373 ,
1690 3289 1896 3383 argumentis

418 3383 695 3461 Adversariorum
713 3382 746 3457 se
764 3382 832 3483 ipsa
849 3381 1105 3468 resolventibus,
1129 3380 1269 3483 positive
1288 3381 1478 3459 asserturus.

535 3544 733 3637 Priusquam
750 3564 859 3617 temen
875 3543 944 3618 hec
956 3540 1234 3616 Adversariorum
1247 3563 1441 3636 argumenta
1454 3538 1659 3625 recenleem,
1685 3559 1898 3638 premonet·

419 3640 499 3715 dum
514 3637 577 3713 else
591 3640 754 3721 arbitror,
789 3641 915 3735 duplici
941 3639 1163 3713 dissentientes
1181 3643 1233 3712 via
1249 3640 1319 3712 suae
1343 3643 1376 3711 in
1399 3643 1502 3711 aciem
1527 3639 1708 3737 phalangea
1732 3639 1897 3722 educere,

417 3763 560 3838 quarum
579 3764 642 3809 una
662 3735 898 3812 Ecclesiasiieoe
914 3738 954 3811 ab
968 3739 1122 3811 omnibus
1140 3738 1295 3821 triburie,
1314 3735 1547 3832 reiligaubur,
1573 3739 1729 3832 gabellii,
1751 3735 1898 3832 jorede·
1990 3725 2004 3748 ⁴

420 3835 563 3918 troilus,
591 3837 623 3908 dr
648 3836 719 3905 aliie
741 3837 1041 3909 contributionibua
1062 3839 1102 3908 ad
1127 3833 1327 3908 resedliouer
1350 3859 1502 3916 viarum,
1528 3839 1701 3932 pontium,
1729 3831 1896 3918 sontium,

421 3959 596 4008 murorum
612 3958 668 4005 aut
682 3958 825 4030 operum
841 3959 877 4007 ae
894 3933 1116 4008 necessitatum
1133 3933 1344 4044 publicarum
1367 3932 1548 4014 sostendit,
1574 3930 1796 4030 exceptoresu
1810 3931 1900 4004 sum·

418 4057 483 4107 tute
499 4028 709 4113 neceffitatia,
727 4035 760 4101 in
775 4056 897 4124 genere
912 4037 1076 4105 immunes
1093 4033 1154 4105 elle
1169 4027 1330 4116 asserunt,
1352 4035 1386 4104 in
1404 4033 1506 4105 altera
1525 4055 1607 4106 reto
1621 4035 1693 4114 ria,
1718 4053 1760 4102 ne
1773 4027 1897 4104 scilieet

418 4142 547 4206 Manes
565 4127 781 4202 Ecclestarum
798 4134 832 4199 in
849 4130 1052 4228 acquirendo
1074 4157 1178 4210 vive,
1201 4135 1234 4200 in
1257 4129 1430 4203 reddendo
1453 4152 1575 4202 mettre
1596 4125 1637 4200 ab
1661 4129 1814 4200 ulteriori
1829 4131 1900 4202 lm·

419 4229 582 4300 munitate
596 4231 681 4297 circa
698 4253 750 4298 rea
765 4229 897 4303 noviter
916 4229 1133 4325 acquirendae
1150 4225 1273 4300 futurit
1288 4227 1497 4326 temporibut
1514 4225 1694 4299 exercenda
1713 4225 1898 4324 impedito·

419 4349 492 4406 tut,
520 4325 553 4396 id
568 4328 719 4396 evincere
735 4323 902 4408 laborant,
929 4352 993 4398 non
1011 4322 1098 4420 posse
1116 4330 1287 4420 Principes
1304 4325 1420 4398 slarute
1440 4327 1603 4406 condere,
1629 4323 1751 4420 quibua
1772 4325 1897 4396 Clerici

386 4489 388 4494 .
419 4426 586 4497 anoviter
601 4423 811 4516 acquirendis
826 4421 952 4496 direste
968 4425 1018 4498 vel
1037 4423 1197 4496 inditeble
1215 4422 1450 4502 excludantur,
1479 4445 1596 4518 utpote
1612 4449 1682 4516 quet
1701 4429 1853 4516 Principes
1864 4427 1897 4490 itt

417 4526 470 4592 bec
486 4521 566 4613 prffu
583 4527 681 4613 potius
695 4526 842 4612 neceffites
859 4526 1050 4620 obsequendi,
1075 4547 1165 4619 quem
1179 4527 1344 4592 erileritei
1360 4527 1524 4618 impetendi
1538 4543 1692 4606 mereret,
1717 4517 1898 4594 secundum

416 4627 493 4715 cap.
514 4645 565 4687 ro.
583 4621 626 4691 Χ.
644 4623 680 4688 dt
695 4621 820 4716 Gensttt.

523 4749 719 4832 Terror.
1229 4755 1384 4854 Pppp
1439 4855 1564 4893 n...
1812 4749 1899 4828 Pte-

1755 1163 1811 1210 um
1828 1142 1896 1213 Eee
2018 1135 2022 1142 ’

1655 2408 1897 2508 positionibue,
2026 2441 2029 2446 ·
2060 2377 2067 2386 „
