5017 5592
411 525 417 540 '
504 587 576 665 702
949 555 1527 635 ntssrnrnrto

503 767 552 818 tur
576 743 630 830 ille
646 741 753 832 alufus
770 745 805 818 dd
823 745 908 812 vitis
930 768 967 811 ex
987 743 1086 835 opibus
1106 752 1313 832 erumperent?
1362 761 1402 828 n.
1430 738 1579 810 Eandem
1597 735 1795 834 ipsissimam
1813 731 1878 809 else
1895 737 1984 808 tatio·

505 868 603 923 nem,
630 839 837 936 quaeobllat,
863 844 1043 933 quominus
1063 838 1278 928 Mtgissratus
1302 839 1482 920 Politicus,
1509 839 1587 908 licet
1610 835 1706 908 serto
1726 838 1760 908 s,-
1788 841 1871 927 igne
1892 859 1986 903 arms·

504 963 578 1019 tus,
607 941 639 1008 in
659 935 735 1006 soro
753 937 892 1007 Politico
908 961 1023 1036 omncs
1040 931 1134 1031 pulstt
1152 933 1268 1005 abusus
1287 934 1471 1014 succidere,
1496 933 1550 1006 sed
1564 933 1729 1030 quosd'am
1746 930 1988 1006 tolerstctrisli

504 1031 851 1128 cogatutoecelsttate.
904 1033 1117 1129 AdStryt-ltu
1139 1030 1470 1104 &Husliantttbcsin
1499 1059 1523 1108 u
1560 1039 1607 1102 Er
1621 1033 1787 1105 immel'a
1811 1031 1872 1102 illa
1891 1053 1989 1125 upum

505 1136 703 1205 donaturum
719 1138 749 1202 vi
766 1139 877 1226 primo
897 1137 1055 1202 metimur
1073 1157 1231 1228 pretorem
1257 1133 1429 1225 Majorum
1451 1129 1658 1212 nossrorum,
1686 1157 1777 1226 quos
1794 1153 1910 1200 tamen
1930 1153 1990 1198 non

368 1319 373 1328 Ι
505 1235 665 1324 legimus,
691 1229 735 1298 ob
749 1233 781 1298 id
801 1233 1016 1324 pauperiores
1034 1229 1203 1302 deceslille.
1256 1229 1385 1301 Deinde
1400 1233 1579 1310 miramur,
1593 1227 1920 1326 opcsEceleliarum
1935 1223 1987 1296 sub

505 1335 593 1399 avita
617 1327 790 1418 Religione
811 1351 878 1396 tam
902 1331 1041 1397 divitum
1064 1329 1147 1398 eden
1169 1352 1307 1422 repente
1342 1325 1515 1398 diffluxisse
1543 1327 1615 1424 posi
1646 1353 1769 1400 earum
1795 1321 1988 1398 secessum·

506 1425 667 1496 Pontilice
691 1427 721 1492 dt
746 1424 810 1493 side
830 1429 996 1503 Romana,
1023 1449 1163 1496 ututur
1190 1426 1226 1497 lit
1245 1451 1331 1519 opus
1353 1431 1573 1504 Constantino:
1607 1426 1764 1520 adeoque
1795 1419 1991 1494 salsumell'e

505 1521 649 1594 scotutna
674 1525 772 1589 iilud:
805 1527 995 1608 Ettlest'strmt
1022 1527 1054 1596 ἐξ
1081 1531 1260 1592 t,lrrrtarrrrtt
1280 1535 1374 1606 lurcos
1398 1529 1432 1598 l?
1457 1531 1564 1592 luculos
1584 1551 1687 1592 carcre
1709 1527 1838 1612 lunda,
1870 1523 1991 1616 quippe
2020 1555 2023 1560 ·

508 1645 608 1716 quern
634 1627 728 1688 cinus
753 1615 861 1698 sorte,
896 1647 994 1714 quum
1019 1622 1159 1698 vellent,
1193 1629 1362 1690 incentum
1388 1617 1450 1690 esse
1473 1617 1584 1714 passim
1609 1643 1878 1717 conqueruntur
1900 1623 1991 1688 eriam

507 1715 727 1787 diffidentesa
748 1723 854 1787 Sacrts
873 1715 1009 1795 nullris;
1036 1741 1071 1786 ut
1090 1741 1179 1812 patet
1195 1743 1231 1788 ex
1249 1717 1389 1812 ipsimet
1406 1719 1465 1788 illu
1480 1716 1624 1813 Sttyckii
1644 1721 1721 1789 loco
1737 1723 1799 1789 cit.
1824 1743 1858 1786 n.
1875 1743 1934 1788 ιι.
1955 1723 1991 1786 Et

507 1821 650 1909 quanvis
665 1821 751 1883 irrdir
766 1840 818 1908 pro
834 1821 926 1886 dolor.
945 1817 997 1885 &c
1061 1820 1101 1886 Et
1118 1819 1277 1911 quorsum
1300 1821 1443 1910 denique
1460 1815 1571 1886 odiosa
1588 1813 1645 1886 isla
1661 1818 1886 1887 enumeratio
1899 1811 1990 1884 boun

507 1937 585 1984 rum
603 1938 639 1981 tc
660 1915 829 1983 redituum
853 1910 1182 1984 Ecclefiassicnrum?
1222 1939 1261 1984 ur
1284 1914 1423 1985 doceant
1441 1909 1611 2009 Principes
1634 1915 1886 1994 Orthndosns,
1909 1911 1988 1984 Cleri

508 2035 592 2103 opes
607 2005 670 2080 else
693 2015 862 2102 ingentes,
887 2013 920 2082 id
945 2011 1033 2106 quod
1058 2009 1188 2083 illinon
1212 2010 1371 2084 nesciunt.
1424 2015 1598 2083 Hauriunt
1613 2037 1673 2085 nec
1689 2035 1818 2109 perce,
1844 2035 1907 2082 nee
1923 2031 1989 2082 retu

507 2132 547 2179 ex
563 2111 613 2178 bis
630 2103 795 2190 sontibus,
821 2107 875 2179 sed
894 2135 969 2178 cunt
986 2106 1140 2180 consensu
1159 2107 1376 2192 Pontificum,
1400 2108 1435 2182 id
1459 2107 1644 2194 consecuti,
1675 2137 1717 2184 ut
1739 2107 1991 2206 Gazophyleeie
2025 2103 2031 2112 ¹

507 2203 727 2279 Ecclestarum
745 2233 840 2303 pene
853 2209 976 2278 dixeris
993 2207 1138 2304 deposita
1156 2211 1239 2302 reip.

628 2396 782 2480 sufflas,
808 2405 865 2499 qui
882 2429 957 2474 cum
974 2398 1152 2497 supercilio
1168 2399 1277 2473 asserir
1294 2427 1375 2497 opes
1394 2400 1497 2474 sacras
1515 2428 1532 2471 c
1552 2399 1691 2472 Clericis
1712 2401 1748 2468 in
1772 2401 1921 2482 (celem
1935 2423 1980 2470 ιι

510 2503 620 2572 uriam
635 2503 803 2580 converti,
829 2526 900 2573 tem
917 2503 1051 2597 prorsus
1068 2501 1236 2590 indignam
1260 2495 1542 2592 facir'ingentodt
1566 2498 1759 2571 eruditione
1788 2495 1863 2574 sua.
1911 2499 1988 2570 Peti-

510 2621 586 2670 mus
602 2624 620 2669 a
637 2601 722 2668 Viro
741 2600 832 2672 Clar.
856 2627 896 2671 ne
918 2626 1028 2672 mores
1049 2601 1259 2671 clericorum
1283 2599 1316 2669 dt
1342 2597 1587 2691 Religiosnrum
1609 2620 1773 2666 metiatur
1789 2623 1832 2670 etr
1848 2595 1989 2668 uiteillu·
2029 2631 2033 2644 ·

511 2719 608 2779 rum,
633 2699 691 2791 qui
709 2694 836 2768 excusso
851 2700 981 2770 cucullo
996 2723 1072 2770 cum
1087 2696 1272 2794 appendice
1289 2695 1420 2767 secundi
1437 2701 1569 2787 generis
1584 2696 1623 2764 ad
1639 2692 1743 2764 castra
1760 2695 1990 2770 Heterusloru·
2031 2753 2033 2780 ,

510 2819 588 2866 rum
605 2796 773 2864 interdum
792 2798 1014 2876 transvolant,
1040 2821 1081 2866 ne
1099 2821 1244 2890 unquam
1264 2792 1340 2890 ipss
1355 2793 1435 2865 destr
1453 2794 1680 2890 &impunitas
1698 2791 1733 2863 tlt
1749 2797 1988 2884 materirrjctle·

511 2918 593 2965 ram.
641 2897 733 2988 Siqui
751 2919 788 2962 ex
806 2898 945 2965 Clericis
967 2895 1147 2964 abutuntur
1169 2893 1290 2987 opibus
1313 2890 1411 2963 sacris
1433 2894 1472 2962 ad
1498 2897 1658 2962 materiam
1670 2896 1850 2979 scelerum,
1872 2889 1987 2960 strideo

511 2992 705 3062 innocentes
724 2991 911 3063 involvendi
927 3016 1001 3062 cum
1018 2992 1182 3085 improbis
1201 2991 1231 3059 ἃ
1249 2988 1405 3062 omnibus
1420 2989 1654 3084 extorquendae
1669 3012 1754 3081 opes
1772 2991 1810 3058 in
1835 2985 1987 3060 fundatio·

511 3089 609 3157 nibus
624 3084 809 3176 affignatae?
831 3093 945 3180 Longe
961 3088 1163 3157 moderatius
1182 3088 1266 3158 banc
1292 3089 1325 3156 in
1348 3113 1418 3157 tent
1436 3088 1548 3159 scribit
1565 3091 1607 3156 D.
1628 3089 1656 3155 F
1658 3085 1840 3157 rbltreiscn
1860 3092 1893 3157 in
1914 3091 1986 3157 Ort·

511 3188 602 3254 tione
618 3188 655 3252 tle
671 3188 775 3270 mrsero
792 3189 920 3272 Ertlefiae
932 3187 989 3276 (uc
998 3187 1094 3274 statu.
1160 3189 1256 3255 Putat
1278 3189 1416 3256 omnino
1435 3181 1630 3255 monasteria
1654 3207 1817 3278 tempore
1839 3179 1988 3256 reforma·

511 3286 612 3354 tionis
629 3277 723 3352 fuisse
736 3283 928 3364 retinenda,
954 3281 1159 3353 &vertenda
1179 3285 1211 3352 in
1235 3286 1406 3378 Prytaneo
1429 3280 1664 3353 Minisltotum
1688 3286 1936 3362 emeritorum,
1956 3297 1987 3348 ut

511 3380 673 3452 haberent
689 3404 861 3477 receptum
877 3406 913 3451 ac
933 3377 1127 3476 perfugium
1144 3376 1330 3450 scneslutis.
1371 3381 1434 3451 Sed
1456 3375 1609 3460 Pfaffius,
1635 3383 1682 3449 Ss.
1705 3379 1915 3472 Theologte
1929 3382 1987 3447 Da·

512 3477 604 3560 lior,
630 3478 676 3550 nil
697 3476 755 3548 nist
778 3485 924 3551 Martem
942 3479 974 3550 dt
996 3479 1119 3549 milites
1138 3475 1258 3572 spirat,
1288 3477 1541 3569 &Imperatori
1564 3498 1703 3573 tepente
1720 3473 1801 3547 fistir
1824 3481 1860 3545 in
1879 3495 1986 3570 campo

511 3585 678 3650 exercitum
692 3583 789 3646 altera
805 3601 890 3646 tanto
907 3579 1068 3672 majorem
1086 3603 1104 3646 e
1119 3572 1258 3646 cerebro
1274 3573 1331 3646 suo
1346 3573 1522 3654 educlum,
1537 3599 1576 3645 er
1590 3573 1711 3670 opibus
1730 3573 1873 3644 Cleri&
1888 3573 1987 3642 Eccle-

510 3674 631 3746 fiotum
646 3675 812 3746 alendum.
862 3679 953 3745 Huic
969 3671 1090 3746 Leslor
1105 3673 1261 3743 Erudtte!
1290 3670 1311 3741 fi
1334 3674 1432 3742 addas
1453 3673 1523 3742 illas
1545 3675 1675 3767 copies,
1702 3695 1790 3764 quas
1808 3669 1889 3742 telle
1907 3675 1986 3763 Stry·

511 3772 590 3844 cltio
606 3772 660 3842 vol
690 3798 722 3864 9.
740 3770 839 3867 Disp.
858 3801 879 3846 2
907 3785 934 3842 c.
955 3799 984 3864 5.
1002 3799 1032 3842 n.
1053 3785 1107 3851 ²8·
1156 3775 1270 3841 Simon
1294 3773 1473 3840 Wolderus
1495 3768 1716 3840 Fetdinando.
1736 3772 1762 3838 l.
1785 3773 1878 3863 lmp.
1895 3773 1926 3838 in
1943 3791 1989 3836 cn·

511 3873 616 3942 mitiis
634 3868 833 3963 Augustanis
850 3897 866 3942 e
884 3869 1160 3950 solis,0rdinibus
1180 3867 1448 3938 Mendicantibus
1466 3893 1502 3938 ae
1518 3869 1696 3937 Monrcbis
1713 3863 1895 3946 conflavit,
1910 3862 1987 3935 &ad

511 3975 609 4040 vicies
625 3992 748 4038 centena
764 3973 855 4037 millu
871 3964 1035 4060 assurgere
1050 3971 1204 4061 opinatus
1226 3965 1291 4047 est,
1316 3967 1395 4061 quid
1415 3969 1596 4038 Germania
1620 3960 1810 4034 desiderare
1836 3959 1940 4059 posset
1953 3958 1987 4029 ad

514 4088 680 4136 terrorem
691 4069 817 4135 Tuscis
841 4065 874 4136 ἂ
897 4070 1016 4136 exteris
1034 4063 1189 4135 omnibus
1209 4064 1461 4134 incutiendum?
1486 4060 1668 4159 presertim
1700 4057 1725 4129 fi
1748 4061 1851 4131 illum
1874 4058 1988 4156 ipsunt,

512 4167 571 4258 qui
590 4163 751 4258 preclaro
765 4167 900 4235 invento
915 4190 953 4235 er
968 4163 1062 4233 bonis
1076 4158 1223 4231 Ecclestae
1233 4161 1389 4250 alimenta
1399 4183 1490 4232 tanto
1500 4161 1657 4230 exercitui
1667 4158 1842 4252 providit,
1863 4159 1896 4230 dt
1911 4162 1988 4228 intet

512 4261 595 4330 altos
618 4262 733 4332 titulos
750 4259 781 4331 se
803 4260 914 4334 scribit
936 4265 1087 4334 Albrtem
1109 4257 1359 4340 Lautertrrrfrm,
1384 4259 1470 4328 Clat.
1493 4260 1628 4354 inquam
1655 4257 1800 4346 Psaffiunt
1825 4260 1989 4328 Mtnrrlir

512 4359 668 4428 duremus
688 4365 813 4429 Ducem
839 4357 1199 4448 &Arcbtslratcgumi
1224 4362 1306 4425 Non
1328 4353 1527 4425 succensebit
1547 4359 1597 4425 vir
1618 4353 1708 4424 Clar.
1734 4351 1755 4422 fi
1779 4353 1988 4446 allegoriam,

514 4456 608 4548 eujus
624 4455 692 4551 ipsc
711 4464 818 4549 prima
834 4453 1001 4549 suggessit,
1029 4455 1181 4534 stamina,
1207 4479 1368 4523 conemur
1388 4477 1570 4548 pertexere.
1617 4450 1750 4521 Deinde
1768 4477 1838 4521 non
1857 4449 1988 4522 advertit

513 4555 566 4626 vir
581 4550 844 4639 Eruditillimus,
869 4558 949 4628 dum
960 4555 1086 4629 reditus
1104 4551 1324 4625 Ecclefiatum
1341 4548 1417 4625 fisco
1433 4550 1573 4632 addicit,
1597 4548 1714 4622 eodem
1731 4542 1764 4622 se
1779 4549 1926 4621 lulmine
1937 4545 1988 4616 ou

1894 4663 1995 4719 [erese
