5017 5592
366 626 369 636 ’
446 667 449 672 ’
502 682 577 758 4⁷4
755 648 1094 732 utsstnrn‘rto
1121 649 1425 726 tttsrotttco-
1447 648 1719 732 cnuoxtcu

488 835 762 914 ¹denotatimut,
786 854 890 928 quoa
907 827 1226 903 termino-restrislo
1246 830 1297 902 ad
1310 833 1491 904 terminum
1515 828 1763 928 simplicitates
1784 829 1851 907 line
1878 829 1986 920 renat,

504 930 617 1007 {lione
637 954 811 1027 acceptum
826 952 981 1022 arguunt.
1025 933 1064 998 ln
1081 934 1118 1002 C.
1135 932 1222 1003 Gen.
1238 927 1447 1002 Lateranenst
1463 933 1675 1010 Innocentius
1692 934 1753 1001 lli.
1771 931 1928 1014 mandat,
1950 954 1983 1004 ut
2021 925 2023 930 ’

505 1029 624 1124 ῦηὲιιΙί
642 1026 774 1109 fideles,
798 1030 858 1124 qui
875 1028 916 1098 ad
936 1049 1038 1098 annos
1062 1024 1270 1100 discretionis
1293 1051 1537 1123 pervenerunt,
1558 1033 1678 1124 quovis
1701 1054 1788 1102 anno
1813 1026 1929 1101 saitem
1944 1027 1982 1101 sa·

507 1131 575 1204 mel
592 1126 648 1200 sua
662 1149 796 1226 peccata
810 1126 954 1222 proprio
970 1121 1132 1197 sacerdoti
1144 1123 1384 1206 confiteantur,
1410 1123 1519 1223 steque
1536 1127 1625 1198 aliud
1643 1152 1709 1198 non
1725 1131 1811 1220 egit,
1836 1152 1937 1225 quam
1948 1149 1980 1200 ut

396 1251 398 1258 '
434 1241 437 1246 '
507 1250 641 1323 tempus
667 1249 812 1297 annuum
838 1221 1001 1297 desidibus
1021 1220 1271 1321 praescriberet,
1299 1247 1336 1295 ut
1358 1222 1457 1296 babet
1476 1249 1539 1320 cap.
1558 1230 1651 1297 amnis
1674 1247 1832 1318 utriusque
1859 1254 1911 1297 ιι.
1937 1237 1973 1309 ἱξ.

506 1331 546 1399 de
565 1328 667 1421 penit.
687 1321 846 1415 &temifft
896 1320 935 1392 ld
951 1322 1042 1416 quod
1056 1321 1212 1395 Polemiei
1227 1317 1329 1393 noslri
1345 1322 1387 1392 ad
1403 1323 1537 1394 oculum
1554 1347 1591 1395 ex
1608 1327 1676 1394 CC.
1696 1323 1728 1394 dt
1745 1327 1806 1395 PP.
1824 1323 1975 1420 an'tiquio·

364 1437 376 1457 '
506 1422 600 1497 tibus
616 1423 783 1494 evincunt.
833 1421 876 1489 Et
897 1419 1114 1492 nibilominus
1131 1445 1197 1491 non
1220 1417 1418 1492 erubescunt
1441 1420 1518 1491 inde
1539 1422 1756 1503 concludere,
1779 1422 1873 1519 quod
1890 1427 1974 1495 lunc·
1998 1419 2001 1426 ’

408 1591 413 1602 ,
435 1599 438 1604 ,
508 1521 638 1595 centius
654 1522 717 1589 lll.
733 1510 968 1591 confessonem
984 1518 1205 1592 auricularem
1217 1519 1349 1615 primus
1364 1518 1588 1600 adinvenerit,
1607 1516 1830 1615 fidelibusque
1843 1518 1973 1616 injuste·
2019 1501 2023 1569 l

506 1621 566 1692 rit.
616 1616 757 1688 Titulus
783 1615 999 1687 Oecumenici
1016 1639 1239 1712 praeterquam
1262 1617 1351 1714 quod
1374 1619 1534 1688 Primatui
1552 1614 1718 1698 Ecclesiae,
1742 1644 1809 1688 non
1826 1621 1973 1692 minutae
2021 1657 2023 1664 ·

421 1771 423 1776 -
451 1789 456 1810 ,
508 1713 671 1790 Advocati
694 1713 925 1809 imperatorie
944 1712 1111 1808 Majellati
1126 1713 1398 1809 adltaereat,jam
1417 1717 1574 1786 Romanis
1592 1712 1811 1788 Pontificibus
1824 1715 1972 1810 longean·
2022 1727 2023 1762 ἒ

449 1835 452 1862 ¹
508 1837 542 1886 te
558 1814 737 1884 Phoeama
759 1810 995 1881 Valentiniano
1017 1813 1109 1893 lll.,
1134 1814 1327 1894 Marciano,
1350 1811 1536 1910 Jusliniano
1554 1817 1582 1884 l.
1610 1813 1755 1894 broliis,
1781 1816 1854 1886 imo
1868 1815 1900 1887 dt
1915 1815 1973 1888 ec·

509 1909 670 1985 Chalced.
686 1911 802 1980 ¹Leoni
822 1911 920 2005 Papae
937 1908 1031 1981 datus
1053 1905 1111 1980 est.
1162 1913 1194 1981 8.
1218 1911 1406 2002 Gregorius
1431 1916 1483 1981 M.
1511 1911 1600 1982 bunc
1622 1911 1756 1983 titulum
1779 1913 1915 2007 quidem
1935 1933 1975 1984 te·

509 2006 625 2107 spuit,
652 2032 685 2079 at
704 2031 770 2078 non
784 2003 948 2089 absolute,
969 2032 1045 2077 nam
1061 2006 1140 2078 alias
1158 2005 1255 2079 dicits
1276 2010 1480 2079 eontrarium
1502 2005 1636 2100 egisset,
1656 2007 1708 2080 sed
1726 2034 1790 2105 pto
1811 2009 1903 2092 illis,
1916 2032 1974 2107 que

510 2132 589 2181 tuuc
608 2129 724 2189 etant,
751 2129 944 2200 temporum
964 2101 1234 2189 circumstantiis,
1255 2104 1313 2179 ubi
1335 2111 1485 2202 Joannee
1502 2108 1699 2206 Cpolitanus
1716 2109 1907 2206 patriarcha
1924 2109 1974 2180 ltot

509 2231 633 2280 nomen
654 2202 741 2276 solus
763 2201 820 2274 stbi
835 2200 998 2302 usurpare
1018 2202 1169 2278 audebat.

630 2343 752 2412 XXlX.
776 2334 1001 2409 Heraclius&
1024 2332 1185 2407 Constans
1200 2342 1353 2412 Vacuum
1376 2339 1540 2411 Advocati
1562 2363 1683 2411 nomen
1702 2336 1897 2431 gestarunt,
1921 2339 1976 2410 itno

513 2434 711 2513 defensionis
731 2439 806 2509 loeo
828 2430 1074 2533 persecutiones
1090 2459 1149 2505 nee
1169 2458 1310 2530 paucas,
1336 2462 1397 2510 nec
1422 2439 1510 2534 letes
1535 2462 1650 2509 eontra
1667 2436 1978 2510 Ecclestant-suseitt·

512 2561 610 2620 runt,
632 2535 686 2609 sed
704 2536 824 2608 melior
839 2528 982 2605 succelltt
1002 2537 1385 2608 Cousrnnrtrtus
1409 2538 1470 2606 tv.
1496 2560 1719 2628 cognomento
1735 2533 1979 2628 Pogoitatusttl

512 2634 693 2716 Barbatus,
718 2637 776 2730 qui
792 2655 951 2704 numeros
974 2655 1091 2702 omnes
1106 2627 1183 2703 boni
1201 2635 1420 2729 Imperatoris
1439 2632 1471 2704 dt
1493 2633 1642 2706 Ecclefiae
1667 2629 1865 2706 Defenl'otis
1886 2634 1980 2731 exple·

514 2737 587 2806 vit:
614 2757 689 2804 nam
705 2728 925 2830 pacificationi
943 2726 1110 2811 Ecclestae,
1134 2729 1167 2800 dt
1183 2730 1363 2812 heresum,
1384 2731 1687 2802 Monothelitarum
1706 2736 1879 2826 praecipue
1893 2733 1977 2802 extir-
2005 2793 2023 2808 ,,

406 2861 422 2868 ··
514 2833 643 2926 pationi
661 2854 766 2901 totum
782 2826 814 2900 se
831 2826 1014 2924 impendit:
1039 2829 1187 2897 Concilio
1208 2832 1322 2900 Rome
1334 2828 1391 2899 sub
1406 2831 1677 2921 AgatbooePtpa
1689 2830 1720 2899 dt
1733 2826 1980 2924 CpoliinTrul·

516 2929 550 2999 lo
566 2933 588 3002 i.
607 2954 638 3001 e.
662 2923 826 2997 fornicato
844 2925 959 2995 Palatii
977 2923 1115 2994 Caesarei
1132 2924 1205 2994 loco
1226 2926 1389 2998 celebrata
1407 2933 1564 3024 proterit,
1619 2929 1794 3022 Qudquid
1816 2933 1894 3024 opis
1912 2939 1985 3016 Aga

365 3091 368 3098 .
517 3027 595 3106 tho,
615 3031 684 3096 Leo
701 3029 742 3094 ll.
767 3022 936 3094 &Bencd
954 3026 1014 3090 lll.
1039 3025 1071 3090 in
1088 3020 1235 3093 Ecclesiae
1253 3024 1408 3118 anguillis
1426 3029 1613 3120 petierunt,
1640 3032 1747 3095 alacer
1762 3051 1798 3095 ac
1818 3027 1914 3098 letus
1928 3023 1985 3096 fine

518 3123 676 3194 dilatione
697 3115 875 3193 afferebat:
901 3115 1050 3189 concessit
1071 3117 1228 3211 insuper,
1254 3125 1344 3218 quod
1371 3122 1564 3194 Gothorum
1584 3126 1690 3214 Reges
1707 3149 1821 3194 rerunt
1841 3128 1875 3194 io
1898 3124 1985 3196 Italis

517 3224 712 3390 ruoespotiti
735 3218 896 3313 usurpare
919 3215 1084 3297 solebant,
1111 3243 1147 3289 ut
1169 3217 1315 3291 summus
1338 3219 1491 3291 Pontifex
1514 3247 1578 3290 nott
1600 3217 1786 3316 exspellato
1810 3227 1990 3319 Imperato-

517 3325 596 3392 ristt
624 3319 702 3391 ensu
725 3315 907 3389 consecrati
933 3312 1050 3408 polstt:
1079 3315 1244 3411 denique,
1269 3343 1306 3389 ut
1328 3320 1388 3387 alia
1410 3342 1593 3398 taceamus,
1624 3317 1802 3390 llettcdislo
1824 3322 1922 3417 Papae
1939 3322 1997 3389 Lio·

514 3418 616 3491 beros
633 3415 705 3489 suos
721 3419 753 3486 in
771 3414 858 3487 filios
876 3415 986 3494 dedit,
1011 3440 1050 3483 eo
1067 3411 1204 3494 fine,·ut
1220 3416 1308 3487 hune
1323 3418 1413 3486 velut
1430 3420 1604 3489 Potentem
1619 3440 1785 3502 amarent,
1804 3420 1906 3515 eique
1920 3418 1990 3516 plut

517 3518 657 3591 honoris
676 3542 711 3585 ac
726 3514 922 3585 obedientiae
949 3510 1153 3607 prestarent.

692 3645 809 3710 Baton.
833 3643 874 3705 od
896 3663 946 3709 att.
965 3645 1037 3725 (284.
1058 3665 1087 3706 n.
1102 3666 1131 3727 7.

634 3764 739 3834 XXX.
775 3759 845 3829 Poll
867 3758 1090 3856 Jullinianum
1112 3766 1155 3830 ll.
1182 3764 1332 3856 Imperio
1357 3758 1469 3833 amisso
1492 3758 1704 3842 rellitutum,
1730 3762 1787 3857 qui
1809 3760 1985 3836 Conllauti·

520 3886 599 3934 num
622 3865 745 3956 Papam
768 3859 907 3927 Bizautii
935 3856 1119 3930 honorifice
1143 3858 1176 3929 dt
1197 3884 1273 3930 cum
1295 3858 1407 3932 osculo
1430 3860 1555 3957 pedum
1578 3885 1664 3931 anno
1684 3884 1764 3951 7¹0·
1788 3864 1941 3960 excepit,
1959 3862 1990 3930 in

521 3963 663 4032 Oriente
682 3957 793 4027 omnia
820 3954 1015 4025 tumultibus
1041 3956 1304 4052 peragebantur,
1329 3983 1404 4029 num
1428 3963 1654 4055 imperatores
1677 3980 1734 4028 attt
1751 3959 1917 4054 imperio,
1941 3979 1991 4030 aut

521 4059 613 4137 vita,
636 4056 688 4126 vel
711 4077 854 4149 utraque
881 4050 975 4123 stmul
998 4054 1218 4132 eruebantur,
1237 4058 1286 4124 uti
1310 4056 1516 4151 Philippicus
1539 4057 1723 4136 Bardanes,
1749 4054 1934 4128 Anastasius
1952 4059 1990 4136 ll,

453 4225 455 4230 ,
520 4150 734 4228 Theodosius
750 4151 860 4222 lV.dt
884 4151 950 4221 alii.
1001 4160 1069 4222 Aut
1090 4149 1366 4224 leonoclallarum
1385 4156 1590 4249 impietatem
1607 4158 1716 4234 omni,
1742 4179 1810 4248 qtto
1831 4174 1990 4248 poterant,

523 4250 647 4322 robore
662 4250 791 4346 publice
816 4247 1091 4348 propugnabant,
1113 4253 1161 4319 uti
1178 4254 1247 4321 Leo
1266 4256 1325 4321 lll.
1352 4249 1531 4330 Isauricus,
1558 4251 1628 4347 ejus
1654 4250 1741 4321 filius
1764 4249 1993 4323 Consla'ntinus

522 4354 569 4422 V.
587 4349 665 4418 alias
686 4353 940 4442 Copronyrnus,
964 4352 1033 4418 Leo
1058 4351 1123 4428 tv,
1151 4349 1388 4421 Conslantinus
1407 4354 1474 4427 Vl,
1505 4351 1743 4446 NicephoruS,
1766 4353 1837 4424 Leo
1860 4355 1911 4433 V,
1933 4353 1998 4420 Mt·

524 4447 619 4520 eha'e'l
641 4443 778 4522 Balbus,
799 4446 1027 4543 Theophilus.
1077 4447 1178 4517 Unde
1201 4446 1325 4518 Chrilli
1349 4443 1523 4518 Ecclestam
1544 4474 1610 4519 tton
1631 4449 1734 4519 modo
1755 4472 1822 4518 non
1845 4471 1996 4545 protege·

525 4544 624 4629 bant,
643 4541 698 4615 sed
716 4543 824 4610 modis
839 4545 993 4616 omnibus
1010 4543 1214 4616 divexabant.
1265 4549 1372 4616 Roma
1389 4548 1514 4617 interea
1536 4550 1725 4641 temporisa
1743 4543 1899 4617 barbaris
1910 4545 1997 4618 Asti-

526 4646 634 4729 canu,
655 4640 695 4715 ab
719 4636 898 4736 Aislulpho
921 4642 1223 4736 Longobardorum
1244 4645 1337 4740 Rege
1360 4646 1550 4729 innumeras
1569 4641 1718 4718 miserias
1740 4645 1773 4718 dt
1797 4645 1997 4718 calamitates

1772 4765 1775 4772 ,
1909 4764 2001 4868 tf*
