5017 5592
503 657 575 747 648
775 638 1111 722 nissstTiiTio
1163 637 1435 719 ciiNONico
1456 685 1470 704 ·
1490 638 1707 720 rusticis

457 841 460 846 '
499 817 593 904 'ciliis
614 821 785 899 successive
807 824 949 908 habitis,
983 824 1180 896 nominatim
1202 827 1235 896 iii
1260 821 1475 924 Melphiiano
1499 819 1557 895 sub
1582 823 1727 896 Urbano
1743 825 1794 902 ΙῙ.
1820 827 1861 899 C.
1882 847 1938 899 tt.
1957 831 1987 902 in

423 993 425 997 .
505 927 636 1000 duobus
658 922 928 996 Lateranensibus
954 919 1011 993 sub
1035 922 1223 1012 Alexandro
1239 927 1302 995 iii.
1329 922 1362 992 dt
1385 925 1580 993 Innocentio
1596 925 1657 992 lll.
1683 946 1839 1019 quorum
1863 924 1988 1002 decreti

504 1022 719 1105 reseruntur,
736 1029 766 1092 iii
781 1047 842 1118 cap.
856 1052 889 1097 4.
906 1027 940 1098 ts
958 1050 988 1101 7·
1002 1025 1050 1092 Xe
1064 1029 1100 1091 n'e
1115 1027 1264 1092 ininitiiii't.
1282 1025 1362 1090 Eirl.
1378 1023 1412 1089 in
1430 1016 1619 1092 Coloniensi
1634 1019 1676 1090 de
1689 1046 1779 1092 anno
1800 1029 1911 1098 126⁶.
1926 1039 1990 1108 nl.

504 1124 542 1194 in
558 1117 777 1193 Avenionensi
793 1119 833 1191 de
848 1145 934 1190 anno
949 1127 1050 1211 1326.
1065 1144 1092 1190 c.
1111 1147 1166 1210 32.
1184 1118 1215 1190 dt
1231 1124 1265 1189 in
1281 1118 1354 1188 aliis
1363 1118 1523 1187 Consiliis
1537 1116 1593 1188 sibi
1605 1112 1766 1204 assererc3
1780 1123 1818 1210 ι)
1835 1119 1893 1193 sed
1908 1147 1989 1210 vero,

505 1243 575 1316 quo
587 1218 662 1312 jure
678 1216 817 1288 Ecclesia
832 1218 914 1288 hacc
929 1213 1065 1300 fecerit,
1088 1216 1186 1314 supra
1208 1221 1239 1307 s.
1257 1242 1313 1314 33.
1328 1216 1491 1300 vidimus3
1517 1217 1558 1286 de
1574 1239 1710 1288 coetero
1724 1241 1813 1290 sero
1828 1217 1930 1313 longe
1944 1247 1990 1295 re·

504 1319 590 1390 moti
609 1318 778 1411 principes
795 1313 993 1397 saeculares,
1012 1339 1050 1387 ut
1064 1318 1175 1386 nimiis
1190 1312 1280 1386 hisce
1295 1316 1543 1385 immunitatum
1556 1311 1805 1386 extenfionibua
1823 1318 1988 1416 adquisie-

506 1416 593 1495 rint,
619 1435 656 1484 ut
679 1415 770 1484 omni
791 1415 905 1508 potius
926 1437 1081 1507 ternpore
1100 1411 1188 1485 hisce
1209 1410 1482 1507 usurpationibus
1504 1408 1641 1483 fortiter
1661 1411 1872 1497 resliterint,
1899 1416 1987 1490 druis

507 1513 688 1606 quicquam
702 1510 853 1582 deterriti
870 1509 966 1581 bonis
985 1509 1200 1583 Ecclesinrum
1217 1510 1407 1580 adventitiis
1426 1507 1582 1580 collestas
1601 1509 1810 1593 indixerint,
1841 1516 1892 1584 uti
1909 1515 1940 1585 id
1957 1541 1987 1589 er

363 1665 365 1672 .
507 1606 586 1706 ipsis
605 1610 836 1680 Conciliorum
852 1610 1011 1690 decrerit,
1040 1609 1206 1704 bullisque
1225 1604 1423 1679 Pontificum
1443 1607 1659 1700 intelligitur,
1683 1610 1720 1679 in
1738 1608 1868 1705 quibus
1884 1635 1986 1704 gravei

506 1703 662 1777 adversus
680 1709 850 1801 principes
871 1706 995 1776 aliusve
1013 1710 1129 1778 Laicos
1152 1704 1308 1802 querelae
1333 1703 1476 1800 desuper
1498 1729 1695 1786 moventur,
1724 1709 1926 1781 immunitas
1943 1715 1985 1783 id·

508 1806 725 1876 ventitiorum
743 1805 783 1873 de
805 1827 892 1874 novo
913 1798 1080 1883 ass'erinn,
1115 1828 1301 1898 gravesque
1324 1806 1356 1872 in
1378 1803 1449 1896 ejus
1472 1803 1638 1874 invasores
1663 1803 1696 1875 dt
1721 1806 1910 1878 violatores
1927 1834 1986 1881 een·

506 1897 602 1973 surae
618 1898 822 1980 statuuntur,
849 1901 937 1994 quod
955 1925 1045 1973 certe
1065 1900 1206 1976 Ecclesia
1220 1898 1348 1976 fassura
1368 1926 1433 1971 non
1454 1896 1581 1982 fuisset,
1611 1899 1635 1971 ss
1651 1905 1831 1999 principes
1848 1927 1901 1977 tot
1913 1909 1983 1980 Caii·

505 1998 663 2072 ciliorum
680 1994 925 2071 &Pontificum
940 2002 1028 2071 circa
1037 2001 1296 2074 adventitiorum
1306 2002 1530 2071 immunitates
1539 1999 1682 2073 decretis
1690 1999 1945 2098 adquievissent.

402 2225 405 2234 .
542 2161 587 2250 ἰ)
608 2163 736 2234 Confer.
752 2166 823 2235 Van
840 2166 941 2256 Espeu
953 2181 1033 2257 part.
1049 2192 1079 2242 2.
1097 2173 1147 2237 tit.
1162 2188 1214 2258 35.
1234 2192 1261 2240 c.
1275 2189 1304 2236 a.
1321 2191 1351 2237 n.
1367 2191 1397 2258 7.
1421 2167 1456 2234 dc
1474 2169 1556 2253 seqq.

1131 2394 1165 2479 ἓ.
1212 2387 1365 2462 XLlV.

628 2520 912 2620 Quandoquidem
927 2524 1041 2620 itaque
1060 2546 1100 2598 ex
1120 2520 1217 2620 supra
1233 2523 1386 2596 dedusiis
1403 2546 1478 2594 vera
1496 2521 1747 2593 immunitatum
1765 2517 1985 2596 ecclesistico

515 2621 752 2714 temporalium
770 2619 907 2693 causalis
923 2625 957 2692 iii
981 2622 1057 2693 solia
1078 2625 1297 2717 regulariter,
1329 2619 1407 2702 nisi,
1434 2624 1485 2692 uti
1501 2620 1599 2716 supra
1620 2623 1881 2703 annotavimus,
1904 2643 1983 2718 prat·

372 2737 376 2762 ¹
511 2712 650 2810 scriptio
662 2722 903 2791 immemoralis
917 2721 1095 2804 doceatur,
1123 2722 1316 2817 principum
1331 2719 1515 2815 privilegiis
1531 2717 1720 2812 quaerenda
1742 2715 1813 2800 esi,
1840 2721 1982 2791 etiamn

513 2811 567 2886 his
587 2810 664 2887 solia
685 2818 974 2890 determinandum
991 2817 1056 2901 est,
1082 2819 1280 2914 quibusnam
1301 2814 1461 2889 Ecclesiae
1484 2815 1578 2888 bonis
1598 2816 1798 2886 immunitas
1823 2841 1843 2887 a
1866 2814 1982 2888 tributii

513 2917 704 2996 conveniat,
731 2916 901 3009 &quibus
919 2940 985 2985 non
1008 2923 1201 2988 conveniat:
1229 2920 1322 3013 atqui
1349 2917 1481 2987 veroin
1502 2909 1639 2984 hissola
1661 2911 1748 2983 bona
1774 2912 1983 2986 Ecclesiamn

514 3007 637 3079 dotalia
652 3035 670 3079 a
686 3011 819 3082 tributis
837 3016 1045 3095 eximuntur,
1064 3039 1133 3108 quo
1147 3037 1228 3105 ergo
1241 3013 1316 3107 jure
1333 3019 1432 3084 etiam
1451 3012 1636 3083 adventitiis
1654 3008 1886 3083 Ecclesiaruni
1903 3010 1982 3082 bonit

514 3106 707 3176 immunitas
730 3106 822 3178 asseri
852 3106 990 3204 potesl?
1022 3133 1113 3181 certe
1141 3135 1200 3181 nec
1220 3115 1289 3205 ipsa
1313 3112 1568 3207 privilegiorum
1588 3107 1707 3192 verba,
1738 3133 1806 3183 nec
1828 3112 1919 3184 ratio
1940 3127 1983 3181 siit

513 3223 610 3278 mens
627 3227 745 3278 corum
761 3209 811 3280 vel
826 3233 844 3279 a
859 3209 958 3301 longe
973 3210 1152 3284 adventitia
1167 3207 1385 3283 Ecclesiatum
1402 3209 1488 3281 bona
1502 3209 1647 3300 attingit.

1165 3442 1198 3529 i.
1248 3433 1380 3510 xiv.

628 3571 779 3640 Tantum
793 3573 881 3643 enini
899 3567 1005 3652 abest,
1031 3592 1068 3641 ut
1080 3568 1166 3643 bona
1182 3572 1262 3643 haec
1280 3570 1456 3641 adventitia
1471 3567 1523 3640 vel
1539 3563 1679 3640 verbulo
1698 3562 1731 3633 in
1754 3561 1826 3637 illis
1843 3565 1986 3639 immuni·

513 3682 621 3737 titum
639 3670 826 3760 privilegiis
848 3669 1077 3752 includantur,
1104 3694 1140 3740 ut
1153 3675 1268 3764 potius
1286 3665 1423 3738 dissertis
1445 3666 1555 3738 verbis
1578 3665 1809 3758 excipiantur,
1834 3664 1986 3737 colleslis·

513 3786 581 3857 que
602 3760 743 3861 publicis
765 3764 888 3836 subesse
913 3763 1140 3849 affirmentur3
1167 3768 1223 3837 ulii
1248 3770 1337 3837 enim
1363 3766 1552 3835 Ludnvicus
1571 3767 1647 3833 Pius
1670 3765 1702 3829 in
1726 3758 1788 3831 suo
1807 3765 1986 3860 capitulari

511 3859 612 3955 supra
630 3868 659 3952 q.
674 3881 735 3949 40.
749 3867 889 3935 recitato
904 3863 1052 3934 mansum
1071 3864 1125 3936 seu
1145 3868 1260 3937 dorem
1276 3863 1492 3936 Ecclesiarum
1508 3887 1526 3930 s
1543 3859 1675 3933 tributis
1691 3863 1828 3942 eximit,
1850 3855 1987 3955 express

511 3955 696 4052 subjungit:
723 3962 875 4052 Etfiqiiid
889 3967 1014 4052 amplius
1029 3969 1291 4048 inlacrimante
1304 3965 1465 4050 [antitistis
1479 3964 1611 4031 delitum
1626 3962 1793 4044 servitium
1807 3963 1987 4054 impendant.

513 4057 605 4146 Quid
621 4060 674 4130 hic
697 4058 786 4130 aliud
804 4059 963 4130 intellexit
987 4065 1192 4157 imperator,
1217 4058 1277 4131 nifi
1296 4058 1399 4140 bona,
1419 4083 1506 4157 quae
1525 4057 1613 4128 ultra
1633 4050 1786 4124 mansum
1809 4054 1872 4129 scu
1888 4060 1988 4130 dotent

514 4150 556 4222 sb
574 4155 713 4226 Ecclesia
730 4154 960 4252 possidentur?
988 4158 1020 4229 dt
1040 4159 1121 4255 quid
1141 4160 1221 4230 haec
1242 4158 1330 4228 aliud
1352 4156 1444 4239 sunt,
1460 4154 1518 4227 nisi
1536 4155 1621 4226 bona
1639 4153 1854 4226 adventitia?
1879 4151 1988 4229 confit·

513 4270 626 4318 matur
642 4252 674 4320 id
691 4261 795 4348 magis
810 4258 917 4327 adhuc
933 4281 972 4327 ex
988 4255 1045 4338 lib.
1064 4282 1097 4343 3.
1113 4259 1222 4352 Capit.
1240 4282 1268 4328 e.
1287 4265 1342 4334 86.
1360 4253 1416 4326 ubi
1432 4255 1590 4327 sancitum
1610 4253 1753 4344 legitur,
1777 4272 1815 4322 iit
1836 4257 1879 4326 de
1893 4257 1987 4334 rein,

511 4367 592 4417 unce
614 4350 714 4430 census
736 4359 776 4422 ad
797 4377 915 4444 partem
930 4361 1021 4447 Regis
1044 4381 1126 4425 exire
1147 4356 1282 4443 silibat,
1305 4358 1331 4444 fi
1352 4360 1392 4424 ad
1410 4361 1543 4446 aliquam
1569 4352 1728 4432 Eriltisam
1747 4357 1897 4424 traditae
1912 4365 1988 4438 litat,

510 4448 595 4515 illum
613 4450 728 4526 censam
752 4459 919 4541 persoluat.
970 4458 1065 4548 Quae
1084 4453 1202 4535 verba,
1228 4478 1304 4525 cuin
1326 4453 1367 4523 de
1387 4450 1499 4522 manl'o
1517 4474 1582 4520 non
1605 4443 1735 4544 possunt
1757 4447 1930 4543 intelligi.
1951 4447 1986 4519 dt

509 4539 587 4613 solis
604 4567 694 4615 certe
710 4544 896 4619 adventitiis
913 4551 1073 4620 Ecclesiae
1090 4549 1389 4647 bunis-accipienda
1407 4547 1490 4619 sunt.
1539 4546 1692 4617 Ulterius
1709 4543 1793 4616 haec
1813 4557 1988 4620 omnicre-

508 4662 690 4737 petuntur,
714 4642 904 4744 clariusque
917 4647 1124 4727 ¹illullrintur
1142 4675 1183 4734 ει
1201 4650 1260 4726 lib.
1275 4673 1314 4740 4.
1335 4648 1485 4748 cipitul.
1506 4671 1537 4723 c.
1551 4668 1610 4742 37.
1623 4640 1682 4718 ubi
1702 4641 1850 4731 dieitur,
1874 4667 1988 4742 pmii·

1938 4763 1988 4842 Ψ
