<?xml version="1.0" encoding="UTF-8"?>
<!DOCTYPE html PUBLIC "-//W3C//DTD XHTML 1.0 Transitional//EN"
    "http://www.w3.org/TR/xhtml1/DTD/xhtml1-transitional.dtd">
<html xmlns="http://www.w3.org/1999/xhtml" xml:lang="en" lang="en">
 <head>
  <title>
</title>
<meta http-equiv="Content-Type" content="text/html;charset=utf-8" />
  <meta name='ocr-system' content='tesseract 3.04.00' />
  <meta name='ocr-capabilities' content='ocr_page ocr_carea ocr_par ocr_line ocrx_word'/>
</head>
<body>
  <div class='ocr_page' id='page_1' title='image "./thesavrvsivrise01schmgoog_0230.png"; bbox 0 0 5017 5592; ppageno 0'>
   <div class='ocr_carea' id='block_1_1' title="bbox 485 572 1997 748">
    <p class='ocr_par' dir='ltr' id='par_1_1' title="bbox 485 572 2047 748">
     <span class='ocr_line' id='line_1_1' title="bbox 485 572 1997 748; baseline 0.006 -44"><span class='ocrx_word' id='word_1_1' title='bbox 485 572 491 580; x_wconf 65' lang='grc'><strong>’</strong></span> <span class='ocrx_word' id='word_1_2' title='bbox 685 623 758 704; x_wconf 86' lang='lat' dir='ltr'>oa</span> <span class='ocrx_word' id='word_1_3' title='bbox 771 622 900 724; x_wconf 85' lang='lat' dir='ltr'>Juas</span> <span class='ocrx_word' id='word_1_4' title='bbox 922 620 1189 703; x_wconf 77' lang='lat' dir='ltr'>cssssaao</span> <span class='ocrx_word' id='word_1_5' title='bbox 1209 608 1583 711; x_wconf 73' lang='lat' dir='ltr'>saturatorum</span> <span class='ocrx_word' id='word_1_6' title='bbox 1598 575 1867 717; x_wconf 54' lang='lat' dir='ltr'>ruamus</span> <span class='ocrx_word' id='word_1_7' title='bbox 1918 650 1997 748; x_wconf 59' lang='grc' dir='ltr'>,η</span> 
     </span>
    </p>
   </div>
   <div class='ocr_carea' id='block_1_2' title="bbox 1064 805 1325 913">
    <p class='ocr_par' dir='ltr' id='par_1_2' title="bbox 1064 805 1325 913">
     <span class='ocr_line' id='line_1_2' title="bbox 1064 805 1325 913; baseline 0.027 -17"><span class='ocrx_word' id='word_1_8' title='bbox 1064 883 1071 896; x_wconf 93' lang='grc'><em>.</em></span> <span class='ocrx_word' id='word_1_9' title='bbox 1169 805 1201 913; x_wconf 72' lang='grc' dir='ltr'>ς’.</span> <span class='ocrx_word' id='word_1_10' title='bbox 1248 822 1325 904; x_wconf 86' lang='lat' dir='ltr'>IV.</span> 
     </span>
    </p>
   </div>
   <div class='ocr_carea' id='block_1_3' title="bbox 501 961 2104 1962">
    <p class='ocr_par' dir='ltr' id='par_1_3' title="bbox 501 961 2104 1962">
     <span class='ocr_line' id='line_1_3' title="bbox 609 961 2017 1076; baseline 0.018 -34"><span class='ocrx_word' id='word_1_11' title='bbox 609 973 736 1070; x_wconf 52' lang='lat' dir='ltr'>,Porro</span> <span class='ocrx_word' id='word_1_12' title='bbox 753 970 985 1044; x_wconf 79' lang='lat' dir='ltr'>executoribus</span> <span class='ocrx_word' id='word_1_13' title='bbox 1008 996 1092 1046; x_wconf 87' lang='lat' dir='ltr'>onus</span> <span class='ocrx_word' id='word_1_14' title='bbox 1112 972 1221 1046; x_wconf 84' lang='lat' dir='ltr'>adhuc</span> <span class='ocrx_word' id='word_1_15' title='bbox 1237 975 1329 1048; x_wconf 90' lang='lat' dir='ltr'>aliud</span> <span class='ocrx_word' id='word_1_16' title='bbox 1347 961 1541 1076; x_wconf 60' lang='lat' dir='ltr'>impfitum</span> <span class='ocrx_word' id='word_1_17' title='bbox 1554 981 1636 1056; x_wconf 86' lang='lat' dir='ltr'>olim</span> <span class='ocrx_word' id='word_1_18' title='bbox 1656 980 1740 1070; x_wconf 87' lang='lat' dir='ltr'>fuit,</span> <span class='ocrx_word' id='word_1_19' title='bbox 1767 985 1922 1062; x_wconf 89' lang='lat' dir='ltr'>videlicet</span> <span class='ocrx_word' id='word_1_20' title='bbox 1936 973 2017 1068; x_wconf 70' lang='lat' dir='ltr'>‹le-¹</span> 
     </span>
     <span class='ocr_line' id='line_1_4' title="bbox 509 1067 1991 1181; baseline 0.014 -39"><span class='ocrx_word' id='word_1_21' title='bbox 509 1070 692 1142; x_wconf 73' lang='lat' dir='ltr'>nunciandi</span> <span class='ocrx_word' id='word_1_22' title='bbox 708 1068 865 1140; x_wconf 85' lang='lat' dir='ltr'>mmissrts</span> <span class='ocrx_word' id='word_1_23' title='bbox 884 1069 916 1140; x_wconf 82' lang='lat' dir='ltr'>dr</span> <span class='ocrx_word' id='word_1_24' title='bbox 932 1067 1130 1143; x_wconf 83' lang='lat' dir='ltr'>officialibus</span> <span class='ocrx_word' id='word_1_25' title='bbox 1146 1077 1295 1146; x_wconf 83' lang='lat' dir='ltr'>Camerae</span> <span class='ocrx_word' id='word_1_26' title='bbox 1310 1079 1527 1173; x_wconf 82' lang='lat' dir='ltr'>Apollolicae,</span> <span class='ocrx_word' id='word_1_27' title='bbox 1552 1087 1762 1178; x_wconf 77' lang='lat' dir='ltr'>quaestione</span> <span class='ocrx_word' id='word_1_28' title='bbox 1782 1085 1932 1181; x_wconf 84' lang='lat' dir='ltr'>precistae</span> <span class='ocrx_word' id='word_1_29' title='bbox 1947 1088 1991 1164; x_wconf 88' lang='lat' dir='ltr'>sd</span> 
     </span>
     <span class='ocr_line' id='line_1_5' title="bbox 509 1164 1994 1279; baseline 0.013 -39"><span class='ocrx_word' id='word_1_30' title='bbox 509 1166 754 1250; x_wconf 85' lang='lat' dir='ltr'>beneficiorum</span> <span class='ocrx_word' id='word_1_31' title='bbox 772 1164 998 1263; x_wconf 80' lang='lat' dir='ltr'>poffeffionem</span> <span class='ocrx_word' id='word_1_32' title='bbox 1014 1173 1247 1267; x_wconf 81' lang='lat' dir='ltr'>pervenerint,</span> <span class='ocrx_word' id='word_1_33' title='bbox 1261 1169 1306 1268; x_wconf 76' lang='lat' dir='ltr'>a)</span> <span class='ocrx_word' id='word_1_34' title='bbox 1327 1177 1361 1246; x_wconf 89' lang='lat' dir='ltr'>id</span> <span class='ocrx_word' id='word_1_35' title='bbox 1376 1177 1467 1272; x_wconf 90' lang='lat' dir='ltr'>quod</span> <span class='ocrx_word' id='word_1_36' title='bbox 1483 1179 1619 1251; x_wconf 90' lang='lat' dir='ltr'>indultis</span> <span class='ocrx_word' id='word_1_37' title='bbox 1644 1179 1826 1279; x_wconf 82' lang='lat' dir='ltr'>pontificiis</span> <span class='ocrx_word' id='word_1_38' title='bbox 1848 1184 1925 1257; x_wconf 89' lang='lat' dir='ltr'>ideo</span> <span class='ocrx_word' id='word_1_39' title='bbox 1941 1181 1994 1258; x_wconf 70' lang='lat' dir='ltr'>io·&#39;</span> 
     </span>
     <span class='ocr_line' id='line_1_6' title="bbox 507 1263 2071 1376; baseline 0.013 -39"><span class='ocrx_word' id='word_1_40' title='bbox 507 1263 662 1362; x_wconf 68' lang='lat' dir='ltr'>junilum</span> <span class='ocrx_word' id='word_1_41' title='bbox 684 1266 851 1348; x_wconf 90' lang='lat' dir='ltr'>creditur,</span> <span class='ocrx_word' id='word_1_42' title='bbox 875 1289 913 1336; x_wconf 93' lang='lat' dir='ltr'>ut</span> <span class='ocrx_word' id='word_1_43' title='bbox 933 1291 974 1338; x_wconf 90' lang='lat' dir='ltr'>ne</span> <span class='ocrx_word' id='word_1_44' title='bbox 996 1273 1137 1339; x_wconf 87' lang='lat' dir='ltr'>Camers</span> <span class='ocrx_word' id='word_1_45' title='bbox 1162 1267 1247 1339; x_wconf 88' lang='lat' dir='ltr'>sedis</span> <span class='ocrx_word' id='word_1_46' title='bbox 1276 1272 1477 1368; x_wconf 81' lang='lat' dir='ltr'>Aposlolicae</span> <span class='ocrx_word' id='word_1_47' title='bbox 1496 1275 1697 1352; x_wconf 74' lang='lat' dir='ltr'>detrimenti</span> <span class='ocrx_word' id='word_1_48' title='bbox 1714 1281 1794 1374; x_wconf 90' lang='lat' dir='ltr'>quid</span> <span class='ocrx_word' id='word_1_49' title='bbox 1818 1304 1991 1376; x_wconf 86' lang='lat' dir='ltr'>pateretur</span> <span class='ocrx_word' id='word_1_50' title='bbox 2064 1277 2071 1284; x_wconf 63' lang='grc'><strong>’</strong></span> 
     </span>
     <span class='ocr_line' id='line_1_7' title="bbox 510 1364 1993 1458; baseline 0.011 -22"><span class='ocrx_word' id='word_1_51' title='bbox 510 1369 642 1436; x_wconf 84' lang='lat' dir='ltr'>ratione</span> <span class='ocrx_word' id='word_1_52' title='bbox 671 1385 866 1434; x_wconf 82' lang='lat' dir='ltr'>onustarum</span> <span class='ocrx_word' id='word_1_53' title='bbox 885 1364 976 1457; x_wconf 84' lang='lat' dir='ltr'>juxta</span> <span class='ocrx_word' id='word_1_54' title='bbox 1008 1366 1217 1458; x_wconf 80' lang='lat' dir='ltr'>concordata</span> <span class='ocrx_word' id='word_1_55' title='bbox 1241 1369 1430 1443; x_wconf 81' lang='lat' dir='ltr'>Germaniae</span> <span class='ocrx_word' id='word_1_56' title='bbox 1457 1372 1748 1448; x_wconf 87' lang='lat' dir='ltr'>exsolvendarum:</span> <span class='ocrx_word' id='word_1_57' title='bbox 1774 1399 1807 1447; x_wconf 91' lang='lat' dir='ltr'>at</span> <span class='ocrx_word' id='word_1_58' title='bbox 1831 1382 1930 1450; x_wconf 84' lang='lat' dir='ltr'>variis</span> <span class='ocrx_word' id='word_1_59' title='bbox 1952 1405 1993 1453; x_wconf 77' lang='lat' dir='ltr'>ex</span> 
     </span>
     <span class='ocr_line' id='line_1_8' title="bbox 511 1457 1990 1559; baseline 0.01 -24"><span class='ocrx_word' id='word_1_60' title='bbox 511 1461 612 1536; x_wconf 81' lang='lat' dir='ltr'>causas</span> <span class='ocrx_word' id='word_1_61' title='bbox 629 1459 733 1531; x_wconf 84' lang='lat' dir='ltr'>islhoe</span> <span class='ocrx_word' id='word_1_62' title='bbox 748 1457 896 1531; x_wconf 85' lang='lat' dir='ltr'>officium</span> <span class='ocrx_word' id='word_1_63' title='bbox 911 1463 1071 1543; x_wconf 78' lang='lat' dir='ltr'>exolevit,</span> <span class='ocrx_word' id='word_1_64' title='bbox 1094 1468 1176 1559; x_wconf 88' lang='lat' dir='ltr'>quin</span> <span class='ocrx_word' id='word_1_65' title='bbox 1192 1463 1224 1533; x_wconf 83' lang='lat' dir='ltr'>dt</span> <span class='ocrx_word' id='word_1_66' title='bbox 1246 1465 1402 1539; x_wconf 88' lang='lat' dir='ltr'>consensu</span> <span class='ocrx_word' id='word_1_67' title='bbox 1417 1470 1612 1543; x_wconf 85' lang='lat' dir='ltr'>Pontificum</span> <span class='ocrx_word' id='word_1_68' title='bbox 1628 1472 1741 1545; x_wconf 90' lang='lat' dir='ltr'>saltem</span> <span class='ocrx_word' id='word_1_69' title='bbox 1756 1477 1856 1546; x_wconf 88' lang='lat' dir='ltr'>tacito</span> <span class='ocrx_word' id='word_1_70' title='bbox 1870 1475 1990 1550; x_wconf 41' lang='lat' dir='ltr'>absbu-</span> 
     </span>
     <span class='ocr_line' id='line_1_9' title="bbox 509 1556 2058 1661; baseline 0.011 -28"><span class='ocrx_word' id='word_1_71' title='bbox 509 1565 611 1634; x_wconf 89' lang='lat' dir='ltr'>meris</span> <span class='ocrx_word' id='word_1_72' title='bbox 631 1581 847 1631; x_wconf 82' lang='lat' dir='ltr'>executurum</span> <span class='ocrx_word' id='word_1_73' title='bbox 862 1558 1007 1630; x_wconf 88' lang='lat' dir='ltr'>ablatum</span> <span class='ocrx_word' id='word_1_74' title='bbox 1024 1556 1099 1631; x_wconf 84' lang='lat' dir='ltr'>suit.</span> <span class='ocrx_word' id='word_1_75' title='bbox 1153 1565 1198 1630; x_wconf 82' lang='lat' dir='ltr'>Ex</span> <span class='ocrx_word' id='word_1_76' title='bbox 1214 1587 1282 1657; x_wconf 91' lang='lat' dir='ltr'>quo</span> <span class='ocrx_word' id='word_1_77' title='bbox 1297 1590 1364 1635; x_wconf 89' lang='lat' dir='ltr'>non</span> <span class='ocrx_word' id='word_1_78' title='bbox 1384 1570 1547 1661; x_wconf 81' lang='lat' dir='ltr'>exigusin</span> <span class='ocrx_word' id='word_1_79' title='bbox 1563 1573 1730 1643; x_wconf 88' lang='lat' dir='ltr'>nationem</span> <span class='ocrx_word' id='word_1_80' title='bbox 1749 1573 1989 1647; x_wconf 88' lang='lat' dir='ltr'>Germanicam</span> <span class='ocrx_word' id='word_1_81' title='bbox 2053 1642 2058 1650; x_wconf 93' lang='lat'>.</span> 
     </span>
     <span class='ocr_line' id='line_1_10' title="bbox 501 1656 2104 1763; baseline 0.007 -31"><span class='ocrx_word' id='word_1_82' title='bbox 501 1658 689 1732; x_wconf 85' lang='lat' dir='ltr'>¹commoda</span> <span class='ocrx_word' id='word_1_83' title='bbox 712 1656 959 1739; x_wconf 77' lang='lat' dir='ltr'>redundarunt,</span> <span class='ocrx_word' id='word_1_84' title='bbox 980 1658 1030 1730; x_wconf 91' lang='lat' dir='ltr'>vel</span> <span class='ocrx_word' id='word_1_85' title='bbox 1054 1680 1091 1729; x_wconf 92' lang='lat' dir='ltr'>ut</span> <span class='ocrx_word' id='word_1_86' title='bbox 1110 1656 1236 1729; x_wconf 67' lang='lat' dir='ltr'>cestius</span> <span class='ocrx_word' id='word_1_87' title='bbox 1256 1662 1391 1759; x_wconf 87' lang='lat' dir='ltr'>loquar,</span> <span class='ocrx_word' id='word_1_88' title='bbox 1418 1667 1685 1758; x_wconf 83' lang='lat' dir='ltr'>gravaminibus,</span> <span class='ocrx_word' id='word_1_89' title='bbox 1708 1692 1781 1763; x_wconf 84' lang='lat' dir='ltr'>quae</span> <span class='ocrx_word' id='word_1_90' title='bbox 1805 1667 1849 1741; x_wconf 95' lang='lat' dir='ltr'>ob</span> <span class='ocrx_word' id='word_1_91' title='bbox 1865 1666 1994 1749; x_wconf 49' lang='lat' dir='ltr'>excellis</span> <span class='ocrx_word' id='word_1_92' title='bbox 2100 1707 2104 1716; x_wconf 95' lang='lat'><em>·</em></span> 
     </span>
     <span class='ocr_line' id='line_1_11' title="bbox 512 1750 1995 1864; baseline 0.009 -34"><span class='ocrx_word' id='word_1_93' title='bbox 512 1782 565 1830; x_wconf 84' lang='lat' dir='ltr'>vas</span> <span class='ocrx_word' id='word_1_94' title='bbox 590 1779 787 1826; x_wconf 85' lang='lat' dir='ltr'>annararum</span> <span class='ocrx_word' id='word_1_95' title='bbox 802 1750 989 1826; x_wconf 75' lang='lat' dir='ltr'>erabiiooes</span> <span class='ocrx_word' id='word_1_96' title='bbox 1008 1756 1198 1827; x_wconf 75' lang='lat' dir='ltr'>Germaniae</span> <span class='ocrx_word' id='word_1_97' title='bbox 1216 1758 1306 1830; x_wconf 88' lang='lat' dir='ltr'>illata</span> <span class='ocrx_word' id='word_1_98' title='bbox 1328 1759 1443 1845; x_wconf 89' lang='lat' dir='ltr'>fuere,</span> <span class='ocrx_word' id='word_1_99' title='bbox 1470 1765 1643 1861; x_wconf 83' lang='lat' dir='ltr'>paulisper</span> <span class='ocrx_word' id='word_1_100' title='bbox 1659 1763 1811 1852; x_wconf 87' lang='lat' dir='ltr'>sublatis,</span> <span class='ocrx_word' id='word_1_101' title='bbox 1827 1769 1995 1864; x_wconf 70' lang='lat' dir='ltr'>inprimis</span> 
     </span>
     <span class='ocr_line' id='line_1_12' title="bbox 511 1851 2061 1962; baseline 0.01 -36"><span class='ocrx_word' id='word_1_102' title='bbox 511 1862 644 1949; x_wconf 68' lang='lat' dir='ltr'>genium</span> <span class='ocrx_word' id='word_1_103' title='bbox 669 1852 856 1922; x_wconf 87' lang='lat' dir='ltr'>libertatem</span> <span class='ocrx_word' id='word_1_104' title='bbox 880 1851 1037 1924; x_wconf 84' lang='lat' dir='ltr'>beneficia</span> <span class='ocrx_word' id='word_1_105' title='bbox 1063 1851 1281 1926; x_wconf 80' lang='lat' dir='ltr'>Ecclesiastico</span> <span class='ocrx_word' id='word_1_106' title='bbox 1303 1853 1417 1929; x_wconf 84' lang='lat' dir='ltr'>asserta</span> <span class='ocrx_word' id='word_1_107' title='bbox 1438 1858 1533 1931; x_wconf 85' lang='lat' dir='ltr'>sunt:</span> <span class='ocrx_word' id='word_1_108' title='bbox 1566 1867 1717 1957; x_wconf 90' lang='lat' dir='ltr'>quamvis</span> <span class='ocrx_word' id='word_1_109' title='bbox 1747 1864 1824 1956; x_wconf 73' lang='lat' dir='ltr'>binc</span> <span class='ocrx_word' id='word_1_110' title='bbox 1854 1888 1992 1962; x_wconf 79' lang='lat' dir='ltr'>quoque</span> <span class='ocrx_word' id='word_1_111' title='bbox 2058 1865 2061 1872; x_wconf 62' lang='grc'>’</span> 
     </span>
    </p>
   </div>
   <div class='ocr_carea' id='block_1_4' title="bbox 511 1949 1993 2147">
    <p class='ocr_par' dir='ltr' id='par_1_4' title="bbox 511 1949 1993 2147">
     <span class='ocr_line' id='line_1_13' title="bbox 511 1949 1993 2047; baseline 0.009 -23"><span class='ocrx_word' id='word_1_112' title='bbox 511 1957 629 2043; x_wconf 81' lang='lat' dir='ltr'>eximia</span> <span class='ocrx_word' id='word_1_113' title='bbox 646 1953 862 2021; x_wconf 75' lang='lat' dir='ltr'>intrationem</span> <span class='ocrx_word' id='word_1_114' title='bbox 876 1950 1021 2021; x_wconf 86' lang='lat' dir='ltr'>nollram</span> <span class='ocrx_word' id='word_1_115' title='bbox 1039 1949 1110 2047; x_wconf 89' lang='lat' dir='ltr'>poll</span> <span class='ocrx_word' id='word_1_116' title='bbox 1126 1955 1337 2028; x_wconf 87' lang='lat' dir='ltr'>Concordata</span> <span class='ocrx_word' id='word_1_117' title='bbox 1354 1954 1455 2042; x_wconf 82' lang='lat' dir='ltr'>inita&#39;t,</span> <span class='ocrx_word' id='word_1_118' title='bbox 1479 1956 1708 2032; x_wconf 80' lang='lat' dir='ltr'>benevolentia</span> <span class='ocrx_word' id='word_1_119' title='bbox 1719 1958 1920 2036; x_wconf 87' lang='lat' dir='ltr'>Pontificum</span> <span class='ocrx_word' id='word_1_120' title='bbox 1935 1981 1993 2044; x_wconf 68' lang='lat' dir='ltr'>tes</span> 
     </span>
     <span class='ocr_line' id='line_1_14' title="bbox 512 2043 1252 2147; baseline -0.001 -26"><span class='ocrx_word' id='word_1_121' title='bbox 512 2044 709 2147; x_wconf 85' lang='lat' dir='ltr'>splenduisse</span> <span class='ocrx_word' id='word_1_122' title='bbox 724 2049 892 2118; x_wconf 79' lang='lat' dir='ltr'>nonnullis</span> <span class='ocrx_word' id='word_1_123' title='bbox 910 2052 1016 2120; x_wconf 89' lang='lat' dir='ltr'>videri</span> <span class='ocrx_word' id='word_1_124' title='bbox 1034 2043 1142 2145; x_wconf 81' lang='lat' dir='ltr'>poffit.</span> <span class='ocrx_word' id='word_1_125' title='bbox 1247 2051 1252 2055; x_wconf 72' lang='grc'><strong>’</strong></span> 
     </span>
    </p>
   </div>
   <div class='ocr_carea' id='block_1_5' title="bbox 545 2213 2123 2366">
    <p class='ocr_par' dir='ltr' id='par_1_5' title="bbox 545 2213 2123 2366">
     <span class='ocr_line' id='line_1_15' title="bbox 545 2213 2123 2366; baseline 0.004 -82"><span class='ocrx_word' id='word_1_126' title='bbox 545 2217 588 2301; x_wconf 76' lang='grc' dir='ltr'>ι)</span> <span class='ocrx_word' id='word_1_127' title='bbox 608 2213 886 2366; x_wconf 52' lang='grc' dir='ltr'>’ἓὲἓῆζὲῑοωω</span> <span class='ocrx_word' id='word_1_128' title='bbox 900 2218 1097 2285; x_wconf 89' lang='lat' dir='ltr'>indultorum</span> <span class='ocrx_word' id='word_1_129' title='bbox 1110 2218 1192 2304; x_wconf 84' lang='lat' dir='ltr'>apud</span> <span class='ocrx_word' id='word_1_130' title='bbox 1207 2218 1379 2308; x_wconf 82' lang='lat' dir='ltr'>Lllnigium</span> <span class='ocrx_word' id='word_1_131' title='bbox 1395 2219 1492 2288; x_wconf 84' lang='lat' dir='ltr'>Tom.</span> <span class='ocrx_word' id='word_1_132' title='bbox 1508 2222 1563 2290; x_wconf 88' lang='lat' dir='ltr'>cit.</span> <span class='ocrx_word' id='word_1_133' title='bbox 1582 2220 1690 2308; x_wconf 88' lang='lat' dir='ltr'>Spicil.</span> <span class='ocrx_word' id='word_1_134' title='bbox 1703 2222 1791 2292; x_wconf 81' lang='lat' dir='ltr'>Eccl.</span> <span class='ocrx_word' id='word_1_135' title='bbox 1811 2223 1885 2290; x_wconf 82' lang='lat' dir='ltr'>latis</span> <span class='ocrx_word' id='word_1_136' title='bbox 1898 2242 1992 2291; x_wconf 87' lang='lat' dir='ltr'>eota·</span> <span class='ocrx_word' id='word_1_137' title='bbox 2036 2333 2040 2340; x_wconf 26' lang='grc' dir='ltr'>Ι</span> <span class='ocrx_word' id='word_1_138' title='bbox 2119 2301 2123 2306; x_wconf 93' lang='lat'>.</span> 
     </span>
    </p>
   </div>
   <div class='ocr_carea' id='block_1_6' title="bbox 1182 2419 1319 2521">
    <p class='ocr_par' dir='ltr' id='par_1_6' title="bbox 1182 2419 1319 2521">
     <span class='ocr_line' id='line_1_16' title="bbox 1182 2419 1319 2521; baseline 0.015 -25"><span class='ocrx_word' id='word_1_139' title='bbox 1182 2419 1216 2521; x_wconf 79' lang='lat' dir='ltr'>t.</span> <span class='ocrx_word' id='word_1_140' title='bbox 1267 2422 1319 2498; x_wconf 87' lang='grc' dir='ltr'>ν.</span> 
     </span>
    </p>
   </div>
   <div class='ocr_carea' id='block_1_7' title="bbox 481 2555 2106 4785">
    <p class='ocr_par' dir='ltr' id='par_1_7' title="bbox 511 2555 2066 2755">
     <span class='ocr_line' id='line_1_17' title="bbox 624 2555 1993 2655; baseline 0.003 -29"><span class='ocrx_word' id='word_1_141' title='bbox 624 2558 787 2627; x_wconf 85' lang='lat' dir='ltr'>Tertium</span> <span class='ocrx_word' id='word_1_142' title='bbox 806 2577 905 2651; x_wconf 88' lang='lat' dir='ltr'>atque</span> <span class='ocrx_word' id='word_1_143' title='bbox 926 2558 1133 2655; x_wconf 72' lang='lat' dir='ltr'>precipuum</span> <span class='ocrx_word' id='word_1_144' title='bbox 1151 2582 1223 2630; x_wconf 84' lang='lat' dir='ltr'>erat</span> <span class='ocrx_word' id='word_1_145' title='bbox 1237 2578 1451 2630; x_wconf 85' lang='lat' dir='ltr'>executurum</span> <span class='ocrx_word' id='word_1_146' title='bbox 1472 2555 1638 2640; x_wconf 85' lang='lat' dir='ltr'>officium,</span> <span class='ocrx_word' id='word_1_147' title='bbox 1659 2578 1698 2632; x_wconf 92' lang='lat' dir='ltr'>ut</span> <span class='ocrx_word' id='word_1_148' title='bbox 1718 2557 1877 2631; x_wconf 90' lang='lat' dir='ltr'>nimirum</span> <span class='ocrx_word' id='word_1_149' title='bbox 1892 2574 1993 2653; x_wconf 61' lang='lat' dir='ltr'>quusi</span> 
     </span>
     <span class='ocr_line' id='line_1_18' title="bbox 511 2652 2066 2755; baseline -0.001 -28"><span class='ocrx_word' id='word_1_150' title='bbox 511 2655 560 2727; x_wconf 90' lang='lat' dir='ltr'>vis</span> <span class='ocrx_word' id='word_1_151' title='bbox 581 2652 779 2735; x_wconf 84' lang='lat' dir='ltr'>collatores,</span> <span class='ocrx_word' id='word_1_152' title='bbox 800 2663 899 2728; x_wconf 89' lang='lat' dir='ltr'>etiam</span> <span class='ocrx_word' id='word_1_153' title='bbox 920 2680 1109 2751; x_wconf 83' lang='lat' dir='ltr'>exemptos,</span> <span class='ocrx_word' id='word_1_154' title='bbox 1133 2656 1270 2755; x_wconf 74' lang='lat' dir='ltr'>&amp;ipsos</span> <span class='ocrx_word' id='word_1_155' title='bbox 1289 2679 1425 2752; x_wconf 91' lang='lat' dir='ltr'>quoque</span> <span class='ocrx_word' id='word_1_156' title='bbox 1448 2654 1633 2754; x_wconf 78' lang='lat' dir='ltr'>Episcopus</span> <span class='ocrx_word' id='word_1_157' title='bbox 1679 2653 1809 2727; x_wconf 86' lang='lat' dir='ltr'>reclbus</span> <span class='ocrx_word' id='word_1_158' title='bbox 1827 2655 1867 2726; x_wconf 85' lang='lat' dir='ltr'>ad</span> <span class='ocrx_word' id='word_1_159' title='bbox 1886 2653 1918 2726; x_wconf 91' lang='lat' dir='ltr'>se</span> <span class='ocrx_word' id='word_1_160' title='bbox 1940 2654 1994 2748; x_wconf 86' lang='lat' dir='ltr'>di·</span> <span class='ocrx_word' id='word_1_161' title='bbox 2030 2713 2035 2728; x_wconf 35' lang='grc' dir='ltr'><em>Ι</em></span> <span class='ocrx_word' id='word_1_162' title='bbox 2065 2729 2066 2734; x_wconf 64' lang='lat'>,</span> 
     </span>
    </p>

    <p class='ocr_par' dir='ltr' id='par_1_8' title="bbox 490 2678 1993 3822">
     <span class='ocr_line' id='line_1_19' title="bbox 509 2678 1993 2854; baseline 0.001 -31"><span class='ocrx_word' id='word_1_163' title='bbox 509 2748 611 2823; x_wconf 67' lang='lat' dir='ltr'>restis</span> <span class='ocrx_word' id='word_1_164' title='bbox 631 2776 699 2823; x_wconf 90' lang='lat' dir='ltr'>non</span> <span class='ocrx_word' id='word_1_165' title='bbox 728 2747 936 2835; x_wconf 87' lang='lat' dir='ltr'>deferentes,</span> <span class='ocrx_word' id='word_1_166' title='bbox 961 2754 1001 2824; x_wconf 86' lang='lat' dir='ltr'>ad</span> <span class='ocrx_word' id='word_1_167' title='bbox 1025 2750 1184 2826; x_wconf 84' lang='lat' dir='ltr'>beneficia</span> <span class='ocrx_word' id='word_1_168' title='bbox 1208 2750 1359 2854; x_wconf 86' lang='lat' dir='ltr'>personis</span> <span class='ocrx_word' id='word_1_169' title='bbox 1379 2754 1557 2825; x_wconf 89' lang='lat' dir='ltr'>nominatis</span> <span class='ocrx_word' id='word_1_170' title='bbox 1585 2678 1812 2835; x_wconf 57' lang='lat' dir='ltr'>conserenda,</span> <span class='ocrx_word' id='word_1_171' title='bbox 1839 2752 1941 2825; x_wconf 80' lang='lat' dir='ltr'>etiam</span> <span class='ocrx_word' id='word_1_172' title='bbox 1965 2741 1993 2824; x_wconf 82' lang='lat' dir='ltr'>li</span> 
     </span>
     <span class='ocr_line' id='line_1_20' title="bbox 508 2844 1992 2949; baseline 0 -28"><span class='ocrx_word' id='word_1_173' title='bbox 508 2872 596 2948; x_wconf 88' lang='lat' dir='ltr'>opus</span> <span class='ocrx_word' id='word_1_174' title='bbox 617 2845 720 2931; x_wconf 85' lang='lat' dir='ltr'>elset,</span> <span class='ocrx_word' id='word_1_175' title='bbox 747 2874 809 2946; x_wconf 94' lang='lat' dir='ltr'>per</span> <span class='ocrx_word' id='word_1_176' title='bbox 828 2850 981 2922; x_wconf 85' lang='lat' dir='ltr'>censuras</span> <span class='ocrx_word' id='word_1_177' title='bbox 1005 2849 1232 2924; x_wconf 78' lang='lat' dir='ltr'>ecelesasticas</span> <span class='ocrx_word' id='word_1_178' title='bbox 1256 2850 1520 2947; x_wconf 88' lang='lat' dir='ltr'>compellerent,</span> <span class='ocrx_word' id='word_1_179' title='bbox 1545 2850 1579 2923; x_wconf 93' lang='lat' dir='ltr'>id</span> <span class='ocrx_word' id='word_1_180' title='bbox 1605 2850 1696 2949; x_wconf 88' lang='lat' dir='ltr'>quod</span> <span class='ocrx_word' id='word_1_181' title='bbox 1719 2844 1833 2947; x_wconf 83' lang='lat' dir='ltr'>paffim</span> <span class='ocrx_word' id='word_1_182' title='bbox 1859 2845 1992 2922; x_wconf 79' lang='lat' dir='ltr'>indulte</span> 
     </span>
     <span class='ocr_line' id='line_1_21' title="bbox 509 2942 1993 3047; baseline 0.004 -28"><span class='ocrx_word' id='word_1_183' title='bbox 509 2942 683 3045; x_wconf 78' lang='lat' dir='ltr'>pontificia</span> <span class='ocrx_word' id='word_1_184' title='bbox 708 2947 884 3020; x_wconf 88' lang='lat' dir='ltr'>inculcant.</span> <span class='ocrx_word' id='word_1_185' title='bbox 936 2951 1049 3022; x_wconf 89' lang='lat' dir='ltr'>Primo</span> <span class='ocrx_word' id='word_1_186' title='bbox 1066 2974 1133 3021; x_wconf 89' lang='lat' dir='ltr'>non</span> <span class='ocrx_word' id='word_1_187' title='bbox 1150 2973 1238 3023; x_wconf 85' lang='lat' dir='ltr'>tants</span> <span class='ocrx_word' id='word_1_188' title='bbox 1252 2948 1424 3047; x_wconf 86' lang='lat' dir='ltr'>pollebant</span> <span class='ocrx_word' id='word_1_189' title='bbox 1448 2944 1698 3023; x_wconf 71' lang='lat' dir='ltr'>ausloritare&amp;</span> <span class='ocrx_word' id='word_1_190' title='bbox 1720 2950 1754 3021; x_wconf 90' lang='lat' dir='ltr'>vi</span> <span class='ocrx_word' id='word_1_191' title='bbox 1778 2945 1920 3041; x_wconf 78' lang='lat' dir='ltr'>cogendi</span> <span class='ocrx_word' id='word_1_192' title='bbox 1935 2967 1993 3025; x_wconf 72' lang='lat' dir='ltr'>ors</span> 
     </span>
     <span class='ocr_line' id='line_1_22' title="bbox 511 3043 1991 3142; baseline 0.001 -27"><span class='ocrx_word' id='word_1_193' title='bbox 511 3045 659 3116; x_wconf 88' lang='lat' dir='ltr'>dinarios</span> <span class='ocrx_word' id='word_1_194' title='bbox 681 3044 878 3129; x_wconf 84' lang='lat' dir='ltr'>collatores,</span> <span class='ocrx_word' id='word_1_195' title='bbox 900 3044 954 3118; x_wconf 90' lang='lat' dir='ltr'>sed</span> <span class='ocrx_word' id='word_1_196' title='bbox 973 3071 1011 3124; x_wconf 79' lang='lat' dir='ltr'>ex</span> <span class='ocrx_word' id='word_1_197' title='bbox 1033 3072 1073 3119; x_wconf 93' lang='lat' dir='ltr'>eo</span> <span class='ocrx_word' id='word_1_198' title='bbox 1090 3046 1145 3118; x_wconf 90' lang='lat' dir='ltr'>illa</span> <span class='ocrx_word' id='word_1_199' title='bbox 1167 3046 1331 3128; x_wconf 87' lang='lat' dir='ltr'>fluxerat,</span> <span class='ocrx_word' id='word_1_200' title='bbox 1353 3045 1445 3141; x_wconf 91' lang='lat' dir='ltr'>quod</span> <span class='ocrx_word' id='word_1_201' title='bbox 1467 3058 1659 3120; x_wconf 81' lang='lat' dir='ltr'>executores</span> <span class='ocrx_word' id='word_1_202' title='bbox 1674 3070 1714 3118; x_wconf 84' lang='lat' dir='ltr'>et</span> <span class='ocrx_word' id='word_1_203' title='bbox 1742 3045 1831 3117; x_wconf 88' lang='lat' dir='ltr'>haud</span> <span class='ocrx_word' id='word_1_204' title='bbox 1855 3043 1991 3142; x_wconf 80' lang='lat' dir='ltr'>praediti</span> 
     </span>
     <span class='ocr_line' id='line_1_23' title="bbox 490 3141 1993 3242; baseline -0.001 -26"><span class='ocrx_word' id='word_1_205' title='bbox 490 3141 707 3240; x_wconf 82' lang='lat' dir='ltr'>poteslatea</span> <span class='ocrx_word' id='word_1_206' title='bbox 727 3143 958 3225; x_wconf 85' lang='lat' dir='ltr'>collatoribus,</span> <span class='ocrx_word' id='word_1_207' title='bbox 982 3143 1165 3239; x_wconf 77' lang='lat' dir='ltr'>prasertim</span> <span class='ocrx_word' id='word_1_208' title='bbox 1188 3142 1451 3241; x_wconf 89' lang='lat' dir='ltr'>potentioribus,</span> <span class='ocrx_word' id='word_1_209' title='bbox 1473 3148 1680 3242; x_wconf 89' lang='lat' dir='ltr'>contemptui</span> <span class='ocrx_word' id='word_1_210' title='bbox 1696 3141 1917 3224; x_wconf 84' lang='lat' dir='ltr'>haberentur,</span> <span class='ocrx_word' id='word_1_211' title='bbox 1933 3161 1993 3215; x_wconf 88' lang='lat' dir='ltr'>aut</span> 
     </span>
     <span class='ocr_line' id='line_1_24' title="bbox 511 3239 1993 3340; baseline -0.001 -30"><span class='ocrx_word' id='word_1_212' title='bbox 511 3239 642 3336; x_wconf 83' lang='lat' dir='ltr'>ipsimet</span> <span class='ocrx_word' id='word_1_213' title='bbox 656 3265 695 3311; x_wconf 83' lang='lat' dir='ltr'>ex</span> <span class='ocrx_word' id='word_1_214' title='bbox 710 3239 862 3336; x_wconf 69' lang='lat' dir='ltr'>respeslu</span> <span class='ocrx_word' id='word_1_215' title='bbox 879 3241 1044 3323; x_wconf 90' lang='lat' dir='ltr'>humano,</span> <span class='ocrx_word' id='word_1_216' title='bbox 1065 3244 1205 3340; x_wconf 90' lang='lat' dir='ltr'>aliisque</span> <span class='ocrx_word' id='word_1_217' title='bbox 1220 3245 1358 3337; x_wconf 88' lang='lat' dir='ltr'>privatis</span> <span class='ocrx_word' id='word_1_218' title='bbox 1374 3242 1582 3339; x_wconf 86' lang='lat' dir='ltr'>compendiis</span> <span class='ocrx_word' id='word_1_219' title='bbox 1607 3240 1740 3315; x_wconf 72' lang='lat' dir='ltr'>abduili</span> <span class='ocrx_word' id='word_1_220' title='bbox 1766 3241 1914 3312; x_wconf 90' lang='lat' dir='ltr'>muneris</span> <span class='ocrx_word' id='word_1_221' title='bbox 1938 3242 1993 3310; x_wconf 91' lang='lat' dir='ltr'>iu·</span> 
     </span>
     <span class='ocr_line' id='line_1_25' title="bbox 511 3336 1991 3436; baseline -0.001 -27"><span class='ocrx_word' id='word_1_222' title='bbox 511 3336 613 3432; x_wconf 67' lang='lat' dir='ltr'>juniii</span> <span class='ocrx_word' id='word_1_223' title='bbox 637 3342 782 3409; x_wconf 85' lang='lat' dir='ltr'>rationes</span> <span class='ocrx_word' id='word_1_224' title='bbox 798 3336 933 3434; x_wconf 87' lang='lat' dir='ltr'>insuper</span> <span class='ocrx_word' id='word_1_225' title='bbox 947 3339 1142 3421; x_wconf 88' lang='lat' dir='ltr'>habuerint,</span> <span class='ocrx_word' id='word_1_226' title='bbox 1165 3344 1277 3436; x_wconf 84' lang='lat' dir='ltr'>potius</span> <span class='ocrx_word' id='word_1_227' title='bbox 1293 3336 1374 3420; x_wconf 84' lang='lat' dir='ltr'>suae,</span> <span class='ocrx_word' id='word_1_228' title='bbox 1396 3363 1495 3434; x_wconf 89' lang='lat' dir='ltr'>quam</span> <span class='ocrx_word' id='word_1_229' title='bbox 1512 3340 1654 3411; x_wconf 86' lang='lat' dir='ltr'>aliorum</span> <span class='ocrx_word' id='word_1_230' title='bbox 1671 3341 1880 3435; x_wconf 87' lang='lat' dir='ltr'>privatorum</span> <span class='ocrx_word' id='word_1_231' title='bbox 1897 3336 1991 3410; x_wconf 79' lang='lat' dir='ltr'>utili·&#39;</span> 
     </span>
     <span class='ocr_line' id='line_1_26' title="bbox 513 3433 1989 3531; baseline -0.001 -24"><span class='ocrx_word' id='word_1_232' title='bbox 513 3439 566 3508; x_wconf 85' lang='lat' dir='ltr'>tati</span> <span class='ocrx_word' id='word_1_233' title='bbox 580 3433 802 3509; x_wconf 82' lang='lat' dir='ltr'>consulentes.</span> <span class='ocrx_word' id='word_1_234' title='bbox 853 3438 917 3508; x_wconf 86' lang='lat' dir='ltr'>Sed</span> <span class='ocrx_word' id='word_1_235' title='bbox 933 3439 987 3508; x_wconf 86' lang='lat' dir='ltr'>ltic</span> <span class='ocrx_word' id='word_1_236' title='bbox 1001 3434 1153 3509; x_wconf 88' lang='lat' dir='ltr'>interseri</span> <span class='ocrx_word' id='word_1_237' title='bbox 1169 3460 1320 3509; x_wconf 89' lang='lat' dir='ltr'>meretur</span> <span class='ocrx_word' id='word_1_238' title='bbox 1335 3435 1471 3531; x_wconf 77' lang='lat' dir='ltr'>questio</span> <span class='ocrx_word' id='word_1_239' title='bbox 1484 3462 1550 3509; x_wconf 89' lang='lat' dir='ltr'>non</span> <span class='ocrx_word' id='word_1_240' title='bbox 1565 3440 1675 3529; x_wconf 78' lang='lat' dir='ltr'>exigui</span> <span class='ocrx_word' id='word_1_241' title='bbox 1689 3436 1989 3516; x_wconf 86' lang='lat' dir='ltr'>momenti,urrum</span> 
     </span>
     <span class='ocr_line' id='line_1_27' title="bbox 513 3526 1991 3616; baseline -0.001 -13"><span class='ocrx_word' id='word_1_242' title='bbox 513 3556 732 3615; x_wconf 90' lang='lat' dir='ltr'>executores,</span> <span class='ocrx_word' id='word_1_243' title='bbox 754 3531 776 3602; x_wconf 89' lang='lat' dir='ltr'>st</span> <span class='ocrx_word' id='word_1_244' title='bbox 798 3533 888 3605; x_wconf 88' lang='lat' dir='ltr'>nulla</span> <span class='ocrx_word' id='word_1_245' title='bbox 914 3538 1061 3616; x_wconf 90' lang='lat' dir='ltr'>ratione,</span> <span class='ocrx_word' id='word_1_246' title='bbox 1087 3534 1209 3605; x_wconf 88' lang='lat' dir='ltr'>nullius</span> <span class='ocrx_word' id='word_1_247' title='bbox 1235 3531 1378 3606; x_wconf 83' lang='lat' dir='ltr'>censurae</span> <span class='ocrx_word' id='word_1_248' title='bbox 1400 3536 1522 3604; x_wconf 89' lang='lat' dir='ltr'>timore</span> <span class='ocrx_word' id='word_1_249' title='bbox 1543 3533 1583 3604; x_wconf 88' lang='lat' dir='ltr'>ad</span> <span class='ocrx_word' id='word_1_250' title='bbox 1606 3527 1808 3603; x_wconf 85' lang='lat' dir='ltr'>conserenda</span> <span class='ocrx_word' id='word_1_251' title='bbox 1831 3526 1991 3601; x_wconf 81' lang='lat' dir='ltr'>beneficia</span> 
     </span>
     <span class='ocr_line' id='line_1_28' title="bbox 513 3625 1991 3727; baseline -0.001 -26"><span class='ocrx_word' id='word_1_252' title='bbox 513 3631 686 3702; x_wconf 83' lang='lat' dir='ltr'>collatores</span> <span class='ocrx_word' id='word_1_253' title='bbox 704 3630 822 3702; x_wconf 90' lang='lat' dir='ltr'>adduci</span> <span class='ocrx_word' id='word_1_254' title='bbox 837 3629 982 3724; x_wconf 84' lang='lat' dir='ltr'>possent,</span> <span class='ocrx_word' id='word_1_255' title='bbox 1004 3628 1134 3727; x_wconf 83' lang='lat' dir='ltr'>ipsimet</span> <span class='ocrx_word' id='word_1_256' title='bbox 1155 3632 1231 3725; x_wconf 86' lang='lat' dir='ltr'>jure</span> <span class='ocrx_word' id='word_1_257' title='bbox 1250 3625 1444 3703; x_wconf 87' lang='lat' dir='ltr'>conferendi</span> <span class='ocrx_word' id='word_1_258' title='bbox 1465 3654 1536 3703; x_wconf 87' lang='lat' dir='ltr'>tum</span> <span class='ocrx_word' id='word_1_259' title='bbox 1559 3629 1753 3720; x_wconf 87' lang='lat' dir='ltr'>gauderent.</span> <span class='ocrx_word' id='word_1_260' title='bbox 1802 3631 1879 3702; x_wconf 88' lang='lat' dir='ltr'>Hac</span> <span class='ocrx_word' id='word_1_261' title='bbox 1894 3629 1928 3697; x_wconf 91' lang='lat' dir='ltr'>in</span> <span class='ocrx_word' id='word_1_262' title='bbox 1950 3647 1991 3700; x_wconf 85' lang='lat' dir='ltr'>re</span> 
     </span>
     <span class='ocr_line' id='line_1_29' title="bbox 513 3721 1990 3822; baseline -0.003 -25"><span class='ocrx_word' id='word_1_263' title='bbox 513 3729 704 3821; x_wconf 84' lang='lat' dir='ltr'>inajentem</span> <span class='ocrx_word' id='word_1_264' title='bbox 725 3729 871 3799; x_wconf 89' lang='lat' dir='ltr'>concedo</span> <span class='ocrx_word' id='word_1_265' title='bbox 891 3727 1103 3811; x_wconf 90' lang='lat' dir='ltr'>sententiam,</span> <span class='ocrx_word' id='word_1_266' title='bbox 1126 3734 1214 3799; x_wconf 89' lang='lat' dir='ltr'>enim</span> <span class='ocrx_word' id='word_1_267' title='bbox 1231 3752 1311 3799; x_wconf 88' lang='lat' dir='ltr'>veru</span> <span class='ocrx_word' id='word_1_268' title='bbox 1327 3749 1363 3796; x_wconf 93' lang='lat' dir='ltr'>ut</span> <span class='ocrx_word' id='word_1_269' title='bbox 1385 3729 1502 3821; x_wconf 83' lang='lat' dir='ltr'>primae</span> <span class='ocrx_word' id='word_1_270' title='bbox 1520 3749 1635 3822; x_wconf 90' lang='lat' dir='ltr'>preces</span> <span class='ocrx_word' id='word_1_271' title='bbox 1654 3722 1712 3796; x_wconf 92' lang='lat' dir='ltr'>suo</span> <span class='ocrx_word' id='word_1_272' title='bbox 1735 3749 1802 3796; x_wconf 92' lang='lat' dir='ltr'>uon</span> <span class='ocrx_word' id='word_1_273' title='bbox 1825 3721 1990 3795; x_wconf 84' lang='lat' dir='ltr'>lrussren·</span> 
     </span>
    </p>

    <p class='ocr_par' dir='ltr' id='par_1_9' title="bbox 481 3816 2106 4785">
     <span class='ocr_line' id='line_1_30' title="bbox 481 3816 2106 3905; baseline -0.002 -9"><span class='ocrx_word' id='word_1_274' title='bbox 481 3884 491 3902; x_wconf 83' lang='grc'><em>,</em></span> <span class='ocrx_word' id='word_1_275' title='bbox 515 3847 563 3895; x_wconf 92' lang='lat' dir='ltr'>tur</span> <span class='ocrx_word' id='word_1_276' title='bbox 580 3823 725 3905; x_wconf 71' lang='lat' dir='ltr'>effesiu,</span> <span class='ocrx_word' id='word_1_277' title='bbox 747 3831 779 3895; x_wconf 91' lang='lat' dir='ltr'>in</span> <span class='ocrx_word' id='word_1_278' title='bbox 797 3851 873 3896; x_wconf 91' lang='lat' dir='ltr'>eum</span> <span class='ocrx_word' id='word_1_279' title='bbox 889 3824 1001 3897; x_wconf 86' lang='lat' dir='ltr'>saltem</span> <span class='ocrx_word' id='word_1_280' title='bbox 1019 3823 1127 3896; x_wconf 86' lang='lat' dir='ltr'>casum</span> <span class='ocrx_word' id='word_1_281' title='bbox 1145 3826 1244 3896; x_wconf 88' lang='lat' dir='ltr'>debet</span> <span class='ocrx_word' id='word_1_282' title='bbox 1267 3821 1329 3895; x_wconf 84' lang='lat' dir='ltr'>elle</span> <span class='ocrx_word' id='word_1_283' title='bbox 1345 3818 1484 3893; x_wconf 83' lang='lat' dir='ltr'>facultas</span> <span class='ocrx_word' id='word_1_284' title='bbox 1507 3816 1702 3895; x_wconf 86' lang='lat' dir='ltr'>conserendi</span> <span class='ocrx_word' id='word_1_285' title='bbox 1726 3822 1844 3893; x_wconf 89' lang='lat' dir='ltr'>iisdem</span> <span class='ocrx_word' id='word_1_286' title='bbox 1860 3816 1991 3893; x_wconf 83' lang='lat' dir='ltr'>conces·</span> <span class='ocrx_word' id='word_1_287' title='bbox 2102 3849 2106 3856; x_wconf 89' lang='lat'><strong>·</strong></span> 
     </span>
     <span class='ocr_line' id='line_1_31' title="bbox 515 3916 1989 4018; baseline -0.001 -26"><span class='ocrx_word' id='word_1_288' title='bbox 515 3919 560 4004; x_wconf 85' lang='lat' dir='ltr'>sa,</span> <span class='ocrx_word' id='word_1_289' title='bbox 589 3947 677 4018; x_wconf 89' lang='lat' dir='ltr'>quo,</span> <span class='ocrx_word' id='word_1_290' title='bbox 700 3919 818 4017; x_wconf 86' lang='lat' dir='ltr'>spretis</span> <span class='ocrx_word' id='word_1_291' title='bbox 834 3927 935 3993; x_wconf 87' lang='lat' dir='ltr'>etiam</span> <span class='ocrx_word' id='word_1_292' title='bbox 951 3920 1096 3995; x_wconf 89' lang='lat' dir='ltr'>censuris</span> <span class='ocrx_word' id='word_1_293' title='bbox 1119 3919 1357 4002; x_wconf 82' lang='lat' dir='ltr'>ecelefiaslicis,</span> <span class='ocrx_word' id='word_1_294' title='bbox 1384 3920 1559 3993; x_wconf 89' lang='lat' dir='ltr'>collatores</span> <span class='ocrx_word' id='word_1_295' title='bbox 1575 3916 1731 3996; x_wconf 84' lang='lat' dir='ltr'>conferre</span> <span class='ocrx_word' id='word_1_296' title='bbox 1754 3917 1989 4000; x_wconf 69' lang='lat' dir='ltr'>detreslarent,</span> 
     </span>
     <span class='ocr_line' id='line_1_32' title="bbox 516 4013 1990 4115; baseline -0.002 -25"><span class='ocrx_word' id='word_1_297' title='bbox 516 4018 609 4092; x_wconf 88' lang='lat' dir='ltr'>utsat</span> <span class='ocrx_word' id='word_1_298' title='bbox 638 4018 785 4090; x_wconf 89' lang='lat' dir='ltr'>dilucide</span> <span class='ocrx_word' id='word_1_299' title='bbox 807 4021 954 4093; x_wconf 88' lang='lat' dir='ltr'>iudicare</span> <span class='ocrx_word' id='word_1_300' title='bbox 979 4021 1134 4092; x_wconf 90' lang='lat' dir='ltr'>videntur</span> <span class='ocrx_word' id='word_1_301' title='bbox 1151 4019 1282 4091; x_wconf 89' lang='lat' dir='ltr'>indulta</span> <span class='ocrx_word' id='word_1_302' title='bbox 1302 4015 1485 4092; x_wconf 78' lang='lat' dir='ltr'>Pontificio.</span> <span class='ocrx_word' id='word_1_303' title='bbox 1536 4018 1703 4115; x_wconf 88' lang='lat' dir='ltr'>Equidem</span> <span class='ocrx_word' id='word_1_304' title='bbox 1725 4013 1799 4088; x_wconf 90' lang='lat' dir='ltr'>sunt</span> <span class='ocrx_word' id='word_1_305' title='bbox 1822 4013 1990 4089; x_wconf 71' lang='lat' dir='ltr'>Auslores</span> 
     </span>
     <span class='ocr_line' id='line_1_33' title="bbox 517 4105 1990 4212; baseline 0.001 -24"><span class='ocrx_word' id='word_1_306' title='bbox 517 4105 682 4197; x_wconf 84' lang='lat' dir='ltr'>nonnitlli,</span> <span class='ocrx_word' id='word_1_307' title='bbox 703 4116 738 4204; x_wconf 78' lang='lat' dir='ltr'>a)</span> <span class='ocrx_word' id='word_1_308' title='bbox 765 4120 823 4211; x_wconf 91' lang='lat' dir='ltr'>qui</span> <span class='ocrx_word' id='word_1_309' title='bbox 845 4117 945 4190; x_wconf 83' lang='lat' dir='ltr'>etiam</span> <span class='ocrx_word' id='word_1_310' title='bbox 968 4142 1058 4190; x_wconf 81' lang='lat' dir='ltr'>extra</span> <span class='ocrx_word' id='word_1_311' title='bbox 1078 4117 1207 4201; x_wconf 85' lang='lat' dir='ltr'>casum,</span> <span class='ocrx_word' id='word_1_312' title='bbox 1229 4138 1298 4212; x_wconf 91' lang='lat' dir='ltr'>quo</span> <span class='ocrx_word' id='word_1_313' title='bbox 1320 4116 1460 4188; x_wconf 88' lang='lat' dir='ltr'>collator</span> <span class='ocrx_word' id='word_1_314' title='bbox 1482 4116 1673 4188; x_wconf 90' lang='lat' dir='ltr'>ordinarius</span> <span class='ocrx_word' id='word_1_315' title='bbox 1694 4109 1842 4212; x_wconf 80' lang='lat' dir='ltr'>precillae</span> <span class='ocrx_word' id='word_1_316' title='bbox 1862 4110 1990 4190; x_wconf 83' lang='lat' dir='ltr'>benefi-</span> 
     </span>
     <span class='ocr_line' id='line_1_34' title="bbox 515 4209 1988 4310; baseline -0.003 -25"><span class='ocrx_word' id='word_1_317' title='bbox 515 4218 598 4286; x_wconf 86' lang='lat' dir='ltr'>cium</span> <span class='ocrx_word' id='word_1_318' title='bbox 614 4209 771 4286; x_wconf 90' lang='lat' dir='ltr'>conferre</span> <span class='ocrx_word' id='word_1_319' title='bbox 787 4238 961 4297; x_wconf 90' lang='lat' dir='ltr'>renueret,</span> <span class='ocrx_word' id='word_1_320' title='bbox 981 4215 1035 4310; x_wconf 82' lang='lat' dir='ltr'>jus</span> <span class='ocrx_word' id='word_1_321' title='bbox 1057 4211 1251 4287; x_wconf 87' lang='lat' dir='ltr'>conferendi</span> <span class='ocrx_word' id='word_1_322' title='bbox 1267 4214 1497 4286; x_wconf 83' lang='lat' dir='ltr'>executoribus</span> <span class='ocrx_word' id='word_1_323' title='bbox 1522 4211 1563 4282; x_wconf 94' lang='lat' dir='ltr'>ab</span> <span class='ocrx_word' id='word_1_324' title='bbox 1584 4211 1794 4310; x_wconf 87' lang='lat' dir='ltr'>Imperatore</span> <span class='ocrx_word' id='word_1_325' title='bbox 1820 4210 1988 4308; x_wconf 87' lang='lat' dir='ltr'>deputatis</span> 
     </span>
     <span class='ocr_line' id='line_1_35' title="bbox 514 4305 1989 4410; baseline -0.003 -29"><span class='ocrx_word' id='word_1_326' title='bbox 514 4334 581 4383; x_wconf 88' lang='lat' dir='ltr'>com</span> <span class='ocrx_word' id='word_1_327' title='bbox 611 4336 704 4383; x_wconf 91' lang='lat' dir='ltr'>etere</span> <span class='ocrx_word' id='word_1_328' title='bbox 731 4308 926 4395; x_wconf 81' lang='lat' dir='ltr'>adfirmant,</span> <span class='ocrx_word' id='word_1_329' title='bbox 949 4337 1060 4394; x_wconf 87' lang='lat' dir='ltr'>ereo,</span> <span class='ocrx_word' id='word_1_330' title='bbox 1084 4314 1175 4410; x_wconf 89' lang='lat' dir='ltr'>quod</span> <span class='ocrx_word' id='word_1_331' title='bbox 1197 4315 1230 4380; x_wconf 91' lang='lat' dir='ltr'>in</span> <span class='ocrx_word' id='word_1_332' title='bbox 1254 4312 1391 4382; x_wconf 86' lang='lat' dir='ltr'>indultis</span> <span class='ocrx_word' id='word_1_333' title='bbox 1414 4333 1604 4383; x_wconf 81' lang='lat' dir='ltr'>executores</span> <span class='ocrx_word' id='word_1_334' title='bbox 1626 4305 1786 4381; x_wconf 85' lang='lat' dir='ltr'>beneficia</span> <span class='ocrx_word' id='word_1_335' title='bbox 1808 4309 1989 4380; x_wconf 87' lang='lat' dir='ltr'>nominatis</span> 
     </span>
     <span class='ocr_line' id='line_1_36' title="bbox 515 4337 1989 4504; baseline -0.005 -23"><span class='ocrx_word' id='word_1_336' title='bbox 515 4337 719 4483; x_wconf 52' lang='lat' dir='ltr'>conserte&amp;</span> <span class='ocrx_word' id='word_1_337' title='bbox 742 4406 898 4502; x_wconf 80' lang='lat' dir='ltr'>assignare</span> <span class='ocrx_word' id='word_1_338' title='bbox 920 4411 1114 4504; x_wconf 87' lang='lat' dir='ltr'>jubeantur,</span> <span class='ocrx_word' id='word_1_339' title='bbox 1134 4411 1176 4482; x_wconf 91' lang='lat' dir='ltr'>de</span> <span class='ocrx_word' id='word_1_340' title='bbox 1195 4409 1374 4482; x_wconf 89' lang='lat' dir='ltr'>ordinariis</span> <span class='ocrx_word' id='word_1_341' title='bbox 1400 4433 1480 4480; x_wconf 91' lang='lat' dir='ltr'>vero</span> <span class='ocrx_word' id='word_1_342' title='bbox 1504 4407 1651 4490; x_wconf 88' lang='lat' dir='ltr'>dicatur,</span> <span class='ocrx_word' id='word_1_343' title='bbox 1673 4407 1763 4503; x_wconf 89' lang='lat' dir='ltr'>quod</span> <span class='ocrx_word' id='word_1_344' title='bbox 1787 4408 1925 4503; x_wconf 72' lang='lat' dir='ltr'>personas</span> <span class='ocrx_word' id='word_1_345' title='bbox 1945 4406 1989 4474; x_wconf 78' lang='lat' dir='ltr'>ad</span> 
     </span>
     <span class='ocr_line' id='line_1_37' title="bbox 513 4503 1989 4604; baseline -0.001 -27"><span class='ocrx_word' id='word_1_346' title='bbox 513 4508 680 4598; x_wconf 74' lang='lat' dir='ltr'>huiusmodi</span> <span class='ocrx_word' id='word_1_347' title='bbox 694 4509 851 4600; x_wconf 77' lang='lat' dir='ltr'>beneficia,</span> <span class='ocrx_word' id='word_1_348' title='bbox 871 4512 1023 4603; x_wconf 75' lang='lat' dir='ltr'>postquam</span> <span class='ocrx_word' id='word_1_349' title='bbox 1041 4510 1107 4604; x_wconf 79' lang='lat' dir='ltr'>ipfit</span> <span class='ocrx_word' id='word_1_350' title='bbox 1127 4514 1164 4579; x_wconf 85' lang='lat' dir='ltr'>dc</span> <span class='ocrx_word' id='word_1_351' title='bbox 1184 4515 1221 4581; x_wconf 88' lang='lat' dir='ltr'>iis</span> <span class='ocrx_word' id='word_1_352' title='bbox 1242 4504 1550 4597; x_wconf 70' lang='lat' dir='ltr'>canonicepvcuisunt</span> <span class='ocrx_word' id='word_1_353' title='bbox 1565 4506 1684 4598; x_wconf 82' lang='lat' dir='ltr'>suerit,</span> <span class='ocrx_word' id='word_1_354' title='bbox 1705 4510 1799 4599; x_wconf 73' lang='lat' dir='ltr'>juxte</span> <span class='ocrx_word' id='word_1_355' title='bbox 1818 4528 1936 4599; x_wconf 82' lang='lat' dir='ltr'>precum</span> <span class='ocrx_word' id='word_1_356' title='bbox 1951 4503 1989 4575; x_wconf 67' lang='grc' dir='ltr'>Β</span> 
     </span>
     <span class='ocr_line' id='line_1_38' title="bbox 513 4592 1988 4784; baseline -0.004 -104"><span class='ocrx_word' id='word_1_357' title='bbox 513 4610 748 4782; x_wconf 55' lang='lat' dir='ltr'>uminatqignum</span> <span class='ocrx_word' id='word_1_358' title='bbox 772 4628 905 4784; x_wconf 52' lang='lat' dir='ltr'>tltlrtttem</span> <span class='ocrx_word' id='word_1_359' title='bbox 924 4613 1053 4705; x_wconf 81' lang='lat' dir='ltr'>recipere</span> <span class='ocrx_word' id='word_1_360' title='bbox 1074 4611 1304 4691; x_wconf 58' lang='lat' dir='ltr'>&amp;admittam</span> <span class='ocrx_word' id='word_1_361' title='bbox 1323 4603 1387 4777; x_wconf 64' lang='grc' dir='ltr'>1]εέ</span> <span class='ocrx_word' id='word_1_362' title='bbox 1409 4600 1474 4690; x_wconf 87' lang='lat' dir='ltr'>est,</span> <span class='ocrx_word' id='word_1_363' title='bbox 1495 4602 1566 4703; x_wconf 78' lang='lat' dir='ltr'>jans</span> <span class='ocrx_word' id='word_1_364' title='bbox 1589 4600 1754 4681; x_wconf 84' lang='lat' dir='ltr'>institutos</span> <span class='ocrx_word' id='word_1_365' title='bbox 1770 4604 1806 4675; x_wconf 90' lang='lat' dir='ltr'>in</span> <span class='ocrx_word' id='word_1_366' title='bbox 1823 4592 1988 4702; x_wconf 66' lang='lat' dir='ltr'>possesso·</span> 
     </span>
     <span class='ocr_line' id='line_1_39' title="bbox 619 4715 1989 4785; baseline 0.002 -6"><span class='ocrx_word' id='word_1_367' title='bbox 619 4765 622 4770; x_wconf 92' lang='lat'>.</span> <span class='ocrx_word' id='word_1_368' title='bbox 661 4723 757 4780; x_wconf 82' lang='lat' dir='ltr'>amus</span> <span class='ocrx_word' id='word_1_369' title='bbox 810 4755 822 4785; x_wconf 81' lang='grc'><strong>.</strong></span> <span class='ocrx_word' id='word_1_370' title='bbox 1395 4722 1416 4783; x_wconf 85' lang='lat' dir='ltr'>s</span> <span class='ocrx_word' id='word_1_371' title='bbox 1908 4715 1989 4771; x_wconf 67' lang='lat' dir='ltr'>nem</span> 
     </span>
    </p>
   </div>
   <div class='ocr_carea' id='block_1_8' title="bbox 0 0 2528 5588">
    <p class='ocr_par' dir='ltr' id='par_1_10' title="bbox 0 0 2528 5588">
     <span class='ocr_line' id='line_1_40' title="bbox 0 0 2528 5588; baseline 0 0"><span class='ocrx_word' id='word_1_372' title='bbox 0 0 2528 5588; x_wconf 95' lang='lat' dir='ltr'> </span> 
     </span>
    </p>
   </div>
  </div>
 </body>
</html>
