5017 5592
511 671 586 747 7¹4
969 629 1547 712 DissERTnTlo

512 821 578 900 else
594 822 626 894 di
643 839 801 916 paterga,
825 813 866 887 nd
875 813 1062 888 ornandum
1072 813 1208 884 illorum
1217 808 1398 908 systema&
1412 811 1668 909 expoliendum:
1695 835 1766 886 iton
1777 809 1995 886 illuslrantluio

513 947 570 997 aut
586 912 885 992 corroborandum.
935 909 1108 985 Clariffim.
1125 912 1271 992 Gletile,
1296 935 1365 1007 quo
1383 909 1533 1006 praellat,
1559 909 1634 1007 slyli
1649 915 1809 982 acumine
1827 911 1862 982 dt
1882 912 1997 1005 elegan-

514 1024 561 1095 tia
576 1018 650 1115 plus
666 1005 955 1091 videturefficere‚
980 1035 1083 1106 quam
1093 1033 1207 1081 rerum
1222 1013 1403 1081 momentis
1418 1008 1451 1081 dt
1468 1009 1618 1105 pondere
1632 1033 1930 1102 argumentorum.
1952 1013 1996 1080 Pa

514 1141 601 1192 trent
619 1110 786 1184 Cardenus
800 1109 940 1205 ejusque
955 1131 1188 1199 argumentum
1205 1131 1244 1178 ex
1259 1107 1360 1180 Trid.
1376 1104 1445 1178 sels.
1467 1133 1521 1184 20.
1536 1108 1578 1180 de
1592 1104 1696 1180 cesor.
1708 1111 1860 1204 petitum
1877 1133 1939 1202 pro
1950 1109 1999 1178 im·

422 1217 432 1228 ‘
512 1216 679 1288 munitate
694 1203 913 1278 Ecclesiastica
935 1207 1075 1288 tuenda,
1092 1213 1159 1298 lale
1180 1211 1406 1298 indignatione,
1432 1230 1470 1276 ut
1488 1208 1555 1286 ait,
1580 1203 1717 1278 refutat.
1772 1215 1821 1278 At
1834 1205 1898 1276 nifi
1915 1205 1998 1276 vehe·

514 1333 646 1388 menter
658 1331 762 1386 erro,
789 1303 843 1374 hie
859 1304 979 1374 modus
995 1299 1160 1376 refutandi
1177 1299 1223 1374 ell
1238 1325 1362 1400 preter
1377 1303 1587 1374 methodum.
1615 1309 1777 1396 Maglone
1794 1327 1933 1399 petent,
1950 1305 1997 1396 qui

513 1402 666 1480 Ecclesia
689 1403 774 1473 bona
797 1421 990 1496 extorquer,
1042 1425 1117 1473 uam
1138 1404 1196 1498 qui
1212 1401 1286 1494 jura
1303 1400 1337 1472 dt
1354 1401 1531 1497 privilegia
1553 1401 1675 1473 deterit
1690 1425 1797 1497 atque
1818 1403 1997 1473 imminuit?

512 1509 612 1578 Prius
631 1499 700 1599 ipse
719 1506 748 1569 D
776 1500 903 1572 Glettle
918 1501 1005 1570 ultro
1017 1428 1154 1572 seretur.
1181 1496 1292 1598 Julsus
1306 1500 1387 1570 dare
1404 1497 1633 1598 disparitatem
1648 1503 1739 1570 inter
1756 1501 1829 1570 hee
1846 1500 1934 1570 duo:
1951 1503 1994 1570 se

514 1603 548 1676 ln
561 1603 790 1690 indignatione
807 1599 839 1668 di
858 1599 1035 1694 supercilio
1049 1602 1117 1668 vim
1133 1601 1319 1688 argumenti
1336 1593 1490 1669 dissolvit.
1554 1595 1630 1693 lpse
1643 1603 1687 1668 D.
1704 1599 1843 1672 Glettle
1858 1597 1994 1670 coneedit

513 1703 762 1774 immunitatem
777 1700 956 1789 perlinclen
973 1696 1182 1767 clericorum
1197 1692 1261 1767 esse
1272 1695 1359 1792 jutis
1376 1697 1479 1768 divini
1492 1719 1502 1780 ;
1528 1695 1692 1768 &attexit
1703 1697 1900 1768 rationem:
1923 1699 1996 1768 cite·

514 1823 581 1872 cens
593 1799 694 1889 siret.
722 1799 756 1870 ὅ
779 1817 882 1863 centra
898 1799 1090 1865 eninentiani
1099 1795 1219 1884 statas,
1241 1800 1283 1866 ad
1303 1796 1468 1865 tribunalia
1484 1797 1567 1866 trebi
1586 1797 1668 1876 idei,
1691 1821 1713 1866 a
1729 1797 1843 1887 quidne
1860 1797 1995 1888 emino

515 1897 685 1984 efficiamin
702 1891 863 1976 christiani
880 1942 889 1963 .
905 1942 915 1962 .
932 1943 939 1962 .
954 1895 1027 1984 qnia
1040 1898 1216 1964 reverentia
1227 1897 1336 1964 divine
1351 1897 1446 1965 castrii
1460 1895 1580 1974 dedite,
1605 1897 1693 1963 decan
1705 1895 1899 1964 Hieratcltie
1915 1897 1995 1962 Eciln·

509 1995 633 2086 fistice
648 1993 802 2082 exigebat,
828 2009 863 2060 iit
879 1993 1013 2061 beminis
1029 1993 1071 2060 ed
1086 1995 1200 2061 cnlcntn
1214 1995 1357 2062 divinent
1369 1991 1541 2084 specialiter
1554 1995 1691 2084 deputati
1698 1995 1913 2080 jnrisdidiinni
1930 1993 1994 2060 iiii·

515 2117 564 2164 nis
585 2091 737 2176 inferioris
756 2113 813 2158 nin
832 2087 1031 2178 subjacerent.
1082 2095 1149 2159 Her
1170 2093 1250 2158 ratio
1268 2091 1374 2174 scindit
1390 2089 1597 2180 &iicſsnsticis
1615 2114 1673 2158 nnn
1682 2088 1895 2182 [riffragam.
1943 2083 1994 2158 Sed

516 2214 558 2263 an
574 2182 725 2266 interest,
753 2208 867 2256 utrum
883 2185 1172 2258 Clericueratione
1186 2191 1306 2268 desidi,
1331 2212 1372 2256 an
1387 2191 1517 2259 ratione
1526 2189 1622 2279 sandi
1634 2189 1793 2281 rapiatur
1808 2185 1853 2256 ad
1867 2181 1994 2257 tribird

516 2288 646 2361 ordinit
662 2281 858 2355 inferioris?
884 2286 921 2352 ln
936 2284 1225 2379 quemutrnbique
1238 2287 1371 2370 citatio,
1396 2281 1554 2356 sententia
1570 2281 1767 2356 &molestia
1793 2285 1867 2356 litis
1883 2287 1994 2354 unirer

516 2383 559 2458 sae
576 2382 757 2496 redundat,
783 2379 840 2451 nisi
855 2383 895 2496 'in
916 2379 1116 2477 personam?
1145 2383 1208 2454 Sed
1236 2387 1300 2453 Vir
1314 2379 1550 2454 eruditissimus
1573 2382 1653 2452 alibi
1672 2405 1817 2550 puoqite
1838 2382 1923 2456 idem
1942 2377 1993 2494 fibi

516 2485 891 2664 lisslllithll'l
899 2477 1762 2674 illd'‘lltlll53:323...2?.lll”,3l¹..3}l
1769 2505 1867 2670 ³122:
1886 2503 1993 2672 5:3¹3:

516 2686 596 2760 iem,
620 2679 646 2766 fi
668 2683 824 2768 delinquet
840 2685 871 2747 in
888 2677 982 2761 officie
1001 2676 1144 2766 seculari.
1193 2673 1351 2748 concesso
1366 2677 1579 2748 antecedente
1601 2697 1699 2768 negat
1721 2675 1991 2772 consequentiam·

518 2773 693 2850 Subnedlit
709 2783 892 2853 rationem,
917 2783 987 2866 qnia
1002 2775 1071 2866 effer
1088 2799 1192 2845 contre
1206 2783 1397 2846 eniincniiam
1412 2782 1520 2846 Stetiic
1536 2776 1749 2866 mesimeri,
1773 2779 1912 2846 doctrines
1927 2771 1991 2866 sape

517 2881 606 2948 rionis
621 2879 732 2944 ordinis
746 2883 844 2965 puniri
860 2876 1073 2944 abdominibus
1090 2878 1242 2964 insanionis
1259 2879 1383 2943 ordinis.
1428 2881 1493 2943 llec
1508 2897 1585 2944 catti
1600 2875 1688 2963 ccffii
1704 2879 1738 2941 in
1755 2875 1847 2958 cesa,
1872 2899 1927 2964 qui
1941 2874 1992 2940 Cle·

519 2999 597 3044 victis
619 2978 767 3061 delinquit
781 2978 812 3039 in
831 2972 922 3055 officio
942 2973 1083 3052 (ataleni.
1132 2971 1196 3040 Sed
1213 2968 1351 3040 obsecro
1371 2974 1444 3041 Vir.
1460 2972 1558 3042 Clari
1582 2996 1642 3040 eur
1655 2965 1784 3042 celsae?
1809 2969 1990 3066 respondet:

520 3075 655 3142 Tantum
676 3067 776 3156 abest,
802 3089 836 3135 cic
854 3073 961 3135 Status
976 3067 1190 3154 Ecclefiesticies
1212 3075 1358 3137 maculam
1383 3075 1541 3139 contrabat
1560 3093 1613 3161 pet
1633 3074 1708 3147 bic,
1727 3073 1810 3159 qiiod
1829 3077 1993 3162 pnniatnu

516 3170 658 3259 Principe
674 3167 828 3241 Saeniani,
853 3182 889 3230 iit
906 3169 1002 3252 potitis
1016 3168 1109 3234 dictem
1125 3167 1275 3256 ingentem
1290 3171 1359 3236 inde
1373 3171 1511 3260 accipiet.
1561 3165 1800 3238 llelleomnino
1815 3167 1859 3236 ad
1873 3167 1992 3258 genium

518 3263 674 3335 Politices
689 3260 902 3331 recentioris!
931 3261 992 3330 Sed
1010 3262 1094 3331 hanc
1108 3261 1371 3357 responsionem,
1395 3289 1468 3360 quae
1483 3264 1567 3334 nihil
1590 3264 1774 3336 admodum
1792 3263 1941 3336 habetio
1953 3283 1992 3332 re·

518 3353 621 3438 celso,
646 3356 725 3430 licut
742 3361 782 3427 D.
802 3357 929 3429 Gleitle
943 3359 1160 3449 Theologum
1178 3386 1305 3432 tantuin
1320 3360 1385 3431 solii
1400 3362 1643 3452 indignatione.
1669 3358 1711 3432 lie
1725 3361 1991 3434 PaterCerdeotn

516 3458 588 3531 solo
604 3455 670 3528 risu
686 3463 808 3526 metito
822 3457 1033 3536 refutaverit,
1055 3463 1112 3550 qui
1130 3489 1146 3527 a
1165 3459 1250 3544 lCio
1265 3483 1355 3530 tanto
1369 3484 1435 3529 non
1450 3464 1594 3550 argutias
1603 3457 1813 3554 expedlavit,
1843 3457 1902 3530 sed
1913 3481 1993 3551 argu·

518 3581 643 3630 menia.
691 3557 882 3650 Qiaerimus
895 3580 932 3625 ex
959 3561 1042 3624 Vtro
1067 3554 1283 3632 Ditil'illinio.
1310 3561 1365 3652 qui
1386 3555 1487 3626 solam
1515 3561 1766 3652 exemptionem
1789 3557 1990 3630 Clerieoritni

518 3659 551 3726 in
568 3657 770 3725 criminalibus
786 3652 872 3747 juris
889 3652 993 3722 divini
1016 3649 1078 3724 esse
1102 3651 1210 3725 all'erit
1228 3683 1235 3723 :
1259 3655 1327 3725 Ubi
1349 3654 1400 3723 vel
1418 3679 1500 3748 apex
1516 3659 1548 3724 iii
1569 3653 1644 3750 jure
1661 3654 1783 3730 divino
1802 3678 1922 3742 extat,
1945 3651 1990 3750 qul

519 3753 766 3849 exemptionem
788 3750 999 3821 clericorum
1020 3749 1197 3846 restringat
1214 3752 1254 3824 ad
1273 3775 1422 3827 carcerei
1445 3751 1479 3824 d
1497 3752 1672 3848 patibula?

635 3948 712 4016 Nec
736 3941 875 4027 dubito,
907 3941 1084 4017 Lellorem
1111 3946 1288 4019 Eruditum
1311 3972 1352 4019 ex
1369 3949 1547 4044 utriusque
1570 3946 1677 4043 partia
1695 3943 1892 4020 ratiouihua
1916 3941 1988 4017 facili

518 4039 709 4130 eonjeidura
730 4039 851 4137 assequi
870 4093 879 4123 ,
907 4044 1124 4115 Adversarius
1142 4069 1239 4141 aeqito
1266 4045 1397 4135 longius
1424 4047 1564 4142 provehi
1583 4069 1592 4125 3
1622 4053 1669 4114 lta
1691 4067 1752 4125 ut,
1777 4041 1875 4116 fivel
1900 4065 1988 4117 unum

518 4139 644 4235 pall'iim
661 4165 896 4233 promoveant,
920 4167 1016 4212 ritant
1031 4147 1063 4213 in
1083 4141 1284 4238 hypotheses
1304 4167 1423 4238 parum
1439 4146 1665 4218 orthodoxas,
1692 4140 1726 4210 dt
1752 4145 1988 4216 concedereco·

519 4259 638 4329 gantur
661 4239 711 4315 id,
738 4240 825 4333 qeioil
851 4237 909 4333 ipsi
931 4265 1088 4332 iatiqiiam
1111 4243 1231 4310 diiritm
1255 4238 1463 4333 &asystaton
1486 4239 1540 4310 seii
1561 4244 1784 4310 inconnexum
1807 4247 1986 4332 agnoscunt

517 4331 672 4404 Assertint
697 4338 927 4424 Mugillratutn
949 4341 1123 4432 politicum
1141 4339 1218 4434 jure
1232 4341 1430 4432 prohibere,
1456 4364 1496 4407 ne
1515 4337 1697 4407 immobilia
1711 4347 1872 4432 acquirat
1892 4337 1985 4410 Etile·

514 4428 576 4512 hu3
603 4458 643 4501 ne
660 4434 840 4518 legitimam
859 4439 958 4505 eiiam
977 4442 1009 4503 iii
1034 4441 1172 4530 pecunia
1191 4459 1360 4506 numerata
1377 4433 1602 4505 consiliantem
1618 4427 1766 4506 inserant
1788 4433 1983 4506 monalletiis

515 4525 576 4597 lilii
591 4553 644 4596 aui
662 4526 736 4596 filia.-
752 4529 803 4596 dic
867 4534 992 4626 Quidni
1007 4533 1223 4625 Magistratus
1236 4535 1324 4606 idem
1337 4557 1448 4602 vetare
1464 4555 1579 4629 queat,
1603 4557 1644 4601 ne
1659 4536 1804 4604 omnino
1813 4534 1984 4628 quidquem

511 4623 576 4697 sive
591 4625 767 4696 mobilium
783 4625 847 4699 sive
864 4632 1087 4704 immobilium
1102 4631 1299 4714 donatione,
1323 4632 1458 4726 legatia,
1483 4627 1677 4704 tellemento
1698 4628 1877 4706 transcribi
1901 4623 1983 4726 poili

530 4739 533 4744 .
1164 4781 1171 4792 Ι
1674 4795 1679 4806 Ι
1888 4724 1985 4802 Μ

375 4831 533 4933 ,Λ
