5017 5592
511 621 587 704 ors
603 573 748 704 vano
764 615 835 705 rr
848 600 1090 696 canuno
1105 585 1303 698 trusus.
1317 615 1457 698 sect.
1473 572 1896 714 cunnrunnnn.
1911 607 1988 736 ,n
2025 725 2031 736 ,

512 804 731 887 corroborat,
753 801 834 876 dum
855 823 923 876 non
949 798 1269 875 administrationem
1282 799 1348 874 five
1368 802 1614 876 ordinationem
1629 827 1776 896 tonum,
1801 810 1902 892 sed&
1920 817 1991 914 pte.

511 931 593 980 nam
607 901 821 1003 potestatem,
845 896 910 983 five
926 895 1099 973 sublimius
1120 899 1152 972 de
1174 903 1375 972 eminentius
1392 903 1531 972 omnino·
1543 906 1605 997 Jus
1627 904 1800 1003 Epil'cupis
1816 915 1991 990 commiste.

512 1009 597 1077 ΗΜ
620 1008 710 1075 ‘uim
732 995 825 1071 sensu
848 1002 1161 1076 ssssnssvlcrurt
1186 1002 1412 1071 Lavrran
1435 998 1535 1072 verba
1563 1000 1702 1094 allegata
1729 1007 1886 1104 accepisse
1912 1011 1992 1086 inde

513 1093 706 1194 colligitur,
751 1098 818 1168 uod
834 1099 870 1166 in
895 1091 966 1189 ejus
987 1093 1227 1188 compilatione
1250 1094 1494 1193 &precedens
1518 1095 1551 1168 dt
1577 1095 1774 1195 subsequens
1798 1110 1994 1204 Capitulum

513 1199 558 1294 cd
579 1197 704 1297 judicie
724 1124 902 1270 armando
922 1193 1103 1290 pertineat·

1158 1299 1193 1402 s.
1239 1301 1356 1382 XVI.

636 1443 797 1542 Aequalis
814 1447 903 1516 'certe
918 1443 1101 1513 canori
1126 1444 1276 1513 Cauvr
1296 1442 1329 1512 in
1347 1438 1541 1525 Ecclesiam,
1566 1439 1767 1542 Episcopus,
1792 1473 1829 1521 ac
1845 1429 1999 1548 synodos

517 1542 757 1621 Ecclesiasticus
778 1546 883 1637 pietas
908 1536 967 1609 sub
982 1540 1156 1629 regiminis
1176 1537 1247 1632 ejus
1269 1537 1413 1635 auspicia
1438 1542 1551 1613 eluxit.
1615 1539 1868 1631 starim'enim,
1900 1576 2001 1649 atque

520 1649 803 1717 Laurentius
826 1644 944 1709 Frater
963 1659 1041 1706 natu
1057 1643 1218 1707 maximus
1235 1661 1271 1707 ac
1292 1639 1481 1733 Imperator
1498 1635 1696 1718 discessisset,
1722 1642 1754 1714 de
1777 1642 1846 1740 ipse
1869 1648 1901 1720 or
1921 1655 2000 1721 Lu.

519 1764 550 1817 n
562 1762 623 1812 ov
637 1763 646 1809 1
658 1761 734 1810 ecta·
751 1739 941 1810 Germanus
959 1733 1030 1828 ejus
1048 1732 1158 1805 caussa
1175 1731 1246 1805 suas
1262 1733 1404 1829 litesque
1423 1735 1664 1831 Episcoporum
1678 1739 1805 1834 juducio
1820 1751 2003 1818 terminan-

521 1844 582 1914 das
601 1835 794 1936 permisere.
818 1840 855 1925 a)
906 1836 980 1903 lnio
999 1828 1151 1902 Consiliis
1172 1828 1416 1928 Episcoporum
1438 1837 1548 1928 quoad
1570 1860 1722 1908 raormam
1744 1841 1930 1932 Regiminis
1950 1844 2000 1920 sui

522 1943 594 2024 uti,
623 1936 655 2009 dr
674 1933 851 2007 secundum
868 1930 936 2001 baec
952 1931 1075 2020 Regnis
1089 1926 1155 2001 suis
1171 1927 1203 2001 se
1222 1933 1391 2001 moderari
1408 1933 1491 2003 aelle
1516 1930 1652 2027 proselli
1668 1930 1751 2007 sunt.
1770 1938 1806 2030 b)

643 2066 707 2141 Sed
722 2090 788 2136 non
803 2065 919 2136 eadem
938 2059 1070 2158 semper
1086 2061 1156 2132 c'us
1177 2063 1280 2133 animi
1304 2060 1491 2135 moderatio
1511 2064 1544 2134 dr
1563 2062 1769 2141 observantia
1790 2065 1902 2144 sotsan
1928 2097 2004 2170 perd,

527 2167 628 2250 stitit,
653 2189 725 2263 qun
746 2157 1067 2257 Majorumsuorum
1087 2086 1209 2232 saecat.
1263 2165 1350 2230 Dum
1365 2162 1454 2231 enim
1470 2158 1625 2234 scnisl'ent
1640 2167 1674 2233 in
1691 2165 1763 2260 ejus
1781 2193 1897 2241 manus
1916 2177 2005 2244 Con·
2107 2235 2113 2242 .

528 2267 717 2341 stimme,
735 2261 906 2356 Synoditae
928 2258 1075 2352 plurium
1097 2258 1444 2353 Metropolitanotum
1464 2257 1498 2331 de
1518 2256 1779 2358 Episcoporum,
1812 2265 1852 2335 ab
1876 2270 2006 2342 aulacia

529 2360 730 2440 proceribus
750 2378 999 2454 preoccupatus
1018 2377 1072 2425 eas
1095 2378 1133 2425 ex
1154 2377 1249 2450 parte
1273 2377 1401 2425 tantum
1422 2355 1641 2429 admittendas
1665 2356 1795 2442 statuit,
1831 2364 2007 2462 Episcopis

531 2484 644 2538 ,mem
664 2454 910 2550 signifitanduur
925 2448 1028 2546 jussit,
1060 2476 1230 2548 nunquam
1254 2457 1381 2525 caterio
1402 2456 1527 2546 Regem
1548 2455 1580 2526 ur
1596 2460 1760 2537 froceres
1783 2457 1845 2532 osse
1869 2461 2031 2537 aslensu'

521 2584 601 2638 ¹ros.
650 2561 795 2628 Fuerant
817 2554 883 2621 bac
901 2553 1027 2620 Statura
1042 2549 1183 2620 Concilli
1199 2549 1396 2631 Meldenfis,
1420 2554 1453 2621 in
1475 2554 1565 2647 quod
1582 2578 1667 2623 anno
1687 2560 1912 2629 DCCCXLV.
1927 2565 2007 2657 upi-

531 2655 625 2752 scopq
648 2679 761 2726 mum,
820 2651 1086 2728 provintiarum,
1127 2645 1338 2731 Senonensts,
1368 2648 1535 2719 Remenfis
1558 2651 1591 2720 nr
1614 2652 1820 2723 lliturrcensrs
1846 2682 2009 2731 cortvene·

532 2778 620 2830 rant.
670 2756 821 2822 Cataonas
842 2745 966 2817 conditi
988 2768 1082 2815 erant
1104 2746 1292 2839 ottogrnra,
1329 2770 1413 2843 quos
1434 2741 1576 2822 affirmat
1594 2750 1749 2843 Synodus
1768 2775 1844 2823 cum
1865 2757 2009 2848 Rege&

529 2849 731 2929 Proteribus
750 2847 947 2944 dil'ceptatos
968 2838 1075 2918 fante.
1100 2845 1133 2936 r)

1286 2937 1359 3014 Dd
1385 2939 1443 3024 dd
1471 2968 1489 3037 3
1957 2951 2009 3022 Ex

652 3110 773 3191 ,torath
794 3121 829 3172 ut
843 3108 969 3182 dotem,
990 3129 1084 3195 quom
1103 3107 1205 3172 eidem
1224 3107 1372 3173 Ecclesiae
1394 3110 1605 3184 contulerint,
1626 3130 1690 3175 noo
1711 3115 1855 3179 censeant
1870 3117 1909 3179 ad
1931 3118 2009 3202 Ερῑ.

652 3197 762 3272 ”sffl'i
783 3194 1015 3255 ⁰¹di⁰³t¹⁰¹¹⁸¹¹¹
1032 3195 1196 3276 pertinere,
1242 3191 1337 3266 Quod
1354 3193 1471 3255 sartum
1485 3195 1529 3256 est
1548 3199 1578 3255 io
1598 3199 1779 3278 praeterito,
1795 3200 1956 3280 displicet,
1975 3201 2011 3265 &

654 3281 709 3355 „in
726 3218 835 3338 sutoro
853 3276 1057 3352 prohibetur;
1078 3275 1128 3335 led
1143 3273 1248 3333 omnia
1268 3274 1434 3336 secundnm
1453 3277 1690 3359 constitutionem
1702 3287 1861 3364 antiquom
1878 3284 1916 3344 rd
1934 3283 2012 3367 Epi-

654 3361 763 3440 „scopi
783 3357 1014 3419 ordinationem
1037 3357 1070 3420 dt
1091 3354 1278 3436 potestatem
1298 3357 1484 3435 pertineant.

579 3488 617 3571 a)
634 3480 742 3548 Visum
762 3475 836 3549 esre
849 3487 885 3540 ut
903 3493 967 3537 rem
984 3472 1022 3534 ad
1040 3470 1216 3554 Episcopos
1228 3468 1489 3551 sacerdotesque,
1510 3490 1644 3552 quorum
1659 3475 1766 3536 aderat
1779 3495 1850 3556 pata
1863 3481 2013 3558 maxima,

658 3561 862 3630 ctrrtlerrenta
880 3572 915 3619 ut
935 3558 1063 3619 illorum
1079 3552 1242 3622 consultu,
1266 3555 1357 3617 velot
1371 3555 1506 3618 Numine
1517 3558 1648 3626 divino,
1673 3557 1782 3622 harum
1796 3577 1897 3623 rerum
1913 3585 2015 3630 exor-

657 3638 1042 3720 diumatquaauthoritas
1058 3638 1250 3716 proderetur.
1297 3633 1345 3697 lta
1361 3640 1443 3700 enirn
1470 3638 1551 3719 opud
1570 3656 1625 3700 nu
1648 3636 1827 3704 Crassus
1850 3641 1958 3707 Tomo
1981 3666 2013 3715 2.

656 3747 727 3809 pult·
748 3727 818 3805 37⁶·
864 3723 892 3785 N
902 3742 1010 3784 ΙΤΗΑ
1023 3743 1042 3781 κ
1055 3739 1106 3781 Du
1117 3739 1133 3781 s
1161 3717 1277 3800 relqrt,
1298 3721 1351 3798 qui
1372 3718 1503 3802 ipsemet
1522 3719 1604 3781 inter
1621 3738 1680 3782 eos
1695 3720 1774 3798 luit,
1796 3725 1937 3804 quibui«
1952 3737 2017 3791 ter.

660 3828 763 3871 rarum
782 3808 943 3888 partitioni
961 3801 1119 3886 praepoliri
1134 3798 1269 3864 suerent.

582 3932 622 4014 t)
651 3923 928 4068 Seclpndumtsuam
946 3919 1226 4004 (Episcoporum)
1250 3918 1453 3982 voluntatem
1471 3917 1502 3982 se
1525 3915 1559 3982 ἀ
1579 3918 1652 3984 soor
1672 3919 1846 4004 gubernare
1860 3920 1893 3985 dt
1910 3942 2021 4007 regere

658 4027 700 4071 ve
727 4029 743 4069 e
760 4023 833 4085 arun
850 4054 857 4067 .

586 4132 618 4216 c)
635 4128 683 4193 lta
701 4127 784 4188 euim
802 4120 950 4184 Praefatur
962 4119 1139 4182 Concilium
1156 4117 1334 4183 bleldeose:
1357 4117 1493 4194 „Primo
1508 4116 1611 4198 aliqua
1624 4116 1792 4182 statuerant
1806 4139 1847 4183 ese
1863 4118 1931 4192 bis,
1947 4141 2021 4205 quas

664 4225 818 4289 „nupera
840 4204 978 4281 Principe
1003 4202 1205 4264 devotissimo
1221 4221 1282 4264 uua
1304 4223 1374 4266 cum
1390 4201 1487 4268 Sacro
1505 4199 1719 4263 Ecclesiastico
1750 4202 1861 4266 ordine
1885 4201 1921 4266 dr
1944 4209 2021 4270 illu-

666 4291 793 4365 „nrum
810 4287 958 4350 V²rnrnm
973 4285 1139 4345 nobilitare
1151 4289 1276 4345 decreta
1292 4284 1382 4358 suot,
1412 4286 1455 4346 ita
1480 4295 1517 4345 ut
1532 4281 1701 4345 constituta
1714 4281 1804 4356 sunt,
1831 4286 2020 4368 praefigere3

665 4375 742 4446 „uel
757 4390 826 4451 quac
842 4370 878 4428 ,o
892 4367 962 4447 ipsis
982 4386 1018 4428 ac
1034 4365 1164 4427 Caetetis
1184 4365 1295 4429 Christi
1311 4368 1446 4432 Vicariis
1462 4386 1505 4427 ex
1520 4366 1628 4427 divina
1641 4365 1829 4430 austoritate
1840 4371 1877 4429 ad
1895 4368 2020 4434 Statum

663 4455 719 4532 „S.
735 4451 880 4513 Ecclesiae
896 4449 1187 4526 redintegrandam,
1203 4449 1239 4508 ad
1258 4450 1407 4528 Principis
1422 4447 1455 4510 dr
1468 4449 1692 4528 reipublicae&
1708 4449 1918 4532 subsequentis
1932 4452 2022 4515 Chri·

668 4536 855 4608 „l'tianrtaris
877 4533 892 4593 s
899 4539 1005 4591 ¹frtrem
1022 4533 1091 4590 suast
1111 4529 1231 4608 prolata
1242 4532 1403 4613 Capituia,
1427 4535 1544 4594 recenti
1565 4533 1717 4596 memoria
1739 4533 1772 4595 dr
1790 4534 1909 4594 auditui
1927 4545 2022 4612 atque

666 4616 823 4697 ..aspertus
849 4615 1003 4676 salubriter
1025 4612 1147 4674 slnilto
1168 4617 1307 4697 propitio
1335 4613 1533 4699 praescribere
1556 4610 1618 4683 dec.
1674 4617 1770 4701 Apud
1790 4616 2020 4687 Hanuuru.

665 4696 762 4765 Toto.
783 4697 842 4772 lis.
855 4696 976 4764 Concit.
994 4695 1118 4764 Colum.
1132 4695 1224 4777 1486.
