5017 5592
460 493 535 574 nii
549 487 778 572 inciriri
793 488 852 572 iii
867 484 1051 602 rriiitis
1074 442 1180 568 ltEL
1200 465 1356 570 civir.
1375 484 1577 574 nutas
1599 491 1711 588 nnn
1724 494 1793 580 aa
1820 518 1895 602 ιιι

889 719 1398 900 occurs
1501 699 1633 722 ”

390 1013 396 1020 ·
463 991 532 1079 De
547 992 695 1098 Locis,
724 1015 820 1102 quae
839 1013 929 1078 non
949 982 1100 1078 afficiat
1118 979 1286 1104 dsylum
1304 991 1482 1082 rationes
1504 985 1721 1100 dubitandl
1741 1000 1840 1114 Ρῐῠὲ
1879 1113 1882 1118 ,

1058 1135 1254 1216 ponuntur·

1098 1329 1130 1421 ᾗ.
1179 1325 1210 1406 l·

417 1423 525 1598 Inter
541 1517 753 1594 nobilillimas
770 1547 843 1619 quae
865 1523 954 1595 circi
971 1525 1121 1595 Asroo
1132 1541 1227 1595 nuit
1246 1520 1323 1618 juri
1336 1520 1558 1608 ventilantur,
1589 1518 1828 1600 controverliis
1844 1515 1914 1596 fer

417 1623 474 1693 cile
494 1622 686 1716 principem
700 1624 853 1692 obtinete
870 1624 980 1693 locuni
1002 1621 1089 1691 haud
1114 1620 1323 1701 dubitamus,
1355 1624 1465 1694 minus
1486 1649 1550 1722 pro
1569 1621 1729 1716 dignitate
1751 1621 1804 1694 l'ua
1830 1622 1895 1692 lis-

363 1747 368 1756 ·
417 1716 732 1803 {lenusercultam
765 1719 825 1790 ulo
846 1720 1170 1816 tomenquntidiano
1194 1713 1543 1814 frequentatiffiniam‚
1579 1717 1907 1818 limulqueintticu'

418 1814 568 1890 tilliinam
590 1815 826 1911 questionem:
853 1826 907 1889 Ait
933 1824 982 1907 iiis
1007 1823 1115 1907 Asyli,
1142 1815 1206 1888 lire
1231 1820 1425 1889 immunitos
1447 1816 1665 1890 Ecclesiastico
1697 1819 1827 1896 localis,
1850 1821 1897 1886 la·

415 1941 476 1990 reis
492 1921 609 2002 ,bileti
631 1940 662 1985 tn
683 1923 774 1985 tetris
795 1916 846 1986 vel
870 1941 954 1985 mere
984 1915 1234 1996 Prouidentia,
1257 1913 1310 1985 vel
1331 1925 1431 1985 mixte
1449 1922 1562 2005 saltem
1587 1922 1782 2007 Religionis?
1808 1918 1896 1986 sane
1950 1919 1955 1934 “

415 2018 489 2112 quis
514 2014 655 2090 dixerit,
682 2013 745 2083 lioc
763 2037 867 2109 opus.
889 2015 944 2084 hic
960 2010 1055 2084 labor
1071 2009 1136 2096 cst,
1165 2011 1196 2086 di
1223 2009 1459 2085 inextricabilis
1474 2037 1585 2088 error.
1634 2019 1720 2111 Qie
1746 2009 1907 2108 nullium,-

413 2111 477 2210 jsm
493 2108 626 2184 oriisbit
649 2109 805 2208 spartam.

534 2251 593 2318 Ne
613 2269 723 2316 nutent
744 2268 830 2338 opus
855 2241 975 2324 illotis,
1000 2265 1038 2312 ut
1063 2243 1107 2311 ite
1131 2241 1257 2322 dicam,
1276 2238 1428 2312 manibus
1450 2243 1701 2334 aggrediamur,
1725 2242 1758 2314 di
1778 2238 1895 2315 obscu-

412 2368 589 2538 isidoti&
622 2341 799 2416 obscurum
825 2343 990 2438 explicare
1019 2341 1218 2428 videamur,
1247 2336 1444 2439 presentem
1469 2341 1596 2442 duplici
1621 2339 1697 2416 casu
1726 2338 1893 2417 iilustrare

1080 2549 1115 2653 t.
1164 2551 1216 2628 ii.

532 2687 764 2760 Territotium
795 2686 852 2779 (1)
885 2686 1040 2781 ponimus
1071 2689 1180 2758 Status
1210 2683 1438 2760 Protellaiitici
1463 2685 1641 2784 Imperio,
1669 2681 1821 2782 potestati
1847 2704 1894 2760 ue

437 2786 607 2880 leno'jure
638 2782 847 2876 subjellum,
879 2788 979 2853 variis
1002 2809 1111 2854 tamen
1137 2784 1349 2860 Monasteriis
1373 2785 1553 2857 Catholicae
1575 2779 1725 2856 Ecclellae
1748 2707 1892 2855 addiliii

413 2813 627 2962 distinclum,
653 2880 810 2953 Ecclefiis
827 2889 952 2976 pariter
966 2886 1042 2954 anni
1062 2885 1220 2956 normalis
1238 2884 1449 2980 implantetas
1473 2882 1722 2976 catholicaeque
1742 2882 1892 2972 Religio·

414 2989 466 3058 ois
486 2983 646 3055 exercitio
660 2981 837 3074 tranquille
854 2982 954 3050 nullis
978 2981 1152 3077 hucusque
1173 2982 1245 3051 aliis
1273 2979 1563 3077 perturbationum
1589 2976 1724 3049 dissidiis
1748 2975 1893 3074 desuper

414 3087 498 3156 ortis
522 3075 671 3150 fruentes
697 3076 925 3170 supponimus.
976 3082 1135 3149 lucendio
1151 3079 1219 3170 jan'i
1234 3083 1268 3148 in
1285 3082 1404 3148 ricinia
1420 3102 1541 3170 magno
1563 3077 1772 3172 Reipublicae
1788 3075 1893 3146 detri-

414 3204 532 3254 mento
554 3174 700 3245 aedificiis
716 3178 801 3245 mals
817 3198 886 3244 arte
902 3180 934 3242 in
952 3178 1080 3245 cineres
1097 3173 1360 3257 subfidentibus,
1387 3170 1592 3246 facinorosus
1610 3175 1796 3264 Religionis
1832 3195 1893 3242 uo·

416 3304 483 3375 que
507 3277 704 3345 Lutlierauae
735 3273 956 3342 incendiarius
984 3273 1100 3365 procul
1125 3267 1317 3364 aufugiendi
1349 3277 1512 3364 temporis
1543 3269 1690 3343 exclusus
1722 3197 1891 3361 ingndiis,
2007 3321 2016 3332 .

416 3399 587 3471 oportune
602 3372 709 3441 adhuc
723 3372 762 3439 ad
781 3374 967 3465 proximam
982 3368 1038 3439 fibi
1060 3371 1192 3441 obiitin
1209 3367 1385 3441 Ecclesiam
1400 3367 1549 3448 fellinat,
1575 3367 1608 3438 di
1632 3365 1733 3439 salute
1752 3370 1785 3436 in
1804 3363 1892 3460 pede
2041 3365 2045 3374 ¹

415 3468 551 3572 quesita
568 3469 660 3540 saluti
677 3474 829 3564 corporis
846 3466 1074 3551 consulturus,
1095 3475 1239 3538 Astii
1265 3463 1462 3539 beneficium
1481 3463 1638 3560 amplecli
1654 3461 1799 3545 loborat,
1815 3484 1890 3533 niu-

416 3597 456 3644 re
489 3593 626 3663 quoque
657 3565 813 3637 coaliieto
842 3563 1069 3636 misericordia
1094 3564 1241 3635 Ecclesia
1265 3567 1372 3634 Reum
1407 3563 1561 3656 excipere
1581 3587 1648 3633 non
1680 3561 1892 3652 dedignatur.

420 3671 557 3740 Notitia
581 3689 691 3734 autem
716 3665 863 3758 Principi
891 3664 1047 3757 supremo
1070 3664 1130 3732 hac
1157 3659 1257 3758 super
1276 3685 1314 3735 re
1335 3660 1368 3731 dc
1390 3659 1609 3735 delitescentis
1627 3684 1762 3754 quoque
1778 3659 1811 3726 in
1834 3653 1892 3728 ad·
1947 3699 1961 3718 i.

416 3765 509 3866 jeliu
531 3760 730 3832 monallerio
754 3764 812 3830 Rei
837 3761 969 3839 delata,
994 3758 1114 3830 Presul
1137 3759 1286 3854 ejusdem
1310 3759 1445 3828 mediati
1470 3755 1659 3828 monosterii
1683 3755 1891 3838 convenitur,

443 3887 488 3932 uo
508 3862 605 3930 citius
630 3858 841 3941 extraderet3
867 3860 919 3929 cui
943 3883 1041 3943 vero,
1066 3859 1146 3931 dum
1164 3883 1226 3953 pru
1247 3855 1349 3927 domo
1365 3853 1419 3926 sua
1439 3877 1603 3950 perorans
1623 3853 1764 3923 reddere
1780 3857 1892 3924 Cone

416 3891 558 4038 decolari
581 3981 722 4054 propter
740 3957 866 4024 crimen
884 3954 964 4023 aliis¹
978 3982 1043 4026 non
1064 3979 1238 4052 exceptum
1255 3960 1386 4032 renuit,
1409 3950 1562 4047 copiosus
1579 3953 1674 4019 miles
1691 3952 1723 4018 vi
1739 3953 1892 4043 proxime

378 4113 383 4120 .
415 4051 594 4138 'inferenda
609 4051 845 4124 monasterium
859 4076 898 4128 ex
913 4056 1006 4124 omni
1021 4054 1125 4127 latere
1142 4077 1298 4136 coronat,
1320 4073 1485 4148 reumque
1500 4053 1645 4122 eximere
1660 4046 1816 4118 mandato
1831 4049 1893 4124 Su·

415 4176 564 4262 pectoris
587 4173 773 4224 minitatur.
1874 4161 1881 4174 ·

938 4281 941 4288 ·
1080 4261 1115 4363 i.
1162 4263 1241 4338 iii.
1375 4333 1382 4354 „

535 4400 714 4474 Civitatem
728 4399 768 4472 id
791 4399 933 4473 alterum
946 4396 1056 4472 casnm
1084 4400 1222 4493 imperii
1246 4392 1404 4488 fingimus
1427 4399 1686 4470 ductisunt
1714 4395 1892 4465 vinna·

414 4516 635 4577 LICORUM
661 4498 846 4592 Religionis
860 4499 983 4576 scilicet
998 4502 1125 4586 nixiae,
1146 4520 1245 4595 itque
1264 4495 1320 4564 tibi
1345 4492 1488 4590 potessas
1508 4489 1696 4576 secularis,
1716 4492 1892 4582 Regimen·

1898 4347 1905 4388 ἱ
2013 4331 2016 4340 .

539 4593 665 4672 Timui
688 4591 735 4678 V.
1249 4589 1359 4669 Rkli
1825 4599 1892 4679 que
2026 4653 2031 4658 .
2076 4609 2081 4620 ·
