5017 5592
501 644 575 736 462
751 630 1088 752 Drssttt‘rnrru
1105 629 1419 706 HlSTORlCO·
1441 628 1712 711 anostcA

503 818 583 913 prio
599 811 699 885 Clero
716 809 770 881 sbi
788 811 821 882 dt
842 806 905 882 suat
924 807 1073 884 Ecclesia
1088 805 1233 904 designet
1252 825 1271 879 ι·
1288 812 1454 882 rationein
1470 809 1570 906 hujus
1591 807 1655 887 sue
1675 811 1924 888 constitutionis
1937 812 1984 892 sea

504 912 685 1011 quentibus
706 910 870 1005 produntc

489 1055 494 1066 ⁴
544 1063 757 1143 „lodecorum
775 1060 818 1124 eii
834 1062 941 1132 euim,
971 1060 1099 1125 Lalcum
1124 1060 1286 1129 Vicatium
1314 1059 1363 1129 sin
1383 1059 1518 1142 gerenda
1544 1065 1723 1136 aeronomr‘a)
1747 1062 1807 1126 else
1828 1061 1983 1146 Episcopi,

621 1145 677 1221 „ts
697 1143 871 1209 Saeculares
885 1145 916 1205 iu
938 1143 1074 1207 Ecclesia
1094 1143 1250 1227 judicare:
1274 1144 1305 1206 in
1320 1161 1387 1203 uno
1409 1143 1492 1204 enim
1512 1145 1689 1227 eodemque
1709 1147 1823 1208 officio
1841 1169 1906 1209 non
1928 1151 1980 1214 de·

620 1232 697 1304 „bet
710 1225 809 1307 dispar
822 1225 883 1288 esse
899 1225 1065 1306 proscisso,
1083 1228 1169 1309 quod
1185 1228 1280 1289 etiarn
1292 1227 1321 1288 iu
1334 1225 1404 1304 lege
1415 1225 1524 1287 divina
1534 1227 1739 1376 &hiberum
1752 1230 1881 1293 dicente
1891 1231 1978 1314 bloy-

622 1311 694 1385 „sec
712 1328 777 1370 non
793 1311 894 1398 arabis
913 1311 943 1372 in
962 1311 1048 1373 bove
1066 1309 1097 1370 dr
1121 1307 1207 1372 atino
1223 1308 1318 1375 Deus.
1337 1326 1388 1372 22.
1407 1306 1513 1389 idest,
1572 1315 1667 1373 mirus
1689 1312 1817 1396 diverja
1832 1312 1977 1400 profestis·

624 1395 697 1467 „rtis
709 1394 743 1454 in
761 1394 854 1476 officio
868 1411 928 1454 una
943 1389 1155 1476 consociabit.
1689 1417 1692 1422 ·

500 1510 643 1584 'Deinde
659 1515 771 1583 Patres
789 1512 1048 1582 comminatione
1070 1508 1291 1583 concludunt:

552 1642 610 1727 „Si
629 1644 699 1724 quis
717 1654 822 1707 autent
846 1640 1020 1724 Episcopus
1040 1642 1169 1724 posthac
1192 1636 1437 1728 Ecclesiastictm
1456 1659 1521 1704 tem
1543 1659 1600 1722 pet
1623 1629 1972 1729 lsicalem'procurrtio·

505 1719 515 1740 ²
625 1744 721 1801 „nem
741 1725 1009 1789 administrandam
1029 1726 1162 1807 elegerit
1180 1771 1189 1789 .
1205 1771 1241 1791 ..
1266 1721 1413 1787 Concilio
1432 1726 1571 1788 mauebit
1590 1727 1767 1793 obnoxius.

687 1845 823 1932 Jfidorus
836 1864 876 1907 ex
893 1842 1000 1908 comit.
1024 1840 1144 1926 Hispal.
1167 1860 1231 1926 cap.
1243 1861 1275 1925 9.

636 1961 657 2015 Ϊ
689 1966 789 2050 Apud
808 1963 996 2028 Gratianum
1019 1958 1108 2042 causa
1122 1958 1170 2025 16.
1188 1980 1217 2044 q.
1231 1981 1261 2043 7.
1282 1977 1347 2024 tau.
1361 1977 1411 2025 22.

631 2099 674 2169 X.
702 2093 903 2190 Funsiiones
921 2087 1145 2186 Ecclesiasticae
1161 2095 1348 2166 Oeconomi
1367 2118 1405 2167 er
1426 2090 1546 2165 tabulis
1564 2096 1633 2166 CC.
1659 2094 1908 2168 Toletanorum
1930 2099 1977 2167 tv.

517 2194 692 2271 vlulx.
716 2199 836 2267 Beatus
847 2189 989 2263 isidorus
1003 2189 1207 2288 Hispalensis
1227 2187 1409 2286 Episcopus
1425 2188 1636 2287 sequentibus
1646 2194 1684 2263 ad
1697 2219 1757 2264 nos
1774 2194 1961 2266 transmisit:
2024 2223 2027 2268 ι

558 2367 631 2439 „Ad
653 2377 857 2424 oeconomum
875 2357 1011 2441 pertinet
1025 2356 1177 2438 separatio
1191 2358 1384 2445 (districtiss)
1400 2360 1597 2424 Basilicarum
1609 2361 1648 2424 dt·
1662 2357 1878 2424 coulltuttiot
1895 2361 1980 2426 astio-

635 2463 716 2517 „nes
735 2441 883 2505 Ecclesiae
901 2441 954 2502 vel
968 2441 998 2502 in
1012 2439 1217 2523 perserendo,
1237 2441 1292 2506 vel
1307 2445 1337 2506 in
1362 2442 1600 2526 respondendo:
1623 2444 1730 2504 tributi
1753 2462 1884 2524 quoque
1906 2463 1983 2506 scre·

636 2527 744 2607 „ptio,
762 2524 796 2588 dr
810 2526 950 2600 rationes
965 2541 1094 2596 eornm,
1112 2542 1183 2604 quae
1201 2523 1400 2587 inseruntur:
1425 2545 1497 2587 cura
1525 2544 1674 2606 agrorum
1688 2523 1719 2585 dr
1745 2526 1869 2587 cultura
1888 2531 1984 2590 cinet-

637 2629 753 2685 „rum,
776 2606 876 2670 causae
896 2601 1114 2684 possessionum
1129 2603 1163 2668 dr
1182 2607 1389 2684 servitutum:
1414 2607 1574 2687 Stipendia
1593 2609 1807 2678 clericorum,
1833 2613 1985 2672 viduatum

544 2685 547 2690 ’
637 2690 694 2766 „dr
717 2692 908 2754 devotarum
931 2706 1126 2769 pauperum:
1146 2687 1332 2768 dispensatio
1356 2688 1586 2751 vestimenti&
1617 2691 1721 2752 titius
1752 2690 1987 2754 domesticorum

638 2775 699 2846 „ti
715 2794 742 2837 e.
763 2783 827 2836 tam
848 2772 991 2846 temporit
1004 2770 1037 2832 in
1054 2769 1156 2833 cadem
1180 2773 1268 2833 doma
1289 2769 1328 2835 s&
1339 2770 1400 2854 sub
1419 2792 1479 2833 utto
1495 2772 1567 2836 testu
1592 2776 1625 2832 in
1645 2777 1795 2834 communi
1813 2777 1988 2851 ntuentium)

639 2855 878 2929 „Clericorum,
899 2851 1113 2916 servitialium
1134 2871 1264 2932 quoqne
1277 2851 1311 2915 &
1330 2853 1496 2917 artificum.
1551 2855 1632 2928 Qnae
1650 2855 1755 2914 omnia
1775 2874 1848 2916 curn
1867 2851 1989 2938 jull'udt

639 2938 792 3012 „arbitrio
812 2935 856 2997 sui
874 2933 1018 3015 Episcopi
1034 2935 1071 2994 ab
1090 2952 1131 2995 eo
1144 2935 1323 3016 implentur.
1374 2934 1450 2998 Vide
1468 2942 1500 3033 3.
1520 2956 1546 3000 r.
1566 2936 1659 3019 trojus
1671 2954 1735 3020 cup.

642 3072 700 3137 Xl.
727 3065 858 3162 Quibus
884 3063 1066 3160 superadde
1093 3061 1300 3144 feudorum,
1327 3066 1610 3163 emphyteuseon,
1633 3063 1788 3138 censuum
1813 3091 1851 3138 ac
1876 3065 1992 3138 manti·

528 3165 664 3261 piorum
686 3189 821 3243 curam,
846 3187 946 3257 quam
973 3187 1163 3234 oeconomus
1190 3163 1341 3237 babebat.
1401 3171 1506 3236 Porro
1530 3163 1805 3237 connatlibus&
1835 3165 1994 3236 alienatio·

528 3261 626 3333 nibus
648 3261 716 3358 ipse
731 3285 866 3358 quoque
888 3260 1123 3331 authoritatem
1144 3260 1298 3353 prestare
1312 3262 1468 3343 debebat,
1495 3265 1573 3333 alias
1592 3263 1713 3333 robore
1729 3267 1898 3331 carituris.
1939 3268 1995 3334 Dc·

529 3364 633 3457 nique
649 3357 748 3456 ipsius
765 3382 853 3440 ctat,
876 3355 1111 3454 oblationes&
1135 3362 1329 3432 donationes
1347 3360 1497 3431 Ecclesia
1512 3364 1574 3432 luis
1587 3357 1692 3442 ,fatias
1711 3360 1844 3429 illarum
1868 3369 1994 3431 nomint

530 3473 703 3555 decepture
720 3481 729 3540 3
755 3478 964 3552 quapropter
983 3456 1014 3527 u
1031 3456 1091 3553 ipsr
1112 3464 1274 3528 oeconomi
1292 3484 1357 3526 non
1374 3464 1483 3529 minus
1500 3484 1535 3528 ac
1560 3455 1706 3529 sorenses
1729 3458 1921 3540 Advocati,
1946 3456 1995 3552 qui

533 3558 702 3628 Abbatum
720 3556 752 3626 dr
773 3552 1016 3649 Episcoporum
1032 3558 1166 3625 nomine
1182 3554 1451 3650 jurisditionem
1467 3555 1703 3626 contentiosam
1722 3552 1998 3637 administrabant,

530 3656 631 3727 titulo
656 3659 912 3729 Vicedamiuttum
932 3653 1142 3723 condecorari
1160 3657 1191 3723 in
1207 3656 1351 3749 antiquis
1375 3658 1598 3724 monumentis
1613 3674 1839 3748 repertantur.

651 3788 726 3856 ΧΠ.
756 3787 864 3874 Reges
885 3810 920 3854 ac
938 3789 1115 3878 Magnetes
1134 3786 1352 3859 nihilominus
1377 3788 1544 3859 interdum
1567 3785 1768 3882 Ecclestis&
1790 3773 1998 3860 Ascetcriist

535 3879 568 3954 se
591 3881 773 3953 liberaliter
792 3877 936 3951 fundatis
955 3884 1106 3955 homines
1123 3884 1253 3956 laicales
1276 3885 1410 3956 illorum
1429 3911 1651 3980 proventuum
1672 3908 1886 3984 receptores,
1907 3885 1999 3959 adni-

430 4071 433 4080 Ι
536 3978 775 4052 nillratores&
797 4004 986 4050 oeconomos
1003 3981 1081 4053 dare
1104 3984 1298 4055 voluerunt:
1319 3983 1410 4080 quod
1434 3983 1587 4082 pluribus
1606 3982 1739 4057 exhibet

712 4112 880 4186 „Nicotaus
905 4112 1060 4178 fumarat.
1074 4112 1132 4196 soi.
1150 4133 1217 4180 120.
1334 4155 1336 4160 ·

537 4228 692 4325 Episcopi
711 4254 820 4304 tamen
838 4233 869 4306 dr
887 4231 1030 4304 Abbates
1050 4232 1167 4308 exclust
1190 4235 1278 4306 haud
1300 4259 1467 4331 quaquam
1485 4232 1621 4306 suerunt
1642 4260 1658 4306 a
1681 4233 1849 4306 bonorum
1873 4233 2003 4307 iliorum

539 4329 839 4409 administratione,
865 4356 939 4399 narn
960 4339 1122 4401 oeconomi
1145 4331 1235 4404 disin
1260 4335 1360 4403 modo
1381 4332 1547 4404 constituti
1570 4327 1640 4403 illts'
1661 4327 1799 4412 subesse,
1829 4337 2005 4430 imperium

540 4426 743 4497 &mundata
762 4426 801 4495 ab
822 4429 888 4498 ilits
912 4433 1079 4526 accipere,
1102 4454 1138 4500 ac
1162 4436 1308 4501 rationes
1322 4432 1478 4502 exhibere
1501 4431 1714 4510 tenebantur,
1735 4429 1849 4500 saltem
1865 4434 1899 4502 in
1915 4433 2007 4503 Occi·

540 4526 639 4596 dente
654 4523 696 4594 ob
712 4521 799 4592 ditia
816 4524 965 4611 superius
983 4528 1012 4623 p
1030 4553 1064 4616 9.
1117 4528 1292 4624 Postquam
1314 4555 1394 4599 vero
1413 4533 1478 4599 vita
1499 4533 1685 4600 communis
1706 4529 1920 4601 Clericorum
1944 4526 2010 4599 sub·

539 4621 625 4711 lata,
645 4619 911 4698 &Ecclcstarutn
925 4628 1101 4702 canonicis
1117 4627 1258 4727 aliusque
1268 4627 1400 4708 ¹clericis
1416 4625 1472 4701 sua
1481 4625 1613 4724 sagulis
1629 4629 1761 4725 portio,
1780 4621 1870 4699 fasta
1883 4623 2011 4700 diviso·

1974 4743 2014 4798 tie
