5017 5592
538 653 851 770 iis-unrocus
871 627 1494 788 rnoonns'su,erunnus
1520 637 1852 767 contoulscc.
1895 715 1936 791 23
2052 631 2058 650 ¹

571 873 621 928 tut
640 861 784 926 Catholici
797 869 994 942 opponuntur
1012 859 1074 921 illis
1087 859 1124 921 de
1146 855 1324 944 Consefflone
1337 855 1544 941 Augustam,
1566 861 1609 923 its
1624 871 1659 922 ut
1672 857 1865 943 fingulurum
1884 861 1942 923 hs·

571 947 634 1008 bita
646 947 727 1007 rstio
740 944 865 1024 divilim
876 989 885 1014 ,
896 944 1053 1023 -quam'vis
1072 942 1246 1005 lubeodem
1257 944 1386 1005 nomine
1397 953 1525 1024 propter
1540 946 1838 1007 condemnationem
1850 966 1942 1006 com·

570 1028 822 1112 prehendautur;
843 1024 1108 1108 &grammaticis
1132 1038 1246 1086 uotum
1264 1023 1329 1097 eti,
1351 1024 1408 1087 has
1428 1044 1529 1088 voces
1540 1027 1641 1106 slatus
1665 1025 1826 1099 Catholici,
1841 1027 1942 1109 fluitis

571 1111 616 1174 A.
637 1111 668 1174 C.
685 1109 799 1194 attint
817 1127 881 1170 uon
895 1107 956 1170 elie
971 1110 1099 1170 uomina
1117 1107 1309 1179 collcttiva,
1333 1104 1383 1169 secl
1395 1109 1503 1188 potius
1521 1107 1735 1181 distributiva,
1755 1108 1861 1171 saltem
1876 1121 1941 1171 tam

570 1194 642 1267 diu,
662 1192 766 1256 donec
782 1192 908 1254 aliunde
922 1192 1015 1272 'argui
1032 1189 1142 1272 potiit,
1158 1187 1390 1254 ¹'collectionem
1409 1190 1562 1270 intelligi,
1585 1210 1649 1251 nou
1661 1189 1819 1271 liugulos:
1842 1210 1941 1272 porro

570 1288 643 1338 aute
662 1274 814 1339 trauains
836 1274 1004 1336 Amnestiae
1022 1273 1179 1354 generalis
1205 1270 1278 1336 satia
1301 1272 1496 1334 manifestum
1513 1272 1590 1343 fuit,
1612 1292 1867 1353 unumquemque
1882 1272 1945 1336 sta-

570 1368 637 1420 tum
652 1377 710 1439 pro
725 1357 772 1425 se,
796 1356 919 1438 suisque
935 1353 1105 1427 laborasse,
1128 1355 1231 1424 suam,
1254 1354 1445 1436 suorumque
1458 1353 1661 1418 conscientiae
1674 1355 1851 1418 libertatem
1865 1373 1944 1436 pro·¹

573 1443 671 1523 prium
684 1437 858 1509 sffettal'sffi
881 1439 954 1519 quiu
970 1439 1007 1500 ad
1022 1448 1157 1499 caeteros
1171 1438 1332 1501 onustatus
1346 1437 1491 1519 ejusdem
1506 1436 1717 1501 confessionis
1731 1438 1827 1502 alium
1840 1437 1891 1497 res
1908 1458 1945 1499 e·

574 1521 660 1586 stum
671 1521 817 1591 haberet,
836 1540 931 1601 quam
950 1534 985 1581 ut
999 1522 1033 1582 vi
1048 1518 1184 1582 fortiore
1196 1517 1230 1581 δι
1244 1521 1330 1583 uuita
1347 1517 1409 1582 iuae
1430 1519 1588 1583 securitati
1601 1519 1790 1583 consuleret.
1812 1458 1942 1584 Couiir.

573 1605 606 1670 V
617 1625 638 1667 o
651 1626 706 1667 cru
719 1626 742 1667 s
753 1624 805 1667 nu
816 1625 842 1665 iu
856 1602 893 1665 os
906 1602 1020 1665 Rieden
1030 1612 1143 1684 protoc.
1159 1601 1251 1666 citor.
1268 1603 1376 1684 public.
1395 1602 1534 1686 instrum.
1539 1621 1612 1685 poc.
1634 1602 1753 1686 punito
1771 1604 1945 1665 ducatuum

574 1686 789 1758 pomerania,
815 1686 1068 1768 Magdeburgici,
1089 1683 1263 1748 Bremenfis
1281 1683 1365 1758 &c.;
1385 1705 1444 1748 uec
1457 1687 1561 1749 miuus
1574 1683 1638 1748 huc
1652 1685 1878 1748 facitadmiffio
1891 1702 1945 1747 re·

573 1769 803 1841 formatorum,
827 1770 875 1833 uti
892 1781 1030 1838 vocant,
1053 1767 1089 1828 ad
1107 1787 1215 1849 pacem
1230 1768 1407 1850 publicam,
1429 1786 1501 1848 quae
1513 1768 1551 1830 ad
1568 1767 1800 1847 defectionem,
1822 1778 1946 1830 tutum·

574 1870 637 1935 que
649 1851 823 1936 praelidium
836 1851 980 1913 omnium
998 1847 1031 1911 δι
1049 1847 1244 1932 fingulorum
1257 1852 1387 1933 egregie
1400 1852 1567 1914 videbatur
1578 1851 1770 1916 conducere.

508 1966 555 2009 ”
574 1966 1178 2133 lthtltlllll‘ltlitl‘lnt
1192 1965 1946 2136 tiltthllllttlth‘ihiltilithi:

575 2135 626 2216 gia
646 2135 771 2214 imperii
788 2134 921 2214 publicue
936 2134 1116 2204 munimen,
1140 2130 1174 2193 &
1189 2151 1391 2194 commune-n
1407 2132 1476 2194 aliis
1489 2131 1722 2215 protectionem
1738 2154 1796 2216 pro
1811 2135 1873 2196 illis
1886 2155 1947 2196 ex·
2064 2203 2066 2208 ,

575 2228 737 2298 peterent.
761 2217 852 2278 itaut
871 2219 901 2277 in
921 2212 991 2274 casu
1008 2214 1144 2275 laeironis
1157 2212 1351 2276 subditorum
1364 2213 1413 2274 his
1431 2215 1530 2276 velud
1551 2217 1710 2278 Dominus
1724 2218 1942 2290 territorium,

577 2299 630 2359 vel
644 2317 702 2380 pro
716 2317 748 2359 re
761 2313 833 2358 usta
847 2300 884 2360 ad
899 2297 1074 2379 supremum
1087 2295 1305 2358 Executorem
1323 2298 1408 2379 pacis
1427 2294 1534 2359 salvus
1547 2313 1687 2362 maneret
1698 2297 1840 2362 recursus
1860 2298 1947 2361 Cou-

473 2391 476 2396 '
578 2379 633 2443 ier.
648 2380 727 2460 Cap.
751 2400 777 2440 1.
793 2397 820 2457 ς.
834 2401 864 2461 5.
883 2400 956 2442 cum
973 2390 1040 2443 not.
1918 2409 1922 2414 ·

513 2481 569 2515 ”'
588 2480 772 2542 Amicsbilis
791 2480 934 2559 quidem.
970 2477 1020 2539 led
1046 2475 1218 2539 innumeris
1243 2471 1495 2555 objestiunibum
1518 2475 1692 2545 retardata.
1718 2469 1844 2541 tandem
1865 2496 1947 2542 vero

581 2562 688 2625 labore
706 2563 851 2640 improbo
864 2559 965 2622 eretta
980 2562 1062 2622 inter
1077 2557 1244 2637 utriusque
1259 2555 1436 2635 Religionis
1455 2557 1552 2620 status
1564 2559 1755 2640 compositio
1775 2581 1814 2624 ue
1832 2563 1948 2624 verbu·
1994 2607 1999 2626 .

580 2645 643 2706 lum
669 2642 799 2704 inlinunt
821 2645 860 2703 de
878 2662 1012 2724 corpore
1031 2641 1168 2721 quodam
1195 2638 1245 2699 seu
1269 2638 1514 2712 Prutcstuntico,
1535 2639 1587 2702 seu
1610 2640 1869 2716 Catholicorum‚
1890 2664 1948 2707 nec

579 2742 711 2789 eatenus
735 2724 918 2804 l'nllrugctur
938 2734 995 2785 stt.
1012 2743 1079 2810 pac.
1101 2741 1130 2802 5.
1153 2725 1179 2795 ἕ.
1199 2738 1249 2800 52.
1272 2723 1303 2782 in
1321 2721 1443 2783 uerbis:
1478 2724 1620 2803 incaufis
1638 2722 1825 2804 Religionis,
1850 2731 1947 2787 omiti·

522 2818 525 2828 '
580 2808 773 2887 hiisqueuliis
793 2810 939 2883 argutiis.
960 2807 1012 2867 ubi
1027 2804 1124 2866 status
1144 2813 1292 2881 tanquam
1315 2822 1411 2863 unum
1436 2822 1552 2883 corpus
1569 2802 1754 2867 considerari
1774 2818 1947 2886 nequeunt,

581 2900 615 2952 ut
628 2894 720 2950 etium
738 2885 899 2949 theloneis
917 2885 956 2950 l&
978 2887 1169 2967 Augustius
1195 2883 1383 2967 (hufeffionis
1393 2884 1527 2968 flatibus
1543 2888 1574 2947 iu
1590 2888 1667 2947 duas
1684 2899 1785 2966 partes
1798 2892 1947 2952 euntibus

577 2969 641 3054 suia
656 2973 822 3031 amicabilis
837 2969 1006 3053 compofitio
1023 2973 1092 3030 lites
1108 2970 1236 3027 dirimat
1250 2989 1308 3028 riou
1322 2976 1439 3028 attenta
1457 2976 1596 3027 votorum
1610 2971 1787 3049 pluralitate
1803 2969 1841 3033 θ’
1842 2992 1864 3033 c.
1890 2973 1949 3034 Et-

581 3056 663 3116 enim
683 3054 774 3112 nullo
792 3054 863 3113 inde
876 3053 1045 3113 ratiocinio
1060 3048 1165 3111 inferri
1180 3051 1321 3128 poterit,
1343 3051 1373 3109 in
1390 3049 1460 3131 ipsis
1474 3049 1668 3112 instrumenti
1687 3053 1802 3115 tabulis
1824 3053 1949 3134 Corpo-

581 3135 624 3199 ris
644 3133 807 3214 cujusdam
824 3154 883 3214 quo
901 3135 972 3195 talis
992 3135 1146 3194 rationem
1165 3128 1256 3191 iuiffe
1282 3130 1444 3203 habitum,
1485 3132 1527 3194 sst
1545 3134 1696 3212 legitimae
1716 3138 1815 3215 magis
1838 3136 1949 3197 conse·
1973 3191 1984 3198 ..

581 3213 1572 3385 titii?{tilithi‘titull'ztttglitlh‘
1585 3216 1949 3380 littt⁰tttt.l‚·tti

582 3394 619 3445 ut
631 3382 790 3445 Catholici
803 3398 913 3451 unum,
938 3382 975 3443 A.
996 3380 1031 3443 C.
1047 3377 1161 3440 additti
1180 3378 1308 3440 alterum
1323 3391 1481 3460 occupent
1497 3390 1637 3460 purtem,
1659 3381 1734 3462 quin
1747 3393 1850 3444 tamen
1864 3392 1951 3445 utra-

584 3483 645 3546 que
667 3482 738 3547 psrs
757 3467 789 3526 in
808 3464 873 3525 duo
898 3462 928 3525 se
946 3481 1080 3544 corpora
1105 3460 1228 3521 dividat
1255 3458 1399 3521 exsensu
1422 3464 1507 3543 pacis
1523 3458 1764 3544 Westphalicae,
1788 3466 1879 3544 cujus
1904 3464 1949 3527 fin

552 3528 563 3551 ’
584 3548 688 3610 miuus
703 3547 795 3626 plane
812 3544 1044 3616 authenticam,
1073 3540 1244 3625 praescissm
1272 3541 1370 3603 saltim
1386 3544 1677 3626 interpretationem
1690 3545 1721 3606 su
1746 3566 1779 3606 er
1793 3546 1856 3608 hoc
1870 3565 1950 3628 puu-
2108 3613 2119 3630 x

585 3627 639 3692 sto
650 3630 737 3691 dedit
751 3627 885 3690 Carolus
900 3627 957 3692 Vl.
972 3627 1115 3709 imperat.
1131 3626 1162 3686 iu
1179 3623 1331 3704 rescripto
1349 3624 1386 3684 ad
1401 3623 1649 3687 commilitonem
1664 3567 1832 3688 Caeiiream
1846 3627 1884 3690 de
1899 3648 1948 3710 14.
2027 3649 2030 3654 ·

583 3710 671 3776 Febr.
689 3729 779 3793 1721.
794 3716 856 3776 tuot
871 3710 938 3777 tbtr
954 3714 982 3776 iu
998 3715 1058 3777 htttt
1073 3714 1101 3785 ξ.
1117 3708 1149 3768 in
1161 3706 1262 3769 caulis
1281 3707 1446 3787 religionis
1471 3719 1528 3769 art.
1556 3706 1597 3773 V.
1624 3711 1717 3789 pacis
1728 3707 1951 3791 Westpholicae

584 3796 617 3859 iu
633 3795 760 3857 verbis:
782 3790 835 3854 uhi
850 3794 893 3854 A.
913 3790 943 3855 C.
961 3812 1027 3855 cum
1046 3790 1203 3854 Catholicis
1216 3799 1362 3871 tanquam
1375 3809 1585 3872 unumcorpus
1597 3792 1779 3874 coostdtrori
1791 3801 1952 3875 nequeunt,

586 3879 747 3951 eutichio,
771 3875 872 3949 [oluit
889 3875 1076 3949 roitctholilcn
1094 3875 1146 3937 ruit
1169 3872 1366 3949 nomnohlcu,
1391 3873 1444 3953 nui
1461 3877 1514 3939 colo
1533 3878 1563 3939 ct
1584 3876 1659 3951 nott
1675 3873 1787 3953 utilem
1814 3880 1872 3941 uuo
1887 3881 1952 3942 ouri

585 3965 672 4025 niter
685 3958 775 4030 nimtt
789 3962 817 4023 tn
831 3962 882 4022 ocu
899 3972 957 4035 roco
973 3973 1003 4033 cu
1027 3955 1104 4032 lcum
1119 3957 1292 4027 oernciucu,
1315 3953 1436 4029 oloulcn
1455 3956 1521 4022 oter
1535 3954 1631 4030 nint,
1655 3957 1706 4029 oui
1725 3963 1815 4030 tortu
1830 3962 1885 4024 out
1905 3961 1953 4023 oei

585 4058 639 4108 nco
655 4042 799 4110 uentrem
822 4038 886 4104 no
903 4046 956 4104 out
978 4043 1038 4102 oen
1055 4036 1194 4104 'Itcrllnu
1211 4039 1261 4099 ort
1281 4036 1460 4113 oorbrluotru
1482 4038 1507 4116 t.
1529 4038 1555 4111 to
1570 4036 1624 4101 ciel
1640 4039 1792 4112 ortuum,
1815 4043 1868 4106 uic
1887 4038 1953 4117 ocii
2031 4041 2038 4052 '

505 4179 508 4184 .
585 4136 681 4201 Μαίη
701 4128 729 4187 iu
744 4128 829 4186 ttulit
846 4114 961 4198 &illini
983 4120 1035 4179 ubi
1055 4120 1093 4181 Α.
1113 4118 1147 4178 C.
1164 4116 1278 4179 addicti
1305 4137 1374 4178 cum
1396 4118 1570 4180 Catholicis
1596 4129 1741 4198 tanquam
1758 4140 1854 4183 unurn
1877 4139 1953 4184 cot·

587 4225 645 4287 pus
672 4204 746 4278 nimi
766 4199 945 4268 considerirt
970 4207 1077 4265 ntroin
1098 4195 1218 4264 liuntur
1242 4205 1302 4263 ciue
1326 4198 1518 4277 3crtrcununu
1536 4206 1565 4264 tn
1581 4200 1782 4277 uctlhictcneu
1799 4203 1953 4286 Corpora,

587 4289 703 4364 [cotun
723 4287 805 4350 ollito
822 4289 873 4347 out
887 4285 976 4358 ionice
991 4282 1114 4357 oriolum
1135 4285 1195 4345 tout
1214 4283 1369 4356 intua-clu
1392 4279 1441 4357 ico
1459 4288 1529 4347 ulcu
1552 4277 1746 4363 Corporibus
1762 4302 1815 4353 oon
1836 4289 1955 4361 occulito

588 4368 790 4444 occurrito
814 4365 883 4427 casu
898 4361 1111 4432 diffolutiouis
1135 4362 1188 4423 vel
1204 4363 1330 4433 totalis,
1352 4363 1405 4423 vel
1428 4365 1628 4446 temporariae
1650 4382 1681 4442 pu
1699 4368 1842 4442 holtheim
1856 4368 1953 4448 pflipt,

589 4450 740 4524 uchmiilh:
762 4448 816 4524 tui
831 4451 874 4515 ote
885 4450 984 4524 tutilo
1001 4451 1031 4507 iu
1046 4445 1193 4508 universo
1208 4462 1344 4524 corpore
1358 4444 1494 4518 concione
1520 4447 1570 4507 vis
1587 4447 1862 4529 repraesentativa,
1886 4455 1954 4515 ottt

588 4531 753 4612 majoritas
769 4541 942 4600 votorum,
966 4530 1128 4607 ncuiptitut
1146 4529 1172 4600 lo
1188 4528 1242 4592 niel
1263 4535 1314 4591 ocu
1331 4523 1481 4590 cunnum
1497 4527 1678 4609 quaestionis
1694 4530 1822 4609 hcttliiti
1841 4521 1954 4607 uttiihit

588 4630 638 4687 tei
662 4618 718 4679 uno
731 4629 795 4677 nor
811 4616 863 4678 nic
876 4616 937 4679 ocu
951 4627 1005 4682 ocu
1021 4618 1073 4682 tin
1090 4609 1270 4693 circuituro
1285 4606 1428 4692 Corpore
1443 4609 1621 4694 utuctcuttu
1641 4609 1743 4693 thol,
1769 4630 1831 4696 qus
1846 4611 1955 4692 fingu-

470 4713 472 4717 ·
589 4696 675 4777 lucu
693 4695 834 4768 mittito
845 4692 929 4777 tuti.
956 4709 959 4713 ·
1824 4779 1847 4870 §
1884 4774 1942 4849 Vl
