5017 5592
413 679 487 764 DE
505 683 649 762 VERO
661 681 735 758 ἘΤ
755 681 864 758 GEN
869 683 997 760 utto
1018 681 1203 759 LlBERT
1231 681 1369 762 ECCL.
1392 681 1549 759 GERM.
1569 679 1807 761 FUNDAM.
1824 699 1895 787 587

417 864 613 939 seinvicem
634 863 796 936 habitudo
817 859 1011 955 regebatur,
1032 865 1149 956 vigore
1169 863 1208 935 ad
1231 864 1301 936 hec
1322 886 1428 961 usque
1450 888 1600 960 tempora
1624 863 1712 935 haud
1735 861 1774 937 lit
1794 864 1897 937 ambi·

417 967 577 1059 gendum.
637 974 750 1058 Atque
774 965 840 1034 huc
864 963 1032 1056 pertinent
1059 959 1327 1059 frequenullimte
1353 988 1392 1033 eo
1416 989 1486 1034 aevo
1511 967 1756 1058 lmperatnrum
1778 965 1895 1047 litere,

413 1086 480 1159 per
494 1087 576 1157 quas
594 1059 805 1131 Monasteriis
828 1062 879 1129 vel
897 1058 951 1129 sua
971 1059 1023 1128 trel
1051 1061 1194 1131 aliorum
1215 1066 1349 1156 piorum
1373 1057 1590 1131 fundatorum
1613 1066 1667 1156 pia
1692 1060 1894 1135 liberalitate

412 1181 531 1231 recens
554 1158 691 1240 etetlis,
715 1181 771 1229 aut
795 1155 907 1228 saltem
931 1158 970 1226 ad
992 1154 1200 1247 Maiestatem
1224 1159 1406 1231 Caesaream
1436 1154 1706 1252 confugientibus
1737 1159 1894 1232 adversus

412 1279 635 1354 quoscunque
654 1253 801 1328 delenlio
823 1253 1015 1326 immediata
1032 1252 1209 1328 assecurare
1225 1254 1302 1332 suit.
1316 1259 1346 1349 i)

1060 1487 1091 1570 ς.
1141 1478 1251 1557 ΧΙΧ.

533 1618 726 1706 interrupta
749 1603 912 1706 tantisper
934 1610 1040 1682 videti
1085 1611 1168 1684 otell
1192 1613 1348 1685 continua
1374 1610 1444 1681 bec
1463 1632 1625 1681 novatum
1648 1605 1894 1686 concessionum

411 1736 453 1786 ee
479 1709 771 1783 confirmationum
800 1709 1029 1805 imperialium
1051 1637 1162 1783 siries.
1213 1716 1307 1780 Nam
1332 1707 1562 1781 conciliorum
1585 1705 1722 1802 polllrac
1737 1733 1844 1805 ,que
1858 1707 1897 1780 li-

413 1811 488 1883 mul
506 1813 610 1901 Regni
627 1833 682 1878 aut
703 1809 841 1899 lmperii
865 1803 965 1878 essent
990 1812 1153 1890 Comitia,
1176 1807 1350 1881 cessatione
1366 1831 1402 1878 ac
1425 1805 1554 1877 turbata
1576 1829 1636 1898 per
1659 1801 1824 1877 diffidium
1842 1813 1896 1877 ln·

405 1905 582 1982 'vestitura
608 1902 856 1976 funestissimum
883 1905 1064 1976 Sacerdotii
1090 1906 1121 1977 dt
1150 1910 1288 2002 Imperii
1308 1901 1489 1976 concordia
1510 1903 1644 1973 videtur
1669 1930 1735 1973 nou
1755 1901 1896 1999 potuisse

414 2032 484 2086 non
507 2004 687 2103 periclitati
705 2003 886 2073 admodum
900 2023 937 2072 ac
952 2001 1113 2073 flulluare
1130 2006 1347 2075 Ecclesratum
1362 2003 1497 2074 libertas
1516 2000 1635 2070 isdem
1659 2001 1806 2072 coticull'a
1827 2028 1883 2073 mo

414 2105 521 2178 tibus.
571 2098 789 2188 Decrescente
805 2105 894 2171 euim
912 2103 1158 2194 Imperatorum
1175 2104 1393 2186 authoritate,
1417 2099 1472 2168 illa
1490 2121 1570 2168 vero
1591 2103 1770 2169 Procerum
1788 2100 1894 2171 indies

416 2198 602 2280 crescente,
626 2200 659 2269 lti
684 2199 809 2287 maiora
832 2195 945 2267 sensim
965 2199 1038 2291 jura
1063 2196 1118 2267 sibi
1147 2197 1369 2291 sumpserunt.
1416 2201 1489 2266 lnto
1511 2197 1560 2264 his
1584 2194 1713 2266 insolita
1737 2220 1836 2267 cuam
1861 2199 1896 2271 dt

415 2302 535 2394 iniqua
558 2297 758 2367 tentantibus
783 2320 960 2365 connivere
974 2293 1117 2366 Caeliares
1140 2296 1195 2365 sibi
1212 2292 1335 2368 necesse
1359 2296 1540 2369 duxerunt,
1564 2319 1604 2363 ne
1626 2296 1810 2366 eorundem
1827 2299 1898 2366 ani·

374 2451 377 2456 -
416 2421 518 2478 mos,
536 2397 696 2466 titubante
715 2392 845 2486 semper
861 2393 962 2473 lolio,
982 2392 1046 2464 ase
1060 2392 1196 2490 prorsus
1219 2395 1418 2475 alienarent,
1442 2389 1498 2463 sed
1522 2387 1580 2461 srbi
1602 2396 1717 2488 potius
1740 2390 1896 2465 adversus

411 2503 557 2570 bonatus
574 2490 763 2562 Pontificius
780 2491 998 2562 devincirent.

534 2622 599 2722 lpsr
615 2625 750 2720 quoque
766 2619 919 2716 Episcopi
935 2620 1022 2694 hisce
1038 2622 1183 2717 partium
1200 2617 1361 2693 studiis&
1384 2619 1699 2708 tumultuationibus
1718 2620 1812 2693 divisi
1829 2648 1896 2695 non

415 2725 537 2804 ecdem
553 2724 696 2821 amplius
715 2718 922 2794 conseufione
947 2723 1095 2792 unanimi
1118 2719 1366 2890 congpgrzrgnl’
1387 2747 1453 2816 qua
1468 2718 1535 2792 sola
1557 2722 1664 2791 nullas
1688 2747 1753 2791 nou
1776 2717 1897 2912 ingretpe·

456 3001 490 3088 ι)
511 2987 672 3055 Reverali
692 2988 838 3070 pleraque
860 2969 1059 3068 Diplomtta,
1082 3004 1157 3070 quae
1170 3002 1281 3046 recena
1299 2981 1403 3047 erecta
1419 2981 1606 3045 Monasteria
1624 3000 1668 3045 eo
1691 2989 1840 3063 tempore
1855 2982 1893 3046 ab

532 3073 777 3152 lrnperatoribua
794 3072 1018 3148 impetrarunt,
1038 3070 1075 3129 ad
1094 3067 1233 3130 amullim
1252 3072 1494 3137 examinentur,
1518 3088 1554 3126 ea
1568 3065 1646 3127 nibil
1666 3064 1823 3127 aliudesse
1841 3067 1895 3129 de-

536 3157 786 3238 prebeudeutur‚
808 3172 899 3230 quam
918 3155 998 3210 nuda
1020 3152 1219 3231 participatio
1237 3151 1397 3232 privilegii
1415 3149 1594 3211 communis
1613 3148 1821 3211 immunitatis
1831 3148 1897 3229 jam

413 3251 419 3260 ‘
538 3253 628 3299 antea
649 3240 718 3297 aliis
739 3234 892 3296 Eccletiis
906 3234 936 3292 dt
962 3225 1181 3295 Ecclesiasticis
1204 3231 1345 3294 l'ersonis
1371 3232 1520 3302 indultae,
1545 3248 1616 3310 quae
1630 3228 1680 3292 his
1700 3248 1811 3293 recens
1826 3250 1896 3293 ere·

534 3320 594 3383 slis
611 3334 664 3381 aut
684 3317 838 3398 speciatim
862 3313 1115 3392 Supplicautibus
1134 3334 1188 3391 per
1210 3312 1356 3392 speciales
1377 3313 1483 3374 literas
1507 3312 1736 3373 communicari
1756 3310 1790 3371 dt
1815 3310 1895 3374 all'e·

534 3405 635 3466 curari
656 3403 771 3461 voluit.
816 3394 937 3456 Abusus
951 3408 1055 3456 autem
1068 3394 1112 3456 est
1133 3398 1271 3456 maxime
1292 3391 1535 3458 detestandus&
1553 3391 1698 3454 excelsus
1719 3394 1893 3455 eorundem

533 3484 764 3550 intolerabilis,
788 3477 810 3541 st
836 3477 1004 3557 privilegia
1028 3476 1205 3556 ejusmodi,
1233 3475 1306 3556 ἠοω
1333 3475 1563 3557 superioritatis
1584 3474 1784 3536 territorialis
1807 3475 1896 3536 usum

534 3578 657 3629 tantum
678 3563 917 3626 &exercitium
937 3561 967 3621 in
991 3563 1131 3638 partibus
1154 3551 1340 3641 quibusdam
1357 3559 1394 3619 ad
1420 3559 1508 3640 leges
1527 3555 1712 3617 constitutas
1737 3564 1830 3635 atque
1848 3575 1897 3619 re-

536 3665 644 3730 ceptas
671 3645 860 3724 restringunt
880 3661 915 3703 ac
945 3642 1175 3715 moderantur,
1207 3642 1244 3703 ad
1271 3641 1443 3704 totalema
1474 3637 1691 3719 superioritate
1713 3637 1896 3702 territoriali

536 3730 809 3813 independentiatn
830 3727 1019 3804 detorquere
1038 3733 1206 3787 attentent.

592 3862 731 3926 Similem
751 3852 908 3920 excessum
927 3855 1074 3934 indigitat
1096 3851 1200 3933 quoad
1228 3847 1441 3912 Ecclesiastico
1460 3846 1534 3920 Jura
1558 3848 1797 3912 Ordinatiorum
1817 3850 1893 3912 Ori-

538 3947 652 4028 ginalis
673 3943 813 4018 quedam
836 3938 925 4000 Bulla
952 3939 1079 3998 nomine
1100 3934 1236 3997 Concilii
1255 3930 1435 3996 Basileeusts
1457 3930 1509 3992 sub
1536 3930 1640 4011 sigillo
1662 3933 1811 4013 plumbeo
1832 3953 1894 3993 ex·

534 4030 657 4108 perlita.
680 4025 712 4087 dt
727 4028 756 4086 in
779 4022 907 4086 Scriniis
931 4020 1047 4097 hujntis
1070 4017 1243 4100 Regiminis
1265 4012 1470 4076 Ecclefiastici
1492 4011 1662 4085 effervere,
1685 4032 1755 4095 quae
1771 4016 1802 4075 in
1823 4015 1893 4074 sub-

534 4109 643 4172 stantia
659 4107 710 4168 soa
729 4106 809 4166 ultra
825 4104 936 4163 nudtm
955 4097 1383 4162 triuertctanaeuctrottnae
1400 4095 1644 4158 constitutionis
1664 4096 1766 4175 quoad
1781 4098 1895 4158 immu-

534 4195 650 4253 nitates
665 4189 812 4250 omnibus
835 4183 1054 4246 liccleliallicis
1069 4183 1101 4242 dt
1124 4181 1253 4243 Clericis
1274 4197 1461 4241 communes
1488 4176 1761 4238 confirmationem
1781 4198 1838 4240 nec
1855 4180 1894 4241 li·

534 4286 631 4333 tecam
653 4273 723 4340 plur
749 4269 915 4337 enuntiat,
945 4263 978 4325 &
1003 4279 1106 4325 tamen
1130 4284 1146 4323 a
1167 4261 1394 4324 consoederatis
1418 4258 1601 4337 quibusdam
1627 4258 1834 4338 Regularibus
1856 4261 1894 4322 ad

534 4355 724 4435 probandam
745 4352 815 4413 inde
833 4349 1070 4428 exemptionem
1087 4367 1103 4405 a
1123 4343 1344 4424 jurisdistione
1359 4341 1519 4404 Ordinarii
1542 4341 1693 4420 produlia
1713 4339 1791 4416 suit,
1819 4363 1893 4405 curn

535 4436 616 4498 hauc
635 4451 742 4496 notam
760 4454 817 4509 pru
840 4432 959 4491 rubrica
982 4427 1210 4506 inscripserint:
1236 4427 1289 4487 Ex
1311 4424 1439 4486 Concilio
1463 4420 1619 4505 Bafileenft
1634 4421 1790 4504 supereo,
1816 4423 1896 4507 quod

528 4518 637 4602 stratus
655 4519 796 4594 exempti.
840 4511 902 4575 Sed
926 4511 1074 4574 videntur
1098 4505 1241 4589 reperifl'e
1260 4511 1350 4570 viros
1373 4505 1532 4567 literarum
1559 4507 1659 4586 magis
1679 4525 1820 4586 gnaros,
1842 4506 1896 4585 qul

535 4602 718 4663 desiderium
744 4598 877 4674 ipsorum
901 4592 933 4654 dt
960 4594 1159 4655 temerarium
1180 4602 1328 4652 conatum
1350 4585 1465 4650 effestu
1488 4585 1722 4660 frustravetint‚
1744 4608 1814 4648 cum
1837 4587 1897 4646 ho-

485 4697 500 4708 ”
536 4685 663 4746 dicdum
685 4683 760 4742 boni
784 4680 828 4742 illi
853 4676 957 4738 Patres
975 4696 1012 4736 ac
1035 4674 1165 4738 Domini
1184 4673 1276 4738 eittra
1294 4671 1430 4748 ,omnem
1452 4668 1701 4736 controversiam
1725 4668 1894 4734 Ordinatio

362 4829 401 4890 ί
426 4849 428 4854 Ι
538 4767 630 4849 plene
653 4761 809 4843 subjuto·
831 4757 859 4824 se
881 4755 1063 4842 agnoscunt.
