5017 5592
499 623 575 762 ξω
766 581 1111 722 nissaxrxrro
1138 639 1695 741 maroneo-tontum
1762 633 1768 640 ·
1812 651 1866 716 ·.

504 831 598 903 tutin
613 824 779 900 lenientie
793 824 826 894 in
845 819 942 894 bonis
958 789 1030 919 ejus
1051 819 1183 894 decerni
1201 843 1212 907 ς
1238 824 1341 896 modo
1365 823 1412 895 illi
1436 825 1637 899 concedetur
1660 826 1758 924 plena
1776 825 1925 906 libertus
1947 827 1984 902 dt

506 921 663 1002 secur-xtra
681 927 720 996 ad
744 919 873 993 exosam
891 921 981 993 suam
1003 917 1265 1001 defendendam,
1289 926 1339 993 vel
1364 949 1425 1017 pet
1442 923 1474 995 l’e
1500 922 1627 1022 ipsum,
1649 927 1724 998 dart
1743 923 1811 999 fide
1836 927 1985 1021 publica,
2003 1001 2017 1018 ,,

507 1029 558 1100 vel
576 1051 636 1114 per
651 1029 915 1095 Procuratorem.
969 1022 1001 1091 si
1018 1024 1144 1092 crimen
1160 1043 1271 1092 morte
1286 1024 1336 1092 vel
1353 1022 1519 1094 severiore
1534 1049 1630 1120 prena
1645 1026 1815 1119 corporali
1831 1025 1986 1116 dignum,

395 1191 397 1207 ,
506 1150 574 1196 uon
599 1149 707 1193 tamen
732 1123 764 1190 in
788 1120 890 1190 liullia
913 1117 1096 1192 Pontificiis
1122 1123 1219 1191 inter·
1235 1144 1370 1215 excepta
1391 1122 1558 1202 relatum,
1586 1119 1988 1216 commil'erit·Confuga,

505 1221 612 1320 pnll'er
627 1223 843 1290 condemnari
866 1219 905 1287 ad
926 1242 1056 1310 poenam
1071 1220 1258 1297 mitiorem,
1285 1214 1374 1289 forte
1392 1224 1636 1313 pecuniariam,
1661 1221 1713 1291 vel
1741 1225 1843 1291 etiam
1859 1246 1989 1318 corpo·

401 1317 403 1322 ’
430 1335 432 1346 “
505 1325 575 1398 ris,
598 1319 649 1388 l'ed
680 1321 870 1387 mitiorem:
898 1321 980 1385 nam'
998 1314 1139 1409 quilibet
1167 1312 1353 1410 supereo,
1383 1320 1477 1410 quod
1495 1321 1610 1411 inique
1634 1315 1743 1409 gellu,
1767 1319 1812 1389 ell
1836 1321 1989 1410 legitime

507 1418 697 1516 puntendns
713 1421 751 1506 z)
813 1410 924 1483 Pollea
942 1437 1050 1481 autem
1064 1409 1208 1503 egrellus
1226 1439 1265 1483 ex
1282 1411 1385 1507 Asylo
1407 1441 1472 1483 nnn
1497 1413 1600 1509 pollet
1626 1442 1768 1511 propter
1791 1418 1881 1486 idem
1905 1419 1988 1487 deli·

386 1525 391 1538 “
507 1515 599 1587 blunt
617 1515 657 1583 ad
674 1535 816 1582 mortem
834 1510 1071 1592 condemnari,
1099 1514 1175 1606 qnia
1189 1513 1297 1605 Judex
1322 1538 1384 1608 per
1406 1511 1599 1584 serueueram
1616 1512 1715 1610 l'uper
1729 1518 1871 1585 crimine
1886 1515 2005 1588 iatam·

504 1613 572 1712 jam
592 1608 725 1681 i'nnflus
739 1609 784 1679 est
802 1607 859 1678 lito
886 1605 996 1679 ollieto
1013 1606 1060 1702 a).
1116 1614 1299 1681 Sectttitate
1323 1615 1425 1702 igitur
1447 1612 1487 1682 de
1512 1612 1626 1682 vita&
1652 1613 1814 1682 membris
1839 1637 1990 1710 accepte,

507 1711 707 1783 detinendus
723 1732 788 1776 nnn
804 1702 881 1777 ellet
897 1711 930 1776 in
949 1708 1022 1775 loen
1041 1710 1209 1790 immuni;
1236 1712 1305 1778 imo
1317 1715 1418 1780 etiam
1434 1710 1517 1780 tradi
1535 1709 1672 1780 deberet
1688 1713 1795 1790 Reus,
1818 1709 1990 1805 peri'onali

406 1881 412 1904 ἱ
507 1807 713 1902 obligatione
738 1807 884 1900 Prnrcrpi
906 1807 956 1874 tel
984 1802 1191 1894 Magistratui
1215 1805 1396 1885 obnoxius,
1419 1810 1467 1878 uti
1494 1809 1625 1878 Miles:
1650 1832 1766 1878 contra
1782 1811 1926 1880 invitum
1944 1833 1993 1880 te·

507 1932 605 1981 men.
625 1905 655 1977 dr
676 1902 792 2000 l'ponte
809 1902 922 1994 egredi
939 1901 1129 1983 nolentem,
1150 1904 1235 1974 nibil
1260 1905 1423 1975 violenter
1452 1907 1679 1976 attentandum
1695 1902 1773 1976 ellet
1790 1904 1917 2002 absque
1931 1915 1993 1980 'eu-

506 2010 642 2078 toritete
659 1998 815 2098 Episcopi
830 2005 885 2088 l),
906 2024 1006 2096 quem
1028 2001 1212 2094 Regulates
1229 2001 1333 2071 &alii
1359 2006 1510 2096 Exempri
1536 2009 1568 2072 in
1588 2005 1654 2075 ltoc
1678 2007 1815 2095 negotio
1838 2007 1992 2076 revereri

507 2103 641 2175 debent.
698 2103 731 2170 Si
751 2123 831 2168 vero
851 2095 1060 2170 securitatem
1078 2097 1119 2166 de
1136 2102 1199 2169 vita
1222 2100 1429 2170 &membris
1446 2127 1511 2170 nnn
1534 2099 1703 2180 obtineat,
1725 2099 1862 2198 quaeslio
1876 2127 1994 2175 move·

507 2227 582 2279 tut,
599 2225 639 2269 an
658 2194 853 2267 conlliturua
868 2199 900 2266 in
917 2193 1020 2292 Asylo
1037 2192 1131 2293 polltt
1160 2198 1375 2268 condemnati
1399 2198 1438 2268 ad
1463 2223 1630 2281 mortem,
1656 2200 1706 2269 vel
1725 2201 1823 2268 aliam
1853 2224 1992 2293 paenam

507 2297 721 2395 corporalem
739 2299 944 2386 graviorem,
970 2319 1070 2389 aqua
1093 2299 1278 2365 reverentia
1302 2293 1394 2390 Al'yli
1414 2295 1496 2367 soler
1513 2321 1601 2368 tutos
1626 2299 1798 2369 reddere?
1819 2301 1911 2368 Sacri
1926 2303 1992 2370 Ca·

509 2421 613 2469 nonea
640 2396 700 2465 bas
728 2392 904 2466 l'ententias
928 2392 1083 2463 videntur
1109 2394 1321 2488 improbare,
1355 2395 1434 2463 dom
1453 2394 1494 2465 de
1517 2391 1731 2486 confugiente
1752 2397 1792 2465 ad
1812 2395 1992 2469 Ecclesram

422 2585 429 2592 Ι,
509 2497 644 2568 dicunt:
670 2517 721 2563 net
740 2495 964 2562 ttrdedaenraati
977 2491 1008 2580 c)
1029 2493 1115 2560 dener
1134 2495 1174 2560 ad
1189 2513 1332 2570 martem,
1351 2498 1409 2562 vel
1424 2498 1464 2561 ad
1482 2516 1614 2584 penam,
1638 2493 1759 2563 scilieet
1775 2496 1993 2590 corporalem

395 2669 406 2678 ,
510 2586 772 2690 gravioremd).
824 2587 1060 2660 Nihilominus
1085 2611 1152 2658 tam
1169 2590 1397 2683 experientia,
1425 2614 1525 2687 quarn
1548 2598 1694 2661 Autores
1716 2593 1797 2661 varii
1817 2589 1994 2675 tellantur,

509 2691 601 2764 alind
615 2687 782 2759 observari
799 2690 831 2757 in
848 2690 940 2782 praxi
960 2683 1169 2759 diversorum
1185 2684 1444 2769 Tribunalium,
1470 2687 1525 2757 ubi
1541 2691 1650 2785 Judex
1666 2692 1699 2757 in
1716 2692 1822 2760 Reum
1838 2692 1993 2774 criminis

510 2816 578 2860 non
596 2788 742 2881 excepti,
766 2809 865 2879 quem
888 2787 921 2855 in
937 2780 1040 2879 Asylo
1062 2785 1165 2855 latere
1193 2809 1260 2854 nort
1286 2786 1435 2874 ignorat,
1461 2787 1627 2880 inquirit,
1651 2789 1747 2857 citati
1768 2782 1886 2877 jubet,
1910 2785 1943 2858 dt
1968 2783 1994 2859 i

510 2913 579 2959 nnn
594 2906 786 2976 comparet,
813 2905 970 2976 tanquam
994 2884 1028 2949 in
1052 2878 1237 2965 absentem,
1261 2881 1434 2973 condigne
1456 2880 1546 2977 juxta
1569 2882 1681 2953 deliili
1706 2885 1900 2980 qualitatem
1923 2907 1995 2979 pte·

511 3007 582 3067 ue,
599 2985 699 3055 eriam
715 2978 884 3075 capitalis,
909 2972 1267 3078 profertsententiem:
1293 3005 1394 3077 quam
1418 3005 1528 3053 tamen
1555 2984 1741 3054 executioni
1763 3007 1830 3054 non
1845 2983 1995 3067 mandat,

1878 3125 1883 3132 ·
1927 3105 1996 3180 nec

630 3264 699 3310 rum
717 3261 772 3324 per
793 3239 955 3308 delistum.
998 3241 1048 3306 Ad
1061 3241 1142 3307 hanc
1157 3243 1241 3307 enim
1258 3241 1385 3307 abbione
1400 3241 1497 3322 Legis
1520 3243 1659 3325 Aquiliae
1682 3247 1785 3328 potest
1798 3248 1872 3330 agi,
1894 3248 1995 3313 etiarn

625 3335 744 3392 'contro
759 3323 930 3404 confugam
945 3327 977 3388 in
994 3324 1094 3408 usila
1108 3327 1275 3397 latentem,
1300 3346 1371 3387 curn
1389 3327 1427 3387 ad
1444 3325 1522 3389 illud
1538 3346 1601 3387 non
1617 3331 1728 3392 debeat
1742 3333 1772 3392 in
1793 3332 1924 3393 alterius
1936 3351 1998 3413 po·

633 3410 699 3475 tius
712 3410 875 3492 injuriam,
887 3427 980 3491 quatu
991 3408 1029 3471 ad
1043 3408 1085 3471 iui
1099 3408 1311 3472 deienfioneru
1328 3407 1513 3491 confugere.
1538 3408 1575 3473 L.
1593 3424 1644 3484 28.
1659 3422 1694 3482 s.
1706 3433 1736 3495 7.
1745 3405 1788 3496 ff.
1804 3412 1840 3476 dc
1856 3412 1969 3477 Poenr's.

565 3551 603 3634 z)
630 3548 660 3610 C.
674 3545 705 3609 6.
729 3546 766 3609 de
783 3545 936 3610 Immunit.
956 3543 1063 3612 Etrus.
1093 3545 1144 3609 Ex
1159 3546 1223 3606 hoe
1236 3544 1403 3626 Capitulo,
1421 3547 1554 3628 ejusque
1571 3547 1696 3611 ratione
1715 3548 1912 3611 conclndin'tt
1927 3549 1998 3614 Do-

639 3630 765 3696 ἂοτοε,
787 3627 905 3694 Reum.
931 3628 1088 3700 sertdicis
1108 3627 1264 3691 secularia
1289 3629 1424 3690 tribunal
1444 3648 1508 3709 ope
1526 3629 1612 3711 Asyli
1633 3628 1781 3713 effugiat,
1802 3633 1920 3696 debere
1940 3651 1999 3716 pu·

639 3714 730 3776 niria
749 3712 858 3784 lodice
877 3709 1110 3783 Ecclesiastico,
1134 3713 1174 3773 ue
1187 3714 1302 3772 crimen
1318 3720 1441 3772 maneat
1459 3713 1659 3791 impunitum.

567 3834 607 3919 a)
628 3829 1048 3899 Dottrtnnnnnnutlornm,
1070 3827 1154 3906 qnod
1174 3847 1267 3907 poena
1285 3828 1336 3889 ilia
1360 3830 1468 3889 mitior
1496 3849 1560 3890 non
1583 3852 1598 3890 a
1622 3831 1733 3902 Jndice
1756 3828 1923 3901 saeculari,
1949 3831 2000 3894 led

643 3916 680 3979 ab
701 3910 931 3980 Eccleiinstico,
957 3910 1036 3989 apud
1056 3929 1147 3989 quem
1169 3908 1314 3990 Coniuge
1338 3910 1465 3972 videtur
1486 3911 1586 3975 sortiri
1602 3912 1724 3980 inrum,
1741 3914 1860 3990 imponi
1875 3914 2001 3984 debeat,

643 3999 702 4059 vix
721 3993 979 4057 observabiturin
1001 3994 1108 4061 praxi:
1134 4012 1203 4051 narn
1219 3991 1302 4052 salva
1320 3994 1387 4053 vita
1411 3993 1445 4055 dt
1465 3996 1633 4063 membris,
1653 3996 1706 4056 ille
1722 3993 1845 4067 Jndex.
1869 3998 1922 4075 qui
1942 4017 2003 4058 ex·

643 4090 688 4138 tta
704 4077 804 4138 casum
821 4075 907 4157 Asyli
923 4075 1033 4153 punire
1047 4077 1162 4135 crimen
1178 4071 1295 4155 posset.
1309 4076 1389 4135 idem
1400 4078 1451 4139 libi
1464 4077 1515 4156 jus
1530 4093 1712 4154 competere
1726 4077 1861 4139 censebit
1875 4079 1905 4139 iu
1924 4097 2003 4139 con·

642 4159 841 4240 fugam,cum
850 4177 904 4241 per
919 4156 1074 4238 ejusmodi
1085 4174 1208 4238 prenam
1224 4159 1383 4219 mitiorem
1398 4179 1461 4219 non
1476 4159 1617 4220 violetur
1631 4159 1816 4222 immunitas
1826 4157 1987 4223 Ecclesia.

571 4297 609 4381 b)
628 4294 744 4358 Fxnn
756 4297 1049 4359 nuntiaturum
1067 4295 1140 4360 alin.
1156 4295 1185 4356 6.
1201 4314 1230 4355 n.
1245 4295 1297 4374 ⁶9.
1319 4294 1355 4354 de
1382 4294 1535 4357 immeruit.
1558 4292 1661 4375 Esaias.
1683 4294 1803 4362 reniet,
1828 4295 2004 4378 confugite

645 4378 738 4439 etiam
761 4376 896 4439 celiante
920 4378 1062 4455 periculo
1078 4378 1190 4438 mortis
1212 4391 1266 4435 ant
1287 4375 1495 4437 mutilationis
1521 4397 1587 4437 nou
1603 4373 1688 4457 posse
1715 4379 1854 4442 invitum
1875 4379 2002 4441 extrahi

645 4477 715 4521 com
734 4460 858 4521 licentia
884 4458 1045 4536 Episcopi.
1068 4478 1138 4519 cum
1161 4459 1232 4520 talia
1253 4457 1413 4519 extractio
1440 4457 1537 4519 iulum
1558 4462 1588 4520 in
1610 4457 1729 4521 salibus
1750 4464 1897 4543 exceptis
1916 4461 2005 4526 licita

645 4543 682 4606 fit
697 4561 705 4603 t
724 4544 806 4604 inter
821 4539 907 4602 casos
929 4552 1086 4623 exceptos
1104 4553 1208 4601 entem
1225 4558 1289 4600 nnn
1306 4544 1489 4601 continetur
1506 4541 1569 4605 iile.

570 4659 602 4822 q)
624 4658 829 4823 ilcqtrettqrer
846 4656 981 4723 Romani
998 4660 1075 4724 loco
1089 4659 1235 4726 mucci
1249 4671 1409 4744 reponunt
1425 4662 1539 4725 donari
1558 4679 1579 4725 r.
1589 4677 1622 4745 9.
1637 4657 1752 4726 XVII.
1769 4677 1843 4754 M·

592 4767 610 4840 )
653 4758 693 4823 ''t.
717 4759 750 4827 C.
783 4804 793 4823 .
