5017 5592
539 653 608 740 508
694 679 716 704 s
791 617 1759 710 nlssERTATroHlstott100·cnn¹olllcn

649 812 748 881 tualla
763 807 869 877 Vobis
885 803 1082 890 (Ept'stopt't⁹
1099 801 1138 870 st
1149 805 1220 868 ult't'r
1236 803 1433 887 Eccleftorum
1453 806 1608 882 lboelalt't)
1623 806 1834 888 relinquimus
1846 805 1949 872 libere
1959 805 2017 872 dil·

651 894 801 1044 ffiffl,
804 905 963 1038 1311:quae
978 889 1049 952 sunt
1062 886 1209 965 Caesaris,
1226 885 1358 964 cesari,
1378 888 1413 952 dt
1431 908 1503 971 quae
1519 891 1603 967 Dei,
1626 887 1699 952 Deo
1713 889 1799 956 reeta
1821 889 2019 958 distributio·

519 1105 521 1110 ’
539 1101 757 1179 Invaluerunt
772 1088 1023 1167 constitutiones
1043 1087 1179 1160 Ottonis
1196 1085 1228 1160 ἁ
1248 1088 1433 1178 Friderici,
1449 1114 1634 1190 earumque
1645 1090 1768 1166 virtute
1780 1093 2019 1190 jusRegalium

536 1207 573 1276 in
589 1197 700 1273 nostro
716 1194 867 1291 Imperio
881 1192 922 1261 R.
940 1189 984 1260 G.
1002 1182 1138 1283 prorsus
1155 1181 1297 1261 cessavit.
1748 1181 1754 1194 ·
2026 1217 2034 1228 .

656 1348 784 1419 ΧΧΙΙΙ.
809 1338 970 1411 Redimus
988 1335 1028 1406 ad
1045 1333 1351 1420 Sub-Advocatum
1377 1359 1463 1433 quoa
1487 1361 1544 1411 aut
1564 1341 1790 1437 Imperatores
1811 1337 1870 1414 libi
1888 1337 2017 1418 suffere·

498 1453 514 1466 .·
534 1470 633 1531 runt,
659 1468 715 1515 eut
737 1437 887 1513 Ecclestae
907 1433 965 1536 libi
990 1433 1186 1524 delegerunt
1212 1429 1302 1528 (quo
1322 1438 1456 1508 nomine
1479 1441 1617 1508 minime
1639 1442 1776 1510 veniunt
1799 1439 2015 1536 Majellstiei,

561 1551 596 1620 Ul
610 1542 667 1616 sub
687 1546 896 1635 ¹¹¹¹l’e'010re
914 1531 1070 1628 ‘lusd‘mv
1095 1527 1149 1599 sed
1165 1553 1203 1598 ²¹
1220 1553 1359 1604 munere
1376 1531 1410 1604 dt
1426 1537 1676 1629 praeminentia
1692 1539 1892 1608 territorialr
1911 1539 2017 1614 Euclea

533 1576 656 1720 satum
674 1640 810 1710 tutelam
826 1626 965 1727 gerunt)
1001 1631 1050 1697 Hi
1067 1627 1200 1721 quando
1215 1626 1399 1700 Advocatio
1420 1634 1454 1704 in
1473 1632 1630 1703 damnum
1649 1631 1866 1705 Eccleliarum
1892 1635 2016 1708 &Mon

539 1739 761 1816 nasteniorum
778 1727 958 1814 invafipne,
986 1723 1199 1821 spoliatione,
1224 1723 1437 1820 oppressione
1455 1728 1569 1828 aliisve
1585 1730 1693 1800 modis
1714 1733 1818 1828 paolo
1840 1756 1918 1805 ante
1933 1757 2015 1806 com·

535 1836 730 1913 memoratis
746 1830 947 1904 abutuntur,
970 1824 1045 1917 jure
1061 1821 1250 1892 Advocariae
1275 1829 1398 1917 privant
1421 1823 1561 1921 pasl'unt.
1624 1835 1703 1897 vati
1728 1831 1865 1922 quidem
1890 1851 2017 1925 pem.

534 1943 602 2010 rios
623 1929 881 2003 Conllirutiones
899 1944 965 1991 tem
986 1921 1117 1999 curiles,
1142 1942 1241 2010 quam
1258 1923 1441 2014 eanonicus.
1500 1933 1548 1994 Ac
1573 1925 1686 2017 ptimo
1707 1926 1845 2021 quidem
1867 1927 2013 1998 Frideri·

380 2031 395 2046 “
434 2097 450 2112 ,
533 2037 565 2107 ei
587 2037 630 2101 ll.
655 2033 740 2125 lmp.
757 2031 793 2096 dt
805 2046 876 2120 pace
894 2023 1022 2093 tenenda
1037 2021 1071 2092 bt
1085 2020 1147 2107 ejus
1163 2020 1364 2118 ululatatultus
1378 2023 1428 2092 lil.
1455 2049 1488 2096 ι.
1498 2024 1586 2113 stud.
1605 2027 1660 2093 tit.
1682 2047 1739 2104 ιγ.
1760 2029 1798 2106 5.
1825 2049 1859 2107 7.
1890 2023 1948 2097 ubi
1972 2027 2014 2098 ita

533 2131 694 2224 legimus:

576 2265 767 2345 Quicunque
788 2251 998 2318 Advocrtlsm
1013 2246 1116 2323 suam,
1142 2246 1199 2313 vel
1213 2243 1340 2330 aliquod
1354 2245 1436 2310 aliud
1456 2243 1642 2313 beneficium
1662 2250 1841 2326 inordinate
1856 2252 2010 2319 tractave-

650 2342 711 2410 rit,
737 2337 771 2400 &
784 2358 801 2399 a
815 2337 955 2399 Domino
973 2334 1153 2394 admonitus
1164 2350 1229 2394 uon
1243 2329 1423 2413 respuerit,
1445 2328 1479 2392 dt
1494 2333 1525 2393 in
1540 2333 1588 2394 l'ua
1603 2335 1774 2413 perdurans
1788 2334 2010 2398 insolentiaot·

605 2425 608 2430 '
640 2422 723 2485 dine
741 2420 924 2490 ’udiciario‚
940 2424 1004 2478 tam
1019 2415 1218 2487 Advocatla‚
1243 2433 1334 2494 quatu
1346 2401 1502 2474 benestcio
1517 2413 1557 2492 (ι’.
1570 2413 1697 2496 nseudo
1708 2421 1826 2479 insultu
1837 2419 2009 2482 Advocatio

649 2439 1033 2662 gopephpgppstpptfuppp
1041 2493 1586 2663 ‚Viplppotppnpppppsptpptbpppppario
1607 2496 1822 2562 Advocatiam
1846 2500 1906 2564 vel
1924 2501 2008 2565 bana·

677 2605 727 2649 ctu
779 2605 789 2648 1
869 2604 885 2646 e
935 2623 946 2657 2
1512 2620 1521 2639 ·
1924 2621 1927 2626 ’

535 2721 770 2820 suffragantur
784 2716 1020 2792 commentaris
1036 2717 1068 2785 itt
1083 2712 1171 2783 hunc
1187 2711 1297 2785 locunt
1312 2714 1474 2787 Fridetici
1491 2711 1659 2795 Schemk,
1681 2713 1835 2785 Udnlrici
1853 2715 1951 2800 Zalii,
1962 2720 2007 2816 Ja·

536 2825 611 2897 cobi
627 2821 752 2895 Stteitb
773 2819 805 2889 dt
825 2817 965 2886 aliorum
986 2810 1269 2891 elucubrationes,
1295 2815 1448 2902 Megeri,
1474 2813 1641 2909 Hopingk
1656 2815 1776 2882 Manlii
1801 2813 2004 2886 &Authoris

536 2925 597 2994 det
615 2918 869 3006 nothwendigen
887 2915 1138 2998 Erinnerungen
1154 2933 1183 3002 p.
1211 2935 1238 2978 t.
1253 2915 1284 2977 in
1302 2912 1396 2998 tesut.
1417 2938 1444 2981 t.
1461 2920 1496 2991 ll.
1513 2916 1605 2981 dalet
1644 2909 1699 2979 ubi
1723 2912 1913 2993 contendit,
1939 2915 2005 2984 aiti-

535 3040 636 3090 tatem
658 3010 890 3085 Donnuweerd
913 3009 1128 3079 Advocatiam
1151 3004 1342 3077 monasterii
1361 3010 1395 3080 S.
1413 3013 1529 3080 erucis
1553 3003 1705 3091 arnislsle,
1732 3009 1812 3102 quia
1835 3009 1923 3082 illud
1943 3007 2003 3107 spot

536 3116 649 3196 linuit,
676 3109 866 3207 occupavit,
893 3104 1121 3177 &mottaebos
1142 3101 1219 3173 inde
1234 3104 1372 3200 expulit.

652 3268 777 3336 XXIV.
805 3257 945 3334 Carolus
961 3261 1012 3327 M.
1029 3257 1062 3325 in
1077 3255 1170 3327 Bulla
1187 3256 1393 3337 donationis,
1419 3283 1484 3354 qua
1499 3257 1610 3331 villana
1626 3253 1715 3331 suant
1730 3257 1874 3332 Ulmam
1892 3255 2002 3334 Abbati

536 3367 571 3441 dt
589 3365 765 3439 conventui
781 3361 892 3432 divitis
913 3358 1030 3448 Augiae
1051 3378 1137 3425 anno
1155 3367 1235 3449 813.
1257 3350 1413 3428 aonceffit
1431 3359 1518 3454 apud
1536 3360 1746 3430 Naucleuum
1767 3364 1891 3433 uelum.
1913 3385 1945 3431 ι.
1961 3379 2003 3453 ge·

534 3486 637 3540 neret.
659 3488 716 3541 ²7·
733 3463 767 3530 in
781 3460 869 3529 hune
885 3453 1022 3527 modurn
1042 3453 1210 3548 loquitor:

575 3563 837 3672 Quandocuuqne
852 3585 1039 3649 Advocatua
1052 3583 1094 3646 lui
1111 3583 1263 3648 commissi
1279 3583 1391 3668 (officii
1399 3583 1414 3660 )
1429 3585 1655 3665 prevaricator
1665 3595 1719 3651 aut
1734 3588 1765 3653 in
1779 3587 1877 3650 rebus
1888 3581 2001 3652 velbo·

651 3674 787 3736 minibus
801 3668 933 3739 existat,
959 3666 1059 3730 stetim
1073 3666 1136 3730 fine
1151 3685 1257 3741 mora,
1282 3666 1344 3729 fine
1356 3667 1477 3747 judicio
1491 3669 1703 3733 Advocatiam
1716 3673 1836 3753 perdat.

534 3792 694 3869 Urbanus
711 3793 754 3861 ss.
774 3792 807 3860 in
830 3787 923 3858 Bulla
945 3784 1193 3858 confirmatoria
1214 3785 1385 3857 relleuruti
1409 3785 1597 3858 monasterii
1619 3784 1766 3878 Hirsaug
1786 3786 1880 3884 apud
1898 3793 2003 3882 bisge-

534 3918 611 3967 ruut
630 3898 666 3964 de
680 3892 860 3961 Advocatia
873 3907 994 3955 armata
1010 3909 1034 3955 t.
1055 3898 1108 3954 16·
1128 3887 1503 3956 excommunicationem
1520 3885 1709 3981 superaddit
1725 3888 1855 3956 dicens:
1993 3917 1997 3924 ¹

578 4025 612 4092 si
624 4031 728 4086 aulem
749 4037 815 4079 non
829 4027 863 4078 ut
877 4015 1048 4085 Defensor,
1072 4015 1119 4076 sed
1136 4019 1243 4098 polius
1259 4027 1293 4078 ut
1310 4017 1517 4079 calumniator
1531 4015 1564 4078 δι
1578 4013 1726 4098 pervasor
1738 4033 1841 4077 rerum
1856 4016 1912 4080 fibi
1923 4033 2001 4076 com·

653 4100 810 4165 missarum
834 4101 996 4168 extiterit,
1022 4096 1129 4158 nostro
1147 4103 1249 4160 banno
1274 4099 1583 4161 excommunicatum
1604 4103 1737 4160 omnino
1755 4098 1869 4161 habeat
1883 4099 2000 4168 Abbta.

650 4184 684 4246 δι
702 4183 885 4264 potestatem
901 4179 1179 4260 hunereprobare,
1198 4179 1230 4242 dc
1247 4182 1340 4242 aliurn
1363 4180 1415 4241 libi
1438 4182 1612 4248 utiliorem.
1648 4181 1856 4261 undecunque
1884 4183 2000 4263 placue-

648 4267 710 4407 :tit'
731 4265 855 4329 auxilio
874 4264 970 4326 etiam
987 4263 1206 4343 imperatoris,
1234 4259 1392 4325 linecesse
1411 4261 1522 4337 suerit,
1559 4264 1660 4326 eidem
1681 4260 1874 4324 monasterio
1900 4259 2004 4344 provi·

670 4365 731 4410 ete.

535 4467 612 4543 Pari
627 4464 728 4538 modo
743 4464 784 4535 de
799 4465 916 4536 eodem
938 4461 1115 4536 instaurato
1134 4458 1333 4534 monasterio
1349 4461 1495 4532 decernit
1516 4462 1684 4531 Henricus
1702 4463 1726 4533 l.
1743 4462 1816 4535 RR.
1833 4463 1906 4536 Rex
1920 4452 2004 4557 apud

535 4565 678 4646 eundem
691 4568 890 4660 Magum,
916 4567 973 4660 qui
989 4563 1085 4661 plura
1098 4564 1160 4637 alia
1173 4562 1208 4634 id
1225 4583 1329 4656 genus
1344 4559 1476 4636 exhibet
1491 4559 1686 4635 testimonia.

1786 4733 1792 4740 ·
1902 4709 2004 4783 XXV·
