5017 5592
838 621 909 703 DE
930 623 1231 703 ADVOCATlS
1260 621 1665 709 schEstssSTrcrs.
1916 663 1988 742 493

502 817 569 898 sii,
595 808 688 910 quod
705 806 826 883 scilicet
846 804 939 881 suum
953 833 1013 907 per
1026 810 1153 882 Suesiae
1171 810 1339 879 Ducarnm
1357 807 1390 878 in
1404 804 1488 880 urbe
1501 807 1684 903 Eslingensi
1700 805 1873 887 Vitorium
1886 815 1990 892 modo

506 909 610 987 diae
627 906 778 982 Ecclefiae
797 907 954 1001 Regulari
976 904 1196 980 Desensorem
1217 902 1436 980 constituerit.
1493 911 1547 978 Sie
1569 913 1668 979 etism
1689 909 1901 1004 Dagoberrus
1921 917 1993 986 Rex

506 1008 682 1104 Arnuspbi
698 1004 837 1078 Auslriae
860 1003 1085 1078 Mosellanicae
1101 1008 1206 1077 Ducis
1222 1002 1332 1075 tutelae
1348 1029 1385 1076 ac
1403 998 1585 1076 ‹lesenfioni
1602 1007 1822 1081 Trevirenses
1833 1009 1992 1084 Ecclesiae

507 1132 527 1181 a
553 1106 602 1179 ud
625 1110 658 1177 S.
675 1109 811 1176 Petrum
836 1103 867 1175 dt
888 1109 925 1176 ll.
941 1107 1163 1177 Maximinum
1188 1127 1275 1175 anno
1300 1111 1383 1196 623.
1405 1102 1666 1190 commendarit,
1701 1103 1830 1181 &enm
1855 1132 1993 1206 quoque

534 1205 658 1278 delitet
673 1189 848 1276 observare
863 1205 1041 1298 pracepit,
1068 1227 1108 1275 eo
1127 1199 1202 1285 fine,

546 1339 597 1406 Ut
612 1335 812 1422 praesstrrurn
828 1331 1035 1398 Ecclesiarnnr
1053 1350 1103 1394 res
1117 1329 1263 1414 prospere
1282 1330 1443 1408 secantur,
1471 1332 1624 1399 videlicet
1640 1332 1674 1399 B.
1690 1333 1772 1400 Petri
1786 1332 1821 1400 dr
1834 1334 1870 1405 B.
1886 1335 1992 1406 next·

627 1421 731 1494 ruini,
756 1438 797 1482 ne
818 1418 967 1499 deinceps
987 1412 1239 1497 agrsisetoribns
1251 1416 1420 1498 quidquam
1432 1418 1476 1480 eir
1487 1415 1641 1481 inolestiae
1657 1417 1819 1485 inseratur.

509 1549 614 1653 Qsod
629 1552 736 1623 Patris
751 1546 940 1645 exemplum
963 1543 1156 1639 Sigeberrus
1173 1548 1230 1644 pie
1252 1545 1410 1645 sequutus
1435 1572 1521 1622 anno
1545 1560 1629 1644 653.
1650 1552 1816 1627 ditiorum
1837 1555 1994 1635 Ecclesiae,
2095 1643 2099 1650 .

510 1677 587 1728 rum
603 1647 849 1747 proteslionem
867 1647 1015 1716 Domino
1039 1648 1189 1715 Martino
1211 1647 1384 1742 Arnulphi
1403 1648 1509 1719 Ducis
1533 1648 1675 1722 Austriae
1701 1650 1835 1726 Mosell.
1859 1682 1898 1728 ex
1920 1654 1992 1730 filio

509 1753 628 1848 nepoti
644 1772 697 1843 pre
710 1745 916 1832 conservanda
931 1743 1406 1917 ADDaelrmgsllszinellluollls
1425 1743 1603 1918 lmffi's‘gi'
1616 1752 1684 1918 illd
1702 1754 1832 1924 {mirei}
1845 1753 1887 1826 de
1909 1757 1993 1869 R⁰‚⁵'

509 1845 971 2040 stizletssszssts.
1087 1893 1095 1914 '
1304 1867 1328 1941 r
1441 1868 1467 1941 r
1597 1871 1738 1946 “²¹'‘
1790 1875 1934 1924 “¹¹²⁰'‘
1959 1875 1993 1926 '¹'

628 2077 690 2150 lx.
715 2081 799 2147 Non
819 2096 897 2146 raro
924 2076 1153 2168 Imperatores
1171 2070 1322 2147 Ecclesris
1344 2072 1377 2148 dr
1401 2070 1579 2148 Asceteriis
1608 2102 1795 2176 eorumque
1814 2081 1992 2155 ineolumi·

510 2179 572 2254 teti
586 2179 620 2248 in
642 2173 731 2247 seros
754 2198 855 2244 annos
878 2169 1070 2269 prospicere
1091 2172 1241 2243 volentes
1266 2171 1420 2245 derivatae
1436 2198 1453 2243 a
1471 2177 1513 2245 Se
1538 2175 1729 2247 Advocatio
1748 2178 1803 2272 jus
1828 2205 1892 2249 uns
1914 2205 1992 2252 cum

511 2271 693 2367 Regalibur
710 2276 744 2344 in
761 2270 900 2343 sendum
922 2270 1095 2339 dederunt.
1145 2274 1194 2338 lta
1212 2269 1253 2340 de
1268 2270 1441 2342 Friderico
1467 2271 1694 2344 Ahenobardo
1716 2299 1850 2347 annotat
1866 2279 1989 2364 author

513 2378 718 2470 Supplenrenri
740 2370 931 2461 Firjingenfis
953 2391 1016 2462 rap.
1035 2393 1111 2447 er„
1135 2365 1223 2461 quod
1240 2370 1268 2435 is
1288 2367 1507 2440 Berrboldum
1525 2373 1689 2462 Zeringiae
1712 2372 1844 2446 Ducem
1859 2399 1924 2444 non
1941 2374 1992 2447 so·

507 2473 585 2547 -lum
601 2471 642 2542 de
662 2466 824 2540 consuetis
840 2465 1036 2557 stegalibus,
1054 2488 1172 2535 verum
1187 2461 1322 2560 insuper
1338 2465 1379 2537 de
1400 2466 1583 2538 advocatis
1604 2467 1820 2541 Ecclesrarum
1849 2469 1989 2568 Episco-

511 2570 661 2671 palium,
680 2562 841 2662 quaesunt
859 2567 1023 2645 Genese,
1038 2557 1234 2644 Lausannae,
1256 2561 1446 2647 &Seduni,
1463 2563 1566 2635 veluti
1583 2565 1624 2636 de
1635 2591 1724 2638 novo
1741 2567 1901 2640 benesrcio
1917 2563 1988 2642 feu·

512 2669 581 2742 dali
597 2662 787 2739 investierit.
837 2667 938 2734 Ssmae
955 2664 1085 2732 Domus
1101 2657 1271 2732 Austriaca
1288 2659 1319 2730 dr
1335 2664 1457 2732 Bavara
1473 2661 1689 2734 Advocatiam
1706 2663 1917 2738 monasticam
1927 2670 2006 2739 Re·'

514 2764 643 2859 galibus
662 2760 850 2847 accensent,
876 2784 975 2855 quum
992 2759 1172 2853 antiquitus
1188 2752 1363 2830 obtinuisse
1379 2757 1515 2833 testatur
1530 2758 1750 2857 Cuspinianus
1763 2766 1786 2838 l.
1804 2788 1829 2836 c.
1843 2787 1912 2860 pag.
1930 2790 1991 2854 39,
2024 2791 2027 2796 ·

511 2870 568 2937 De
583 2864 701 2937 eodem
723 2857 841 2934 trattat
865 2852 1099 2928 laudatissimus
1121 2859 1285 2947 Magerus
1304 2862 1357 2930 rit.
1376 2881 1439 2952 cap.
1460 2883 1494 2943 9.

636 2997 678 3069 Χ.
704 2996 797 3068 Alias
815 2996 972 3066 Romanis
993 2996 1219 3087 Imperantes,
1243 2990 1324 3062 dum
1340 3011 1448 3062 certos
1468 2989 1503 3062 dr
1525 3013 1707 3090 perpetuos
1729 2990 1882 3065 Ecclesiis
1907 2993 1991 3067 Sub·

501 3099 701 3173 ‘Advocatos
715 3093 808 3189 justis
820 3094 860 3163 de
879 3088 979 3163 causis
994 3090 1176 3161 obtrudere
1197 3086 1371 3176 nolebant,
1391 3089 1585 3171 voluerunt,
1608 3113 1645 3162 ut
1664 3089 1814 3162 Ecclesrae
1833 3095 1991 3184 ingruen-

511 3196 604 3270 tibus
621 3191 849 3265 adverfitarum
873 3187 1144 3281 tempestatibus,
1170 3186 1291 3281 quibus
1310 3183 1370 3280 ipsi
1387 3186 1494 3280 perse
1512 3188 1543 3259 st
1568 3190 1758 3262 immediate
1773 3215 1812 3261 er
1826 3190 1913 3285 juslo
1927 3194 1989 3263 im·
2064 3255 2067 3260 .

510 3294 709 3395 pedimento
730 3312 906 3361 occurrere
921 3283 1001 3355 forti
1017 3287 1138 3355 auxilio
1162 3308 1226 3352 non
1250 3307 1462 3377 poterant,a
1490 3282 1521 3354 se
1544 3285 1731 3357 Advocatos
1756 3286 1987 3380 protectorios

510 3390 754 3482 esllsgrtorent,
776 3410 860 3481 quos
878 3386 977 3453 etiam
995 3378 1090 3452 facile
1113 3380 1347 3474 impetrabant.
1398 3379 1517 3454 'l'estes
1541 3381 1639 3471 huius
1656 3386 1706 3456 rei
1729 3383 1801 3456 sunt
1821 3385 1990 3480 capitula·

511 3493 605 3563 rium
629 3486 724 3570 libri,
744 3507 887 3580 quorum
906 3483 1012 3572 7timo
1027 3484 1071 3549 ita
1088 3477 1259 3549 statuitur:

553 3621 617 3689 Pro
636 3615 844 3679 Ecclesnrnrn
870 3612 968 3676 causis
985 3631 1022 3673 ac
1044 3610 1302 3686 necessitatibus,
1325 3617 1421 3693 etque
1445 3607 1610 3673 servornm
1635 3608 1696 3673 Dei
1721 3619 1913 3676 executores
1931 3614 1987 3678 vel

628 3699 791 3764 Advocati
808 3698 858 3759 seu
879 3694 1084 3767 Defensores,
1104 3696 1231 3777 quoties
1252 3692 1414 3757 necessitas
1436 3693 1609 3775 ingruerit,
1629 3713 1648 3753 s
1667 3691 1809 3776 Principe
1824 3695 1987 3776 postulen-

630 3780 753 3927 {1331
767 3783 804 3842 ab
823 3799 863 3843 eo
879 3777 1014 3842 fideliter
1030 3794 1124 3862 atque
1143 3779 1276 3842 libenter
1289 3776 1383 3858 juxta
1408 3775 1584 3840 canonicas
1609 3774 1797 3840 Santtiones
1820 3773 1989 3842 fidelissimi

513 3960 665 4079 ldipsum
679 3982 748 4075 jem
771 3980 980 4077 precedente
1001 3984 1052 4053 sib·
1069 4008 1103 4065 5.
1125 4005 1186 4077 cop.
1206 4007 1261 4070 3³·
1296 3978 1435 4051 Carolus
1452 3981 1540 4077 lmp.
1558 3978 1769 4090 oitlinavernr
1784 3977 1915 4052 dicens:

557 4113 746 4181 Defensores
763 4112 969 4176 Ecclesrarum
984 4113 1131 4178 adversus
1154 4114 1331 4197 potentiam
1354 4111 1547 4178 secularium
1565 4112 1618 4177 vel
1638 4111 1774 4174 divitum
1794 4111 1833 4174 eb
1849 4110 1989 4197 Impera·
2073 4103 2082 4150 '·
2109 4089 2113 4100 ’

632 4211 702 4259 tore
718 4198 787 4258 sunt
811 4197 967 4278 poscendi.

630 4336 692 4407 Xl.
717 4340 869 4408 Fuerunt
889 4361 955 4407 non
970 4336 1065 4432 pauci
1083 4329 1294 4416 fundatores,
1317 4333 1439 4431 quibus
1456 4357 1515 4404 nec
1529 4332 1676 4411 animus,
1697 4353 1757 4403 ner
1773 4332 1862 4404 vires
1876 4328 1988 4407 desen·

517 4431 618 4508 bonis
635 4434 788 4515 deerant,
813 4439 870 4530 qui
890 4433 1107 4505 advocatiam
1134 4430 1371 4525 protetlionis,
1396 4431 1483 4528 salvo
1503 4430 1580 4523 jure
1608 4429 1820 4506 Adrocsritio
1841 4434 1988 4527 Imp-:ra-

513 4535 618 4616 roris,
641 4539 673 4601 in
690 4531 845 4603 Ecclefias
861 4559 878 4602 a
896 4531 927 4604 se
944 4528 1098 4603 fundatas
1114 4528 1171 4600 fibi
1193 4526 1271 4625 ipsis
1287 4526 1513 4613 reservarunt,
1534 4527 1624 4623 quod
1644 4531 1852 4624 antiquarios
1871 4526 1989 4597 inslru·

513 4652 629 4711 ments
644 4631 759 4708 multis
785 4632 935 4711 edocent.
983 4634 1070 4706 Haes
1091 4627 1273 4707 Advocatio
1298 4627 1387 4696 haud
1409 4628 1578 4708 immerito
1599 4632 1762 4729 stigmarit
1784 4625 1848 4699 dici
1869 4619 1988 4719 poteil.
2108 4681 2111 4686 ,

1226 4729 1395 4827 -Quss
1849 4721 1853 4728 “
1882 4724 1988 4801 tures
