5017 5592
506 651 576 760 με
941 627 1546 720 urssuurntro‘

503 823 585 896 tudo
607 820 669 921 (nn
689 848 755 898 non
780 823 980 919 corruptelae
1003 850 1125 898 nomen
1145 847 1334 907 merentur,
1357 826 1411 897 alii
1429 824 1630 922 dijudicent)
1651 823 1831 897 dimnnerit
1845 845 1883 894 er
1900 820 1981 919 jure

502 923 654 1016 regeliae,
675 922 765 1020 quod
781 946 937 1016 esaetate
956 921 1090 997 celires
1114 924 1257 996 necdum
1278 923 1480 997 dimiserant.

542 1089 579 1169 a)
603 1085 760 1151 Henricus
777 1085 833 1155 lv.
851 1092 930 1185 apud
945 1091 1100 1154 Ottoncm
1122 1088 1343 1174 Frilingensem
1366 1088 1481 1172 Episco
1503 1109 1556 1152 um
1578 1090 1660 1154 circa
1680 1108 1795 1153 annum
1814 1107 1905 1173 1105.
1922 1107 1985 1190 pro

615 1169 753 1252 quodam
768 1173 911 1275 precibus
928 1175 1114 1293 inteacplsat,
1143 1173 1299 1273 referente
1310 1172 1462 1272 G.⁰.¹d¹st⁰
1473 1111 1568 1237 som.
1588 1172 1613 1237 1.
1638 1172 1808 1272 constitut.
1824 1173 1985 1272 imperial:

614 1254 1185 1409 illusistis,,lt-,ilfi
1201 1256 1986 1420 uu5¹‘lu2255i22l0523litii'liubit

613 1413 824 1514 beneficium,
853 1423 974 1519 quoda
995 1431 1028 1482 te
1052 1419 1210 1520 postulat,
1237 1424 1509 1493 animadvertens,
1546 1421 1632 1502 quod
1653 1421 1752 1482 modo
1768 1438 1830 1518 noe
1845 1420 1984 1519 prosena

590 1500 1986 1659 .lusistislusistisliii,tilisciuitatis?iustitiis'tii

615 1665 725 1727 multis
736 1678 868 1744 oportet
886 1686 946 1729 nos
959 1680 992 1729 te
1005 1686 1118 1751 rogare
1132 1667 1238 1739 aliter,
1270 1688 1362 1749 quam
1381 1667 1588 1739 vellemus„
1642 1665 1694 1729 Ex
1709 1669 1822 1749 quibus
1839 1669 1986 1750 quredam

617 1748 753 1808 emicant
766 1746 819 1809 hic
830 1749 1046 1812 observanda:
1068 1749 1090 1813 l.
1106 1747 1183 1812 Pure
1203 1753 1474 1813 commendatitiae
1489 1762 1576 1812 erent
1593 1748 1643 1810 hae
1657 1751 1775 1822 iiterae,
1799 1769 1858 1812 nec
1869 1762 1907 1812 ut
1923 1749 1986 1812 ho-

615 1828 668 1889 die
685 1830 864 1892 mandatnm
880 1832 1112 1903 involverunt,
1136 1833 1365 1913 consequenter
1379 1834 1559 1895 obedientia
1573 1833 1682 1900 abeo,
1706 1833 1743 1892 ad
1759 1849 1851 1911 quem
1866 1834 1926 1895 diti
1953 1852 1988 1895 e·
2002 1843 2020 1864 ·

615 1910 746 1983 bantur,
767 1914 936 1991 praeslanda
956 1934 1020 1975 non
1036 1925 1113 1978 erat.
1147 1914 1188 1980 11.
1203 1915 1296 1995 Saepe
1310 1916 1537 1999 imperatores,
1551 1915 1590 1975 ed
1604 1911 1839 1978 confirmandos
1853 1916 1886 1976 iu
1901 1851 1985 1977 lise·

616 1989 752 2056 litate&
765 1994 917 2077 obsequio
931 1995 1074 2079 sequaces
1089 1996 1179 2066 suos,
1204 2018 1313 2079 preces
1330 2001 1366 2060 ad
1385 1996 1501 2079 Episco
1524 2017 1561 2058 os
1577 2011 1808 2078 porrexerunt,
1834 1996 1925 2060 fieuti
1948 2000 1989 2059 ad

615 2072 681 2136 hoc
697 2076 868 2139 remedium
885 2077 1074 2159 confugerat
1087 2078 1241 2142 Henricus
1256 2079 1312 2146 lV.
1330 2083 1362 2143 in
1384 2091 1476 2142 tanto
1496 2019 1703 2143 discriminine
1719 2078 1911 2143 constitutus
1925 2075 1988 2144 111.

616 2153 865 2221 Praelnmendum
882 2161 949 2230 est,
973 2160 1042 2243 post
1062 2161 1186 2243 pscium
1206 2161 1411 2224 Cellixtinuan
1426 2161 1513 2223 usum
1529 2179 1656 2242 precum
1671 2161 1893 2235 caesarearum,
1913 2179 1990 2224 cum

616 2235 866 2401 quqcbctessqrspe
884 2244 1010 2308 Henrici
1025 2242 1180 2307 consimili
1195 2244 1262 2307 sere
1281 2247 1312 2307 in
1334 2244 1473 2329 procella
1494 2242 1701 2316 flusluarent,
1733 2246 1835 2325 magis
1855 2243 1989 2327 saepius·

664 2342 683 2383 e
754 2342 818 2386 rnur
844 2345 871 2389 e.

544 2439 579 2525 b)
601 2438 706 2505 Abbes
719 2440 749 2505 S.
767 2442 905 2505 lllemrnii
920 2442 1000 2524 apud
1013 2440 1218 2504 catalaunum
1226 2486 1237 2524 ,Ι
1263 2451 1300 2507 ut
1318 2444 1428 2524 nepoti
1450 2441 1506 2505 suo
1517 2442 1644 2505 daretur
1660 2439 1825 2521 prrebenda
1841 2439 1993 2521 ejusdem

400 2594 402 2598 ¹
617 2522 851 2586 catalaunensis
864 2524 1029 2597 Ecclefiae,
1051 2523 1149 2603 Regis
1167 2523 1279 2587 Galliae
1293 2525 1451 2587 Ludovici
1466 2524 1539 2592 Vll.
1555 2525 1662 2586 literas
1676 2521 1844 2604 aceepitad
1856 2521 1992 2605 Episco-

490 2625 492 2630 ·
616 2624 692 2687 pum
706 2605 860 2678 electum,
883 2605 1047 2669 Decanum
1062 2604 1095 2667 dr
1112 2606 1314 2688 Capitulum,
1333 2627 1444 2669 verum
1462 2628 1534 2669 cum
1558 2603 1662 2668 selebi
1678 2617 1899 2688 opponerent,
1921 2603 1990 2669 Re·

468 2723 476 2730 -
643 2687 758 2751 'etiam
778 2687 890 2762 suasit,
908 2701 944 2750 ut
959 2709 1000 2752 ne
1012 2686 1244 2751 causationibus
1259 2689 1485 2770 acquiesceret,
1514 2689 1567 2750 vel
1589 2688 1907 2768 tergiversationibus
1933 2708 1989 2750 ce·

617 2705 728 2840 deret,
752 2768 800 2833 sed
815 2774 901 2854 regia
922 2781 957 2832 ut
973 2770 1129 2852 potestate
1146 2781 1310 2841 uteretur,
1335 2770 1542 2852 scriberetque
1556 2768 1806 2851 llletropolltano
1825 2768 1990 2846 Remenli,

618 2861 657 2913 ut
671 2853 868 2934 praebendam
886 2853 1015 2934 ipsemet
1032 2852 1208 2924 consestet3
1233 2853 1316 2914 unde
1330 2853 1448 2934 liquet,
1482 2873 1574 2934 quam
1596 2871 1661 2913 non
1679 2849 1746 2913 sere
1760 2852 1901 2934 potuerit
1920 2869 1991 2928 pon

618 2933 788 3014 aliquando
804 2931 925 3013 Regum
940 2934 1117 2998 humanitas
1135 2933 1168 2996 dr
1179 2935 1345 2997 clementia
1355 2934 1578 2998 circumveniri
1591 2933 1755 3015 prteliigiis
1770 2933 1993 3014 praelatorum,

617 3015 794 3079 carnalibus
807 3016 970 3081 affectibus
986 3018 1058 3099 plue
1073 3035 1169 3098 :quo
1184 3018 1435 3099 indulgentium,
1472 3017 1506 3081 dt
1520 3037 1555 3080 ea
1568 3027 1637 3079 tum
1657 3016 1689 3077 in
1705 3015 1786 3078 alios
1800 3015 1990 3080 cudentium

618 3098 763 3170 vincula,
786 3100 899 3180 quibus
917 3098 973 3243 ipsa
984 3100 1154 3180 aliqnando
1168 3101 1293 3161 tandem
1306 3097 1597 3180 illaquearentur&
1611 3096 1861 3178 ingemiscerent.
1877 3095 1990 3172 “Nili,

618 3179 927 3329 surtinus
939 3181 1708 3330 russulisesurissent

618 3341 899 3426 supplicationibus
918 3345 980 3408 sola
999 3347 1195 3410 euthoritate
1210 3285 1317 3408 vestas
1334 3287 1581 3431 seceteppoiestis
1594 3341 1628 3407 dt
1643 3281 1820 3415 debgtis.p„
1859 3337 1912 3407 lta
1938 3363 1992 3410 re·

617 3423 681 3489 fert
702 3427 750 3489 Dn
765 3427 884 3492 Chesne
894 3427 991 3493 Tom.
1010 3426 1066 3494 lV.
1087 3427 1202 3491 Histoe.
1222 3426 1329 3492 Faanc.
1349 3450 1378 3510 p.
1393 3429 1464 3512 ⁶69.
1476 3448 1548 3515 504.
1564 3429 1595 3491 in
1615 3426 1716 3490 Gallis
1727 3425 1830 3507 Reges
1838 3426 1905 3508 jam
1917 3443 1993 3512 pre·

618 3510 708 3572 cibus
725 3529 828 3590 praece
850 3521 881 3573 ta
900 3503 1077 3593 adjunxisse
1101 3510 1218 3574 Secnlo
1234 3508 1306 3572 ΧΠ.
1325 3532 1368 3574 ex
1392 3512 1491 3575 literis
1514 3510 1690 3574 Hildebertl
1710 3506 1903 3572 Turonensis
1922 3511 1990 3572 Aa»

619 3593 808 3677 chlepiscopi
828 3531 1050 3658 'd'homaffinm
1082 3591 1162 3657 Part.
1184 3591 1222 3655 ll.
1240 3591 1312 3655 Vet.
1328 3593 1362 3655 dr
1378 3593 1464 3658 Nou.
1479 3592 1598 3673 discipl.
1623 3591 1689 3654 Lib.
1714 3589 1738 3654 l.
1752 3611 1819 3674 esp.
1841 3589 1928 3657 LlV.
1976 3635 1989 3658 .

617 3673 674 3740 lv.
695 3679 817 3756 probat.
832 3680 885 3759 qui
907 3678 1046 3760 sequenti
1058 3676 1092 3757 §-
1107 3675 1209 3739 asserit
1226 3678 1257 3738 in
1273 3678 1387 3757 Anglin
1404 3697 1421 3738 a
1438 3678 1576 3758 Regibus
1598 3685 1665 3736 turn
1681 3691 1783 3736 metas
1795 3691 1905 3756 preces
1928 3697 1948 3736 e
1971 3693 1995 3739 e

618 3758 796 3830 adbibitus,
815 3760 1044 3838 &exemplum
1060 3775 1138 3822 nota
1159 3760 1290 3839 dignum
1304 3761 1430 3823 adducit
1450 3765 1490 3822 de
1510 3758 1649 3838 lingone
1672 3754 1884 3820 Lincolnienst
1896 3751 1990 3841 Epis·

619 3860 726 3922 copo,
746 3860 840 3924 aquo
857 3862 927 3906 cum
941 3842 1010 3905 Rex
1023 3842 1220 3926 praebendnm
1233 3852 1402 3905 vacentem
1421 3837 1605 3923 flagitasset.
1636 3839 1790 3920 intrepida
1807 3837 1922 3904 fiducia
1941 3856 1994 3904 re·

617 3923 764 4001 spondit:
797 3932 817 3961 ⁸⁴
836 3923 908 3985 Non
930 3924 1060 3990 sulicis,
1098 3926 1147 3986 sed
1162 3925 1270 4005 potius
1293 3924 1508 3988 ecclesiasticis
1529 3919 1670 4006 personis
1693 3919 1899 3984 ecciefiastica
1919 3915 2002 3985 suut·

620 4006 813 4071 conserenda
826 4005 999 4069 beneficia:
1022 4005 1117 4068 habet
1136 4006 1293 4068 Dominus
1308 4003 1395 4078 Rex,
1418 4009 1501 4071 unde
1521 4005 1637 4067 tribnat
1656 4004 1832 4066 mercedem
1852 4001 1997 4068 servien-

618 4091 705 4153 tibus
718 4090 772 4154 l'tbi
781 4132 791 4160 ,
811 4110 870 4153 nec
881 4091 975 4152 debet
989 4087 1109 4150 summo
1126 4088 1204 4167 Regi
1219 4086 1408 4151 famulantes
1429 4093 1555 4172 private
1569 4086 1782 4166 proventibus
1797 4084 1858 4149 suis
1868 4129 1878 4160 ,
1889 4097 1930 4150 ut
1942 4075 2006 4150 iac-⁸

618 4172 660 4234 de
675 4173 773 4236 servis
793 4171 855 4234 suia
873 4172 1035 4255 provideri
1048 4170 1156 4253 poscet
1173 4190 1190 4230 n
1211 4172 1315 4234 nobis.
1330 4213 1351 4242 „
1389 4170 1424 4234 ld
1439 4172 1535 4236 refert
1550 4170 1704 4233 Batonius
1724 4169 1761 4228 ad
1783 4188 1832 4233 en.
1854 4168 1944 4244 118⁶·
1958 4187 1994 4235 u,

619 4264 668 4328 18.
710 4254 820 4318 Sunius
833 4257 885 4319 die
897 4276 944 4340 17·
961 4253 1119 4319 Novemb.
1137 4273 1168 4315 n.
1182 4271 1230 4318 11.
1263 4252 1464 4335 indignatio,
1488 4267 1524 4318 nt
1537 4251 1670 4326 assolet,
1693 4251 1797 4330 primo
1812 4250 1996 4333 Regiani·

619 4354 707 4399 mum
722 4336 852 4481 inpalit,
872 4350 907 4402 at
924 4339 978 4405 ubi
992 4335 1183 4422 Episcopum
1205 4336 1324 4411 audiit,
1346 4337 1467 4402 inceffit
1487 4336 1654 4402 admiratio
1669 4333 1704 4396 dr
1717 4333 1854 4398 ebaritas
1872 4336 1906 4398 in
1918 4351 1996 4400 eum

626 4433 749 4503 paopen
774 4436 823 4482 or.

548 4537 582 4628 e)
599 4536 638 4607 Id
655 4534 777 4599 constat
796 4533 1004 4599 deLothario
1022 4536 1154 4601 Saxone
1179 4483 1376 4601 investiturae
1392 4534 1621 4599 restitutionem
1646 4545 1781 4614 urgente
1798 4529 1879 4680 apud
1892 4525 1995 4592 Inno-

582 4655 585 4660 ·
626 4619 766 4684 centium
780 4616 821 4682 ll.
837 4617 1023 4681 Pontificem
1043 4619 1487 4699 vid.Baron.enn.1131.n.
1510 4638 1539 4699 7.
1573 4615 1682 4678 Pseffin
1708 4634 1741 4676 ea
1754 4616 1785 4678 in
1836 4609 1998 4678 itriar.ll·

624 4700 747 4771 lustrat.
765 4699 834 4769 Lib.
850 4699 877 4768 I.
892 4698 960 4769 itt
976 4700 1017 4770 V.
1030 4701 1065 4766 in
1081 4704 1150 4767 vite
1167 4699 1313 4767 Lotharii
1332 4722 1364 4787 p.
1377 4685 1450 4784 {64
1474 4700 1615 4766 martene
1638 4696 1673 4761 dt
1774 4699 1826 4765 nd,
1848 4689 2000 4846 Tir'fliss
