5017 5592
599 585 704 772 μ’
783 673 786 680 -
1051 579 1627 746 ntssrnrarto

719 840 782 912 111.
806 832 965 929 Princeps
983 833 1144 916 vetando,
1164 857 1206 903 ne
1221 827 1363 904 Ecclesia
1379 831 1548 924 acquirat,
1572 845 1752 925 extorquet
1766 827 1822 902 illi
1839 827 2087 928 privilegium

599 943 677 1040 jure
693 960 817 1010 nature
832 932 865 1004 dt
883 935 1033 1023 gentium
1048 928 1253 1011 concellum,
1282 933 1314 1000 vi
1331 928 1426 1023 eujus
1442 929 1619 1022 acquirere
1631 923 1824 1000 concessum
1840 926 1892 1001 est
1914 931 2039 1002 civium
2050 935 2090 1004 io·

601 1039 685 1116 fimo
749 1035 834 1105 Rdet
853 1035 950 1104 Doti.
964 1032 1108 1105 Glettle:
1136 1029 1234 1101 Nihil
1253 1055 1314 1126 per
1329 1023 1486 1100 statutum
1501 1026 1763 1098 amortizttionis
1777 1025 1925 1100 detrahi
1942 1027 2089 1114 Ecclelie,

601 1141 694 1236 quod
711 1131 769 1229 ipsi
787 1129 833 1202 eil
862 1155 1039 1224 proprium
1081 1128 1136 1201 sed
1162 1154 1289 1199 tantum
1312 1153 1378 1198 non
1401 1127 1642 1197 communicari
1663 1123 1717 1208 id,
1742 1125 1842 1222 quod
1859 1123 1914 1198 eti
1936 1126 2088 1211 alienum,

601 1236 705 1330 idque
723 1233 843 1300 intuitu
861 1226 969 1297 salutis
990 1228 1142 1323 publicae.
1202 1235 1246 1298 At
1261 1225 1283 1298 st
1298 1222 1498 1297 Adversario
1515 1227 1548 1294 in
1564 1249 1602 1296 ea
1616 1225 1770 1305 civitate,
1788 1223 1852 1295 ubi
1868 1225 1962 1298 ciris
1975 1221 2086 1302 esset&

601 1341 739 1430 quidem
756 1330 896 1399 eximius
912 1352 987 1395 cum
1007 1329 1243 1419 praerogativa,
1272 1347 1410 1418 repente
1426 1318 1566 1392 facultas
1584 1321 1793 1393 adimeretur
1813 1323 1960 1396 emendi
1982 1327 2085 1398 immo·

600 1428 699 1503 bilta,
727 1452 762 1496 ut
781 1423 901 1516 reliqui
916 1431 1022 1502 circs3
1048 1447 1104 1493 urit
1122 1449 1159 1492 ex
1178 1421 1374 1493 testamento
1395 1422 1558 1518 predium
1574 1427 1727 1516 opimum
1739 1421 1929 1514 capiendi,
1953 1445 1996 1492 cn
2012 1421 2085 1496 niltil

599 1524 658 1599 fibi
677 1527 812 1616 decerpi
829 1525 1053 1614 quereretur?
1078 1519 1201 1592 Forsan
1222 1522 1252 1592 dr
1271 1520 1342 1591 vela
1360 1519 1391 1590 dt
1416 1517 1517 1591 rerba
1535 1540 1690 1590 verteret.
1739 1516 1976 1613 Exsculperct
1992 1521 2086 1594 uode·

600 1647 733 1715 cunque
750 1621 885 1690 demum
905 1616 1056 1688 subtilem
1074 1623 1239 1711 quandem
1260 1621 1446 1700 rationem,
1469 1640 1536 1712 qua
1550 1613 1660 1687 casum
1680 1614 1772 1688 hunc
1791 1619 1888 1687 iuter
1903 1641 2085 1716 exceptore

599 1719 674 1812 lege
689 1713 843 1789 refer-ret.
896 1721 1012 1809 ltaque
1032 1716 1105 1806 plus
1122 1717 1220 1785 habet
1235 1716 1298 1786 hoc
1316 1716 1421 1786 telum
1436 1716 1616 1795 acuminis,
1642 1737 1743 1809 quam
1766 1710 1980 1798 soliditatis,
2003 1716 2083 1790 driu

600 1815 634 1892 se
651 1814 723 1912 ipso
739 1809 946 1906 infringitur.
996 1819 1008 1881 l
1013 1811 1071 1909 pse
1088 1809 1227 1884 Peckius
1243 1809 1402 1906 frigidam
1417 1812 1502 1884 itanc
1523 1809 1723 1883 solutionem
1744 1813 1904 1908 respuit,
1932 1837 2031 1910 quam
2042 1809 2082 1886 ft·

599 1937 693 1989 tetur
707 1941 754 1982 net
775 1918 891 1986 Feltria,
920 1933 972 1979 net
990 1915 1157 1992 Fridtritr,
1182 1935 1278 2004 reque
1294 1911 1460 2003 Caffanet,
1480 1934 1533 1980 rret
1547 1915 1675 1982 Bartrlr
1693 1911 1754 1984 &a
1769 1911 1923 2004 placasse
1932 1965 1949 2006 ,1
1968 1937 2019 1984 stt
2033 1912 2080 1992 dii

598 2018 738 2108 placere:
760 2007 880 2079 Addit:
906 2011 973 2099 quis
991 2008 1120 2098 Etrlestae
1135 2015 1211 2080 tristis
1226 2014 1348 2080 detrahi
1369 2013 1556 2088 arbitretur,
1584 2013 1631 2088 cei
1650 2007 1780 2100 paredas
1801 2015 1993 2101 acqrtrrertdi
2009 2061 2020 2084 .
2039 2058 2079 2082 ..

602 2114 637 2186 td
647 2114 700 2202 jus
719 2127 931 2178 commaneret
948 2106 1058 2198 legibus
1072 2107 1222 2196 qaaſstrrrt
1236 2111 1387 2200 eripitur!
1411 2105 1591 2197 indignum
1604 2103 1668 2184 esi,
1692 2107 1798 2176 Viros
1813 2101 2026 2180 dociiffimos
2038 2107 2080 2180 lu·

601 2207 682 2278 dere
705 2209 737 2274 in
760 2201 870 2275 verbis
886 2217 930 2272 ‘tc
950 2201 1247 2288 dislinsliuuculis,
1280 2229 1355 2298 quae
1377 2228 1439 2298 pet
1462 2201 1589 2274 scholas
1603 2204 1761 2285 volitent,
1789 2203 1825 2274 dr
1849 2201 1898 2274 alt
1912 2202 1991 2298 ipsis
2004 2201 2083 2278 filu·

600 2303 738 2374 diuntur
754 2302 786 2370 in
805 2298 881 2370 soro
891 2300 1049 2380 Politico,
1068 2300 1122 2372 hic
1136 2325 1246 2375 tamen
1254 2297 1626 2394 inmateriagrsvisstmc
1633 2301 1848 2398 arripiuntur
1863 2301 2082 2402 inslerclypei

600 2397 767 2473 Hesiotei
780 2421 895 2469 contra
910 2398 1123 2490 Theologos.

716 2595 779 2664 lv.
807 2591 997 2664 Concilium
1008 2592 1108 2664 Trid.
1125 2587 1202 2665 Sess.
1219 2617 1276 2680 ²5·
1290 2589 1332 2663 de
1353 2587 1417 2663 res.
1433 2617 1462 2665 c.
1481 2618 1539 2666 ro.
1559 2590 1680 2666 diserte
1701 2587 1813 2664 riserit
1828 2593 2077 2668 immunitatem

597 2686 856 2764 Ecclefiadicam
878 2687 942 2763 esse
958 2695 1040 2782 jutis
1058 2696 1175 2763 divini.
1223 2695 1351 2762 Faverit
1371 2690 1446 2783 jura
1464 2694 1630 2762 Canonica
1650 2693 1683 2762 in
1708 2716 1736 2762 c.
1755 2698 1833 2783 qaia
1846 2698 1990 2786 narrandi
2011 2719 2037 2762 t.
2050 2715 2075 2766 c.

599 2794 722 2862 clericis
733 2815 764 2881 3.
780 2792 813 2858 in
831 2796 896 2860 6.c
925 2814 982 2859 rtrrr
996 2794 1092 2859 rnirrttr
1107 2814 1140 2875 4.
1160 2788 1235 2859 dcc.
1252 2789 1401 2879 adversat
1417 2814 1445 2857 t.
1461 2790 1568 2860 Clem.
1584 2815 1639 2859 un.
1657 2795 1692 2858 de
1704 2795 1867 2864 imrrrtrrrt't.
1885 2815 1917 2863 c.
1933 2815 2000 2862 crrrrr
2011 2795 2076 2864 tsi·

597 2892 639 2959 cir
658 2913 711 2958 tr.
730 2888 771 2957 de
792 2886 891 2956 rebus
910 2887 997 2956 Eccl.
1019 2885 1115 2956 alien.
1132 2911 1159 2959 c.
1179 2892 1313 2957 noverit.
1333 2900 1392 2979 49.
1418 2885 1459 2954 dc
1482 2890 1570 2956 Setrr.
1594 2911 1719 2956 excom.
1743 2911 1773 2956 c.
1797 2912 1982 2979 quanquam
1994 2885 2075 2973 4.de

596 2982 744 3055 censibus
758 2986 792 3051 in
808 2993 839 3053 6.
856 3009 883 3052 c.
905 3011 931 3051 t.
951 2988 988 3051 Χ.
1004 2982 1044 3050 dc
1060 2982 1175 3053 cenfib.
1189 2982 1299 3075 quod,
1322 3008 1357 3052 ut
1377 3008 1468 3052 notat
1486 2984 1680 3054 Emmanuel
1698 2984 1896 3066 Gonzalez,
1924 3011 1965 3054 cr
1980 2989 2074 3057 cmc.

598 3077 844 3152 Guarmatieoli
870 3077 923 3148 scu
947 3077 1179 3148 Wormeticnst
1202 3081 1414 3173 desumptum
1437 3077 1500 3158 est,
1528 3081 1691 3174 &cujum
1717 3077 1798 3152 teile
1817 3082 1966 3154 Baluzio
1984 3101 2070 3152 autor

595 3174 641 3248 csl
659 3174 800 3246 Carolus
823 3180 873 3245 M.
888 3200 926 3244 cx
946 3175 1039 3268 cujus
1062 3175 1300 3270 capitularibus
1323 3175 1510 3247 recensetur
1528 3204 1545 3248 a
1561 3181 1733 3270 Reginone
1747 3177 1769 3248 l.
1791 3207 1826 3251 t.
1846 3203 1882 3254 c.
1901 3206 1960 3267 24.
1973 3204 2003 3252 c.
2019 3203 2070 3272 23.

595 3273 723 3368 dejure
740 3277 872 3348 Patron.
891 3271 946 3342 ubi
964 3278 1173 3348 Advocati&
1194 3281 1377 3348 Vrtedrmitrt
1391 3276 1614 3369 prohibentur
1628 3280 1665 3345 ab
1682 3276 1811 3356 Ertlrfir
1830 3281 2013 3348 Patrmu
2026 3301 2073 3348 err·

593 3373 808 3466 igereftdrrtm
824 3368 842 3454 (
854 3369 1030 3466 pabulum:
1067 3369 1214 3466 ssttttct)
1241 3375 1426 3465 aldttgarias
1457 3373 1556 3462 (alltc
1571 3371 1729 3468 ,berleta
1757 3371 1814 3446 seu
1835 3399 1929 3446 onus
1943 3371 2070 3470 hospitii

593 3468 793 3566 prehendi)
816 3468 845 3537 dt
870 3494 1000 3561 regrum,
1024 3470 1114 3561 quod
1135 3471 1279 3562 Zypaeus
1302 3471 1445 3566 explieat
1466 3471 1507 3538 de
1526 3470 1674 3566 expensis
1699 3469 1907 3544 militaribus
1943 3493 1986 3559 tp.
2004 3473 2066 3542 Hic

591 3563 784 3638 Adversarii
809 3564 1001 3636 scinduntur
1023 3567 1199 3636 indiverso
1222 3566 1347 3647 sludta,
1372 3567 1446 3637 aliis
1463 3568 1559 3637 aliter
1584 3567 1811 3639 sentientibus.
1852 3570 1929 3642 Alii
1952 3587 2066 3662 negent

590 3662 768 3752 ¹Ecclesiam
792 3662 976 3757 quidquam
1001 3661 1141 3734 llatttere
1164 3661 1253 3759 posse
1276 3664 1317 3734 tle
1347 3663 1441 3734 bonts
1464 3669 1662 3749 Lricorum;
1696 3663 1819 3760 quibus
1839 3670 2064 3763 opponimus:

591 3765 663 3833 Cur
676 3785 758 3852 ergo
771 3764 928 3853 Princeps
945 3763 1101 3831 Politicus
1118 3761 1158 3831 de
1174 3762 1404 3854 privilegiis&
1420 3760 1550 3857 juribus
1567 3759 1809 3836 Ecclcstarum?
1833 3767 1911 3836 Alii
1926 3763 2063 3864 capitulo

440 3885 467 3942 ἡ
589 3861 687 3932 citata
707 3859 797 3953 ajunt
814 3883 878 3928 non
892 3854 954 3928 esse
976 3859 1014 3926 ad
1034 3884 1115 3928 tem.
1167 3864 1250 3929 Non
1272 3866 1361 3930 enim
1386 3885 1447 3956 per
1463 3865 1588 3953 Legem
1608 3863 1874 3933 amortizationis
1899 3861 1986 3935 bona
2000 3883 2062 3957 Jatu

589 3957 744 4052 acquisita
759 3979 999 4046 extorquentur
1017 3953 1182 4037 Ecclefiis,
1205 3958 1246 4028 de
1260 3982 1329 4051 quo
1342 3982 1370 4030 c.
1384 3965 1454 4050 quia
1464 3965 1564 4030 Latris
1579 3960 1636 4030 cit.
1653 3983 1713 4031 nec
1727 3963 1956 4052 imponuntur
1970 3963 2060 4032 tallie

589 4053 621 4124 dt
638 4053 801 4124 colleilae.
832 4054 872 4123 de
888 4079 955 4149 quo
970 4082 998 4126 c.
1019 4064 1176 4126 Clertcttc
1202 4081 1260 4124 nort
1274 4062 1382 4126 minas.
1400 4080 1427 4126 c.
1445 4080 1626 4147 quanquam.
1643 4081 1670 4128 e
1682 4057 1851 4146 adversus,
1872 4083 1936 4131 nec
1951 4062 2061 4130 immu·

588 4154 673 4220 nitas
690 4149 908 4222 Ecclefiallica
925 4155 957 4220 in
973 4154 1063 4221 litem
1081 4175 1233 4230 voratur,
1256 4151 1297 4220 dc
1314 4178 1381 4247 quo
1398 4154 1504 4224 Clcm.
1521 4179 1576 4224 un.
1593 4153 1664 4224 dic.
1681 4176 1806 4224 novem
1824 4157 1886 4226 cit.
1912 4157 1977 4229 Sed
1988 4177 2060 4250 pro·

586 4244 741 4329 hibetur,
768 4274 808 4317 nc
826 4247 964 4318 Ecclcfia
983 4247 1118 4318 ditescat
1132 4274 1207 4318 cum
1225 4250 1346 4318 damno
1362 4251 1447 4344 reip.
1498 4253 1673 4328 Fatemur,
1699 4275 1765 4320 non
1786 4256 1925 4337 omnia,
1976 4274 2059 4324 uter

587 4345 771 4414 Cattonislis
789 4347 871 4414 lianc
887 4350 1003 4414 intem
1020 4370 1180 4423 ertantur,
1205 4348 1351 4439 capitula
1369 4351 1441 4441 peti
1458 4342 1617 4418 felicitate
1631 4346 1671 4418 ad
1687 4348 1770 4418 hanc
1785 4279 1993 4446 hypothesin
2006 4374 2058 4446 tp·

583 4440 702 4537 plicari
722 4437 820 4535 posse.
872 4443 934 4513 Sed
953 4440 1141 4514 Adversarii
1162 4470 1226 4514 non
1243 4445 1460 4515 declinantes
1477 4466 1549 4514 toto
1566 4447 1631 4514 rim
1647 4452 1846 4536 argumenti.
1903 4450 2057 4519 lmmuni·

585 4561 634 4608 tas
657 4545 745 4608 enim
772 4538 919 4608 Ecclesiae
942 4544 1053 4611 omnia
1072 4541 1164 4635 jura,
1191 4545 1427 4637 praerogativas
1451 4540 1484 4612 dr
1505 4543 1680 4635 privilegia
1705 4541 1968 4638 compleiiitur,
1994 4537 2056 4616 dcli

582 4637 742 4734 Princeps
770 4633 839 4709 solo
864 4634 923 4709 lito
944 4663 1027 4712 nutu
1049 4664 1115 4713 non
1133 4637 1243 4738 potest
1263 4664 1318 4714 res
1332 4639 1373 4713 ab
1388 4638 1540 4715 Ecclestis
1563 4639 1633 4738 jam
1653 4660 1767 4739 pertas
1793 4666 1979 4726 revocare,
2002 4663 2058 4714 eur

1966 4736 2060 4842 poids
