5017 5592
464 588 536 710 oa
554 633 622 708 so
641 632 791 733 ouon
805 631 1008 728 Jusron
1026 627 1120 706 aar
1139 567 1698 715 ctttcnsortonnstnos.
1718 639 1786 719 nc.
1816 650 1891 744 679

410 839 480 914 qna
498 814 687 909 Principem
707 836 808 882 carere
824 810 881 883 srm
909 811 1018 898 liciter
1033 811 1211 886 admittere
1226 813 1379 892 videtur,
1402 817 1538 909 egregie
1559 839 1740 916 propterea
1761 821 1888 929 pressus
2022 867 2033 876 -

402 939 432 1022 ..a
447 917 486 989 Ρ.
504 912 593 993 sall,
622 905 856 983 confesstonem
880 915 926 981 tbi
941 913 1024 990 adeo
1041 908 1227 1008 proficuam
1243 915 1371 985 utiliter
1387 938 1588 1010 acceptante.

441 1043 445 1049 ’
532 1045 688 1141 implicat
703 1040 857 1141 profesio
874 1044 1022 1116 Clericus
1037 1045 1076 1115 ab
1090 1048 1181 1115 omni
1198 1069 1315 1116 amnrns
1332 1043 1490 1143 potestate
1507 1046 1559 1119 rel
1582 1047 1755 1144 Majellate
1777 1056 1891 1150 reipu·

408 1143 506 1218 blicae
521 1146 608 1215 circs
626 1144 781 1236 personas,
805 1168 872 1231 res,
902 1142 1076 1214 &adimes
1094 1148 1216 1215 cisium
1231 1146 1266 1214 in
1279 1143 1417 1216 salutem
1441 1142 1607 1237 publicam
1627 1149 1812 1222 eminenter
1827 1147 1893 1223 dis.

409 1266 578 1346 ponente,
603 1240 976 1337 exemptos,&ttmen
990 1266 1069 1313 vera
1085 1244 1226 1312 civitatis
1240 1239 1388 1312 membra
1405 1239 1485 1327 :lse3
1511 1240 1604 1327 sane,
1636 1242 1820 1318 stertrema
1834 1274 1893 1322 nea
1953 1317 1956 1322 .
2046 1311 2051 1321 .
2108 1321 2119 1334 ,,

410 1336 536 1416 cellitas
554 1339 703 1411 Clericus
720 1341 765 1410 ad
777 1363 868 1408 arma
887 1363 949 1433 pro
966 1343 1073 1435 patris
1091 1336 1295 1434 suscipienda
1308 1341 1482 1420 invitaret,
1503 1364 1569 1410 non
1581 1342 1773 1425 crederem,
1791 1346 1891 1417 Belli.

413 1440 516 1511 duces
533 1435 723 1508 consensum
739 1433 908 1507 Pontifiris
928 1434 1233 1532 praerequisttnros,
1261 1434 1315 1505 sed
1332 1437 1443 1532 potius
1462 1434 1586 1532 absque
1608 1442 1699 1509 omni
1718 1465 1814 1514 mora
1835 1443 1890 1517 vel
2020 1443 2032 1466 ⁶
2078 1445 2087 1458 ‘

408 1537 597 1610 nolentium
613 1535 823 1606 Clericorum
839 1534 989 1604 humeris
1002 1534 1219 1605 bombardam
1235 1532 1449 1629 imposituros
1464 1529 1557 1615 sore,
1582 1533 1615 1606 dt
1631 1534 1721 1609 reble
1734 1538 1889 1634 quidem,
1998 1529 2006 1540 ’

391 1641 393 1646 ’
411 1633 488 1707 sunt
506 1636 594 1705 enim
616 1630 767 1703 membra
786 1633 940 1702 civitatis.
990 1632 1092 1701 Nihil
1109 1631 1217 1702 dicam
1234 1629 1277 1701 de
1293 1631 1443 1702 moribus
1466 1635 1659 1723 Regnorum
1677 1638 1890 1731 quorundam

410 1736 514 1807 etiam
530 1730 781 1804 catholicorum
796 1754 826 1803 r.
842 1752 872 1821 g.
890 1728 1018 1811 Gallia,
1032 1729 1210 1810 Bohemia,
1226 1726 1285 1800 ubi
1299 1729 1420 1800 Clerici
1438 1755 1505 1801 non
1519 1753 1647 1802 tantum
1661 1734 1772 1828 quoad
1786 1734 1891 1808 auio·

407 1853 472 1902 nes
487 1833 600 1911 reales,
618 1824 785 1899 sedetiam
798 1828 967 1920 personales
977 1853 1016 1897 cx
1030 1834 1184 1899 contradita
1200 1825 1239 1895 ad
1253 1821 1368 1897 forum
1385 1827 1498 1900 laicale
1508 1824 1683 1904 assualiter
1697 1832 1892 1908 trahuntum

367 1977 372 1985 ·
408 1929 523 2002 Unica
538 1928 642 2021 igitur
655 1929 785 1997 ratione
801 1944 910 1995 totum
926 1927 1099 2017 negotium
1115 1924 1264 2021 expediri
1280 1921 1372 2022 polsc
1387 1925 1581 1999 crederem:

528 2057 623 2130 Salus
639 2055 770 2154 publica
786 2057 838 2129 lex
853 2053 899 2130 eil
915 2053 1068 2155 suprema
1084 2055 1248 2130 societatis
1265 2056 1382 2130 civilis.

527 2191 641 2264 Dei&
662 2191 841 2265 salvatoris
853 2189 978 2266 Chrilli
996 2193 1135 2274 Gloria,
1163 2190 1383 2266 &beatitudo
1403 2193 1590 2265 animarum
1609 2215 1752 2281 reterns,
1779 2197 1890 2275 lexell
2031 2221 2034 2225 ·

408 2287 567 2388 suprema
588 2287 749 2365 Ecclesiae.

2000 1717 2023 1764 N

527 2422 581 2496 nd
597 2446 778 2521 utrumque
789 2419 890 2496 finem
905 2427 999 2496 Deus
1012 2423 1184 2496 hominem
1200 2422 1301 2517 dirigi
1313 2422 1419 2497 voluit
1435 2447 1496 2521 per
1512 2423 1675 2498 diversam
1690 2425 1889 2524 potestatem
2004 2509 2010 2520 ,

379 2541 382 2546 “
408 2524 534 2598 civilem
551 2522 584 2594 dt
599 2525 803 2618 spiritualem,
829 2526 874 2594 ita
891 2524 1045 2620 quidem,
1066 2544 1102 2593 ut
1113 2546 1176 2594 una
1192 2520 1335 2619 potestas
1349 2525 1382 2592 in
1398 2526 1571 2594 materiam
1586 2525 1721 2596 alterius
1737 2528 1889 2602 involare

362 2653 365 2694 ι
384 2685 387 2690 .
408 2644 479 2693 nnn
493 2617 606 2716 podir,
622 2620 654 2691 ar
669 2623 820 2717 quamvis
834 2618 979 2693 libenter
993 2623 1184 2705 admittam,
1198 2617 1298 2692 finem
1314 2617 1520 2715 spiritualem
1533 2616 1596 2692 elle
1610 2619 1739 2694 infinite
1754 2624 1888 2717 dignio-

409 2740 485 2792 rem
502 2717 697 2812 temporali‚
719 2717 751 2788 ar
769 2717 856 2788 hunc
873 2718 921 2789 illi
938 2714 1000 2788 else
1014 2725 1075 2816 p‘er
1089 2713 1290 2789 indireiium
1306 2707 1574 2799 subordinatum,
1592 2718 1627 2789 id
1642 2740 1751 2791 tamen
1767 2745 1885 2814 proce·
2029 2741 2037 2754 ·

363 2885 367 2898 ,
410 2815 463 2888 dit
478 2818 575 2884 unice
594 2817 627 2883 in
644 2810 737 2895 casu,
764 2838 832 2911 qno
850 2811 1016 2887 necessitas
1033 2815 1108 2887 finis
1125 2813 1307 2911 spiritualis
1323 2815 1407 2887 hane
1423 2813 1729 2888 subordinationem
1747 2814 1887 2893 necelsa·

362 2903 369 3024 ζ
396 2915 466 2990 ,rio
480 2914 641 3008 requirit,
658 2914 703 2982 ita
719 2934 772 2992 ut,
788 2909 846 2983 nist
863 2911 1005 3010 potestas
1023 2909 1239 2987 Eccleliallica
1252 2913 1380 3012 aliquid
1394 2916 1481 2988 circa
1496 2913 1693 3012 temporalia
1708 2912 1888 3003 statueret,

406 3035 510 3108 gratu
531 3007 761 3103 prejudicium
780 3008 891 3082 salutis
913 3034 1043 3084 aeterne
1063 3008 1300 3101 consequendae
1323 3008 1582 3085 subverssretur.
1635 3010 1889 3089 Praescindendo

366 3085 371 3124 ¹
411 3106 454 3182 ab
476 3107 540 3179 lroc
562 3105 654 3187 casu,
688 3103 831 3180 firmiter
854 3105 977 3182 llatuo:
1010 3112 1180 3204 Principes
1204 3110 1386 3206 politicos,
1419 3107 1673 3183 constitutiones
1694 3113 1888 3198 canonicas,

363 3184 374 3282 l,
407 3207 583 3278 materiam
598 3201 733 3302 praecise
750 3206 973 3299 temporalem
991 3205 1234 3295 ingredientes,
1262 3207 1339 3278 licet
1354 3212 1387 3277 in
1405 3208 1470 3277 illis
1483 3207 1631 3278 decentia
1644 3208 1754 3304 aliqua
1762 3205 1887 3286 subesse

364 3285 379 3344 ·’‘
399 3300 582 3383 rideatur,
613 3327 678 3372 non
702 3323 829 3370 tantum
853 3325 919 3370 nott
942 3305 1094 3396 recipere
1123 3309 1247 3380 teneri,
1282 3299 1337 3372 sed
1361 3311 1462 3372 etiam
1482 3327 1633 3398 receptas
1656 3305 1822 3376 moderari
1847 3332 1885 3379 ae

362 3379 375 3428 '⁹
412 3399 533 3473 tollere
550 3396 653 3495 polle,
682 3397 703 3468 fi
725 3397 890 3488 eiusmodi
913 3398 1002 3490 leges
1018 3394 1252 3469 Eccleliellicas
1271 3400 1430 3468 haetenus
1451 3419 1603 3493 receptas
1629 3396 1687 3470 fini
1707 3404 1888 3496 temporali

362 3509 377 3566 a'
410 3500 557 3592 graviter
573 3496 791 3592 praejudicare
807 3513 868 3590 per
882 3500 1121 3592 experientiam
1137 3493 1427 3592 deprehendatur3
1451 3497 1570 3592 paucis
1581 3494 1702 3567 mults:
1729 3500 1886 3574 omnisin
1908 3515 1912 3522 '

362 3614 388 3664 a.
411 3598 568 3690 Rrincipe
584 3593 747 3675 seculari,
772 3618 832 3686 qna
855 3600 930 3675 tali,
956 3582 1107 3689 potellas
1122 3589 1327 3687 agnoscenda
1347 3590 1410 3674 cll,
1440 3619 1515 3689 quae
1539 3591 1578 3663 ad
1601 3590 1888 3671 conservationem

362 3684 377 3762 d
412 3691 560 3787 reipubl.
583 3695 785 3787 requiritur;
817 3689 1076 3785 consequenter,
1101 3689 1123 3763 st
1147 3692 1318 3788 exemptio
1339 3691 1547 3764 Clericalisa
1568 3688 1700 3762 tributis
1723 3693 1889 3779 realibus,

362 3805 376 3864 ,a
407 3787 562 3887 respeslu
584 3789 808 3859 immobilium
831 3794 960 3860 noviter
981 3789 1094 3860 saltem
1117 3787 1377 3882 acquisitorum,
1419 3787 1566 3860 subditos
1595 3788 1725 3860 laicales
1745 3793 1889 3864 nimium

362 3905 373 4010 ll
408 3910 614 3988 praegravet,
641 3885 730 3959 &stc
752 3888 925 3959 translatio
944 3888 1108 3959 bonorum
1123 3886 1287 3957 stabilium
1311 3893 1344 3957 in
1364 3898 1491 3960 Manna
1512 3909 1647 3957 mortuas
1668 3910 1732 3983 pro
1755 3887 1888 3960 conser-

362 4010 370 4043 ιι
408 3987 516 4060 sanda
531 3984 700 4152 republica
719 3981 952 4055 inhibitionem
968 3982 1014 4056 sui
1035 3985 1234 4083 prudentem
1251 3983 1431 4067 desideret,
1457 3983 1564 4082 potest
1579 3983 1730 4080 suprema
1747 3985 1890 4080 poteslas
2000 3997 2005 4006 '
2067 4031 2075 4068 r

362 4097 369 4178 ἵ
409 4081 538 4179 absque
571 4081 763 4177 crupulodt
784 4080 934 4153 remorsu
947 4081 1152 4155 eonscientiae
1171 4081 1261 4152 illam
1285 4075 1482 4165 decernere,
1508 4084 1586 4154 licet
1607 4106 1669 4178 per
1686 4082 1889 4159 indirectum

363 4197 364 4232 l
407 4178 578 4261 Ecclesiae,
606 4182 735 4275 aliaque
752 4184 806 4276 pia
822 4184 975 4275 Corpora
990 4177 1145 4253 facultate
1160 4182 1237 4251 talia
1251 4183 1444 4277 acquirendi
1464 4185 1651 4277 priventur.

528 4332 741 4434 Hypotltelin
756 4334 777 4406 st
793 4359 910 4427 neges,
927 4331 1073 4430 spondeo
1088 4359 1142 4406 me
1156 4331 1286 4407 facilius
1302 4337 1446 4433 probare
1460 4332 1566 4433 posse,
1581 4360 1681 4431 quam
1697 4357 1733 4407 tu
1746 4357 1888 4426 negare,

393 4431 473 4512 misr
487 4432 691 4533 suppositum
711 4432 907 4526 praellruere
923 4433 1023 4513 velis,
1047 4457 1203 4504 eternam
1221 4432 1341 4505 scilicet
1357 4434 1597 4504 beatitudinem
1623 4431 1686 4505 fine
1705 4436 1888 4527 exemptio·

405 4560 453 4611 ne
474 4534 675 4606 &libertate
688 4534 898 4603 clericorum
919 4527 1032 4601 saltem
1049 4527 1201 4631 respesiu
1223 4527 1408 4639 fundorum
1429 4535 1560 4606 noviter
1576 4531 1810 4631 acquisitorum
1832 4525 1885 4601 vel

407 4632 697 4734 acquirendorum
711 4629 855 4705 obtineri
872 4654 939 4702 non
952 4624 1055 4730 posse.
1830 4716 1886 4794 Aa
