5017 5592
368 667 376 690 .
524 619 676 696 nano
693 615 1058 717 QUODJUSTUM
1076 585 1334 692 asrctnca
1351 613 1758 698 antonomum.
1821 626 1892 715 a„
1965 657 1968 661 -
2070 587 2075 594 ’
2152 623 2157 630 ·

421 823 525 882 uate,
552 804 745 879 necvidem
772 801 846 891 quid
863 803 963 892 apponi
978 800 1070 890 paffit.
1121 817 1161 884 13„
1184 795 1249 867 hoc
1269 797 1397 892 opponi
1421 791 1526 891 p'olse:
1564 792 1672 866 nostr
1692 799 1786 868 noxia
1809 799 1899 894 reip.

420 898 623 990 cognoscere
635 895 683 967 {ss
697 898 876 991 Principia:
894 922 933 966 an
954 892 1128 966 neccssaria
1139 892 1308 976 Ecclefiae,
1325 892 1514 976 Pontificis3
1541 917 1622 985 ergo
1636 893 1687 964 lex
1703 892 1759 964 isla
1775 900 1897 966 utriua·
2039 897 2042 902 ’
2133 973 2137 984 ,

447 1021 489 1067 ue
504 992 660 1106 consensu
681 991 819 1064 ferenda
834 992 889 1065 est.
920 999 994 1064 lmo
1010 989 1196 1064 transmisso
1213 992 1439 1062 Antecedente
1460 987 1545 1062 fallit
1560 987 1803 1084 consequentia.
1835 997 1898 1090 Jua

419 1020 476 1166 seu
493 1094 707 1187 privilegium
722 1090 784 1162 stve
801 1090 938 1162 servitus
954 1096 1018 1162 rite
1034 1087 1178 1162 concessa
1194 1091 1244 1160 uel
1262 1094 1454 1185 praescripta
1470 1092 1621 1158 aMaeuio
1637 1089 1695 1158 tibi
1713 1085 1818 1185 potest
1834 1087 1900 1164 else
1943 1143 1949 1152 -

418 1195 516 1262 noxia
540 1189 647 1285 dcipst
666 1216 730 1260 non
748 1186 940 1268 necessaria,
968 1214 1026 1260 nec
1044 1205 1153 1260 tamen
1172 1185 1339 1283 sequitur:
1364 1213 1446 1277 ergo
1461 1183 1547 1257 allio
1564 1187 1725 1266 violenta,
1751 1211 1815 1282 qua
1832 1211 1902 1260 tur·
2036 1235 2039 1244 ·

416 1290 477 1362 bas
500 1291 661 1359 Meuium
678 1293 711 1357 in
729 1289 814 1382 juris
832 1285 878 1358 sui
896 1284 972 1367 usu,
1001 1288 1175 1358 evidenter
1196 1312 1263 1368 non
1278 1283 1460 1381 esliniqua.
1511 1291 1589 1370 Nec
1610 1282 1665 1352 abs
1686 1308 1722 1354 re
1745 1283 1899 1376 Pontifici

417 1385 628 1458 reservamus
645 1381 946 1479 hujuanccelsttdna
962 1388 1207 1476 cognitionem,
1225 1410 1301 1454 cum
1319 1384 1439 1466 hodie,
1459 1380 1625 1454 Ecclelias
1651 1380 1683 1451 dc
1706 1380 1903 1453 Ecclesiasti·
1957 1381 1965 1394 '

421 1509 480 1556 coa
497 1488 638 1555 nimium
654 1482 717 1554 else
732 1483 869 1564 divites,
896 1480 933 1555 stt
956 1481 1173 1580 presumptio
1180 1488 1261 1577 iuria
1283 1485 1319 1558 ld
1339 1486 1376 1553 de
1389 1475 1477 1573 jure,
1509 1505 1583 1581 quae
1599 1503 1666 1550 non
1683 1478 1821 1552 eliditur
1841 1475 1904 1554 nis
2000 1527 2004 1532 -

362 1577 369 1668 ζ
420 1608 487 1681 per
503 1578 700 1653 concursum
714 1582 931 1654 creditorum.
1655 1623 1660 1628 -
1876 1611 1882 1618 ·

535 1780 611 1846 x11.
637 1771 821 1845 Versamur
836 1774 890 1844 hic
904 1775 936 1842 in
953 1775 1092 1845 materia
1110 1771 1377 1868 privilegiorum.
1409 1776 1486 1870 Jam
1502 1796 1584 1848 tero
1599 1797 1729 1847 certum
1743 1767 1807 1852 cst,
1827 1773 1898 1871 pri·

415 1872 539 1964 vilegia
557 1872 708 1946 Ecclesna
724 1869 869 1943 concessa
886 1871 925 1940 ab
945 1877 1051 1969 impp.
1072 1868 1197 1942 nonnis
1212 1896 1289 1943 cum
1304 1894 1585 1966 temperamento,
1608 1870 1802 1967 quandiu&
1824 1871 1901 1964 qua'·

382 2031 393 2044 .
417 1993 507 2046 renus
524 1996 590 2042 non
605 1993 725 2042 nocent
743 1974 792 2041 rei
863 1973 937 2038 lmo
954 1970 1187 2064 privilegium,
1210 1990 1246 2038 ut
1261 1962 1333 2040 fere
1348 1991 1449 2040 omne
1463 1967 1598 2064 pallum
1615 1970 1748 2042 solenne
1760 1992 1799 2040 ac
1815 1967 1899 2065 pub·

416 2070 541 2150 licum,
567 2094 632 2137 non
648 2068 736 2139 valet
751 1994 818 2136 mss
826 2069 911 2138 telas
921 2067 1141 2156 ficlluntilusc
1165 2088 1291 2137 mutata
1306 2060 1392 2137 facie
1412 2069 1500 2160 reip.
1516 2063 1625 2163 perse
1641 2077 1650 2138 i
1679 2065 1710 2138 sa
1727 2063 1901 2138 resolvun-

416 2189 477 2244 tur
489 2189 526 2237 ac
540 2163 671 2238 cessant.
720 2165 878 2246 Accedit,
903 2163 994 2259 quod
1014 2162 1228 2259 privilegium
1245 2163 1415 2236 declarare
1428 2163 1567 2263 ejusque
1584 2093 1760 2238 sensdm&
1779 2164 1902 2260 ampli·

416 2263 570 2338 tudinem
587 2263 742 2334 evolvere
757 2259 793 2332 sat
814 2261 980 2357 ejusdcm,
1005 2260 1100 2359 cujus
1114 2261 1308 2332 concedere.
1341 2265 1460 2357 ltaque
1493 2265 1643 2355 riailegia
1658 2259 1715 2336 illa
1729 2283 1900 2335 nonrucn·

417 2386 478 2435 tur
494 2358 650 2432 Ecclesiae
666 2382 780 2429 contra
805 2358 1091 2455 privilegiantem3
1134 2383 1243 2454 neque
1264 2356 1435 2430 Pontificio
1455 2286 1597 2433 sdndant
1613 2356 1726 2433 forum
1747 2363 1781 2433 in
1802 2353 1899 2432 cause

421 2459 602 2558 temporali
623 2461 708 2554 reip.
726 2481 840 2527 contra
858 2453 1045 2528 Ecclesiam.
1090 2475 1119 2540 'l
1153 2459 1187 2526 Si
1211 2457 1288 2527 licet
1309 2455 1517 2532 Adversariia
1545 2459 1720 2556 privilegia
1743 2454 1902 2531 Ecclesia·

384 2563 389 2573 '
417 2583 497 2632 rutn
515 2580 564 2628 tor
587 2553 834 2627 conditionibus
859 2549 1049 2633 inneslcre‚
1076 2553 1157 2648 quid
1184 2552 1306 2632 obstat,
1343 2579 1412 2650 quo
1432 2557 1541 2628 minus
1565 2559 1752 2628 dominium
1773 2554 1900 2635 altum,

418 2657 515 2753 quod
533 2654 628 2725 nobis
647 2658 745 2723 toties
761 2652 962 2741 obtrudunt,
988 2652 1136 2722 dicamus
1154 2677 1219 2734 non¹
1235 2653 1300 2722 alio
1316 2648 1408 2723 sensu
1431 2656 1679 2751 accipiendum,
1709 2653 1767 2731 niel
1785 2672 1904 2746 quare·
2006 2711 2009 2716 .

419 2780 479 2826 nus
494 2778 551 2822 nau
568 2775 652 2822 nocet
669 2748 824 2840 Ecclefia?
873 2754 1032 2822 Fatemur
1051 2771 1163 2820 tamen
1182 2759 1391 2840 Argumeuto
1408 2747 1505 2822 inesse
1521 2755 1589 2823 vim
1603 2774 1718 2821 contra
1733 2774 1809 2834 eos,
1828 2750 1901 2844 qui·

419 2849 487 2922 bus
506 2851 696 2919 immunitas
712 2844 930 2918 Ecclesiastico
948 2846 1069 2942 &jura
1090 2846 1166 2918 inde
1182 2845 1318 2922 fluentia
1336 2847 1522 2918 annalium
1539 2848 1662 2921 hebent
1675 2844 1824 2928 fontem,
1839 2841 1899 2918 nili
1920 2905 1923 2916 .

417 2945 653 3022 liberalitatem
670 2949 877 3040 Principum.
930 2946 1074 3016 Faciliua
1088 2944 1244 3017 evolvunt
1261 2943 1291 3016 se
1306 2945 1367 3020 hac
1382 2940 1593 3028 difficultate,
1605 2948 1665 3043 qui
1681 2969 1809 3028 eomer
1822 2942 1902 3039 jure

418 3045 537 3118 divino
551 3065 716 3138 repetunt.
765 3042 829 3113 Sed
845 3067 953 3115 tamen
970 3047 1004 3112 in
1023 3045 1163 3136 gratiam
1182 3067 1317 3124 eorum,
1341 3048 1397 3140 qui
1415 3045 1621 3122 diuinitatem
1644 3044 1743 3137 hujus
1765 3042 1906 3137 privilea
2047 3063 2053 3086 “

419 3143 650 3238 giinunadeo
673 3139 945 3230 magnifaciunt,
978 3165 1015 3211 ut
1040 3141 1121 3210 illud
1146 3165 1164 3211 e
1188 3141 1273 3212 cralo
1294 3139 1526 3216 accersendum
1552 3166 1686 3234 putent,
1719 3138 1903 3236 responde·

417 3265 496 3313 mua
523 3240 626 3331 (dato
647 3263 712 3309 non
734 3229 900 3318 concesso,
936 3240 1180 3305 immunitatem
1202 3235 1456 3309 Ecclestallicam
1477 3241 1574 3308 unice
1598 3238 1714 3308 deberi
1739 3235 1903 3312 beneficio

384 3423 386 3430 Ι
415 3341 612 3433 Principum
631 3337 868 3431 politicorum)
884 3333 1059 3429 privilegia
1076 3356 1142 3401 non
1158 3329 1290 3404 subdito
1303 3329 1447 3402 concessa
1463 3334 1610 3404 indolem
1633 3333 1757 3404 habere
1771 3356 1903 3404 contra·
1939 3383 1943 3390 -
1970 3405 1982 3420 ,

416 3431 515 3516 aus,
539 3455 658 3529 quem,
683 3429 879 3526 fil’rincepa
896 3435 1001 3511 incar,
1051 3453 1090 3498 ro
1105 3451 1186 3499 nutu
1204 3427 1262 3504 suo
1282 3428 1315 3500 dc
1338 3427 1480 3503 arbitrio
1501 3428 1666 3514 resoluere
1689 3432 1826 3526 nequit3
1858 3426 1902 3502 fic

362 3587 372 3600 .
417 3533 572 3606 videmus
587 3529 674 3627 ipsoa
691 3524 906 3599 Adversarioa
922 3521 984 3599 esse
1006 3454 1104 3621 plane
1117 3528 1253 3601 Tullios
1269 3530 1302 3598 in
1318 3524 1411 3597 causa
1434 3529 1628 3623 Principum
1648 3525 1804 3608 suorum,
1822 3550 1901 3598 cum

418 3625 533 3723 agitur
547 3630 588 3701 dc
604 3653 722 3699 eorum
745 3627 928 3721 privilegiis
949 3621 1184 3701 labefallandis
1205 3649 1261 3694 aut
1280 3625 1512 3704 moderandis,
1553 3651 1626 3718 quac
1652 3626 1822 3697 mordicus
1847 3646 1906 3696 ne·
1980 3655 1995 3662 ··

412 3752 516 3823 gant,
554 3722 719 3817 Maiestati
748 3725 979 3818 Imperatoria
1009 3724 1079 3796 ullo
1105 3722 1207 3798 modo
1234 3718 1358 3792 subesse
1381 3746 1437 3792 aut
1466 3726 1615 3792 revocari
1639 3728 1779 3793 omnino
1801 3715 1901 3815 posse.

416 3831 527 3898 Citius
554 3827 737 3919 imperium
758 3825 855 3891 Rom.
874 3819 949 3892 sede
971 3817 1025 3891 sua
1049 3821 1246 3899 dimoveris,
1273 3845 1373 3913 quam
1396 3821 1466 3892 haec
1494 3821 1670 3917 priuilegia
1691 3815 1903 3897 concusseris.

416 3932 644 4014 Argumenta,
669 3945 741 4017 quae
757 3923 791 3989 in
806 3927 944 3990 materia
966 3916 1122 3992 substrata
1141 3915 1245 3990 solent
1259 3914 1410 3994 assertio
1436 3941 1470 4009 g.
1520 3924 1693 4011 Priutlegiu
1711 3918 1767 4008 ista
1781 3943 1839 3991 nan
1854 3940 1906 4008 pa·
2019 3987 2025 3996 θ

417 4023 507 4114 tuiffe
521 4023 637 4093 concedi
653 4024 688 4087 ab
706 4022 940 4111 Imperatorum
955 4022 986 4087 in
998 4021 1197 4108 prejudicium
1213 4015 1410 4114 Succcffatuta
1430 4018 1571 4110 &piolus
1593 4022 1737 4110 Impetiia
1771 4040 1828 4083 nan
1848 4013 1904 4106 effe

417 4123 631 4211 intelligenda,
659 4118 714 4203 niss
728 4117 816 4198 (ulva
838 4120 909 4204 reip.
931 4140 1008 4186 nexu
1024 4114 1247 4204 &syllemsim
1271 4109 1404 4204 ejuadem
1424 4112 1479 4203 effe
1494 4117 1650 4186 concedere
1673 4117 1707 4190 {d
1727 4112 1905 4204 restringere

415 4222 607 4314 privilegia:
655 4221 761 4284 Status
784 4219 965 4304 patentiores
994 4217 1094 4286 anania
1116 4211 1207 4300 adse
1231 4216 1377 4289 trahere,
1412 4236 1503 4284 onera
1525 4217 1659 4290 dirivata
1683 4216 1714 4282 in
1735 4211 1906 4288 amlecillia·

418 4342 478 4385 aes.
507 4314 568 4384 dcc.
586 4311 647 4382 dcc.
707 4313 791 4380 Haec
813 4314 949 4402 inquam
973 4308 1006 4386 dt
1028 4308 1091 4378 alio
1126 4308 1261 4377 ludente
1290 4307 1417 4385 calamo
1442 4304 1594 4402 diffipant
1617 4330 1717 4401 atque
1732 4328 1904 4377 evertunt:
1949 4371 1952 4376 .

392 4417 551 4484 *Ordines
573 4414 811 4500 Impetiiinc'is,
838 4411 1241 4508 quapriuclegiutungunt,
1273 4431 1331 4474 nun
1349 4411 1458 4474 ueniae
1479 4413 1596 4486 numine
1615 4410 1819 4486 subditarum,
1848 4403 1905 4493 sed
1941 4399 1944 4404 ’

412 4508 628 4607 paciscentium
646 4532 711 4576 cum
727 4514 930 4599 imperatam
951 4505 1148 4594 prescriptum
1163 4503 1234 4594 affe,
1261 4527 1313 4572 uec
1333 4506 1428 4571 lacum
1447 4509 1641 4574 revocationi
1661 4505 1809 4594 relinquit
1834 4522 1907 4570 naa·

411 4608 473 4696 arist
486 4604 622 4700 unsenlu
637 4610 779 4677 Statuam
794 4608 829 4680 ld
847 4607 967 4700 Imperii
980 4605 1142 4677 tertuliani
1158 4604 1213 4669 luc
1211 4603 1399 4767 pravilegia
1417 4599 1513 4695 pose,
1539 4600 1604 4676 dcc.
1661 4604 1771 4673 Statua
1795 4594 1908 4766 ἓεὲὲῖ..
1969 4597 1972 4602 ’

1263 4716 1389 4769 tcta
1825 4715 1842 4763 a
1884 4731 1897 4750 ·
1991 4715 1993 4719 ·
