5017 5592
693 653 765 772 oa
784 653 912 753 Juxta
933 649 1201 730 cassanen
1215 649 1587 732 tntuaxtattotu
1605 653 1823 736 exacuta.
1889 651 1908 762 J
1927 671 1999 762 aeq
2121 727 2134 738 .

509 840 577 914 rias
592 836 744 912 dederit:
764 834 788 908 fi
812 830 951 908 facultas
973 833 1147 906 exercendi
1168 835 1363 916 denotatur.
1385 835 1485 930 longe
1505 833 1772 932 frequentiorem
1796 839 1831 915 dt
1853 843 2000 938 amplio-
2094 832 2099 842 ⁴
2135 827 2146 838 ³

510 963 597 1010 rem.
650 939 718 1008 His
738 931 986 1050 praesuppqfitis
1000 931 1180 1006 ¹sententias
1200 956 1316 1006 contra
1341 932 1407 1008 sese
1430 940 1571 1009 invicem
1597 962 1782 1033 pugnantes
1805 940 1996 1026 recensebui
2065 933 2069 948 ’

510 1060 709 1133 meamque,
731 1057 937 1127 argumentis
957 1034 1134 1104 contrariis
1151 1032 1346 1129 ponderatis
1368 1031 1588 1134 ercullrsque,
1616 1033 1761 1112 stabilire
1777 1038 1999 1125 corthon&
2029 1099 2034 1112 .
2135 1035 2144 1062 ”

513 1140 665 1233 quamvis
687 1131 787 1227 hujus
806 1127 994 1229 qu‘aellionis
1011 1128 1130 1202 decisio
1145 1135 1179 1201 in
1196 1155 1270 1202 rem
1292 1133 1491 1204 catholicam
1512 1133 1598 1206 nihil
1619 1136 1771 1209 utilitatis
1791 1137 1939 1222 derivet,
1953 1162 2003 1212 ta·

513 1259 588 1326 men
603 1234 644 1303 ad
665 1233 788 1303 melius
808 1229 1064 1322 intelligendum
1083 1232 1182 1320 Legis
1205 1232 1423 1325 pragmaticae
1437 1229 1586 1317 sensum,
1608 1234 1786 1333 adquejus
1804 1234 1999 1314 Celeriter

514 1328 682 1404 hetlione
698 1333 839 1427 lmperii
860 1328 992 1422 publica
1009 1328 1195 1399 eruendum
1213 1324 1361 1411 inservit,
1403 1347 1407 1354 '

552 1502 592 1583 a)
617 1498 644 1566 l.
659 1496 696 1564 E.
713 1497 745 1564 P.
767 1493 906 1588 Lib5111.
924 1494 992 1562 Tit.
1010 1497 1049 1560 de
1064 1496 1159 1604 ptael).
1184 1495 1218 1560 dr
1234 1498 1348 1582 dignit.
1370 1497 1405 1584 δ.
1418 1496 1504 1566 cxl.

1183 1697 1214 1785 5.
1263 1694 1333 1769 Xl.

631 1831 741 1909 Sunt,
763 1828 821 1923 qui
842 1826 933 1899 reale
953 1830 1150 1900 exercitium
1173 1833 1371 1924 requirunt,
1397 1789 1543 1924 ideoque
1573 1823 1694 1899 Caesari
1717 1822 1881 1919 denegant
1903 1821 2000 1900 usum

517 1925 598 2022 jutis
616 1927 861 2023 ptimariarum
884 1951 1042 2023 precum,
1065 1927 1124 1999 nili
1143 1927 1288 2023 probate
1310 1931 1456 2023 poterit,
1480 1926 1512 1998 se
1526 1928 1581 1998 die
1596 1933 1624 1998 l.
1644 1929 1716 2021 Jan.
1749 1934 1842 2019 1624
1873 1929 2000 2021 primae

519 2047 633 2120 preces
655 2021 824 2096 direrille:
848 2030 885 2118 a)
916 2049 1016 2118 quam
1042 2028 1354 2121 interpretationem
1377 2022 1441 2097 else
1461 2026 1645 2117 legitimam
1665 2019 1754 2094 hisce
1779 2021 2002 2118 comprobare
2125 2101 2136 2114 ,

519 2121 666 2214 satagunt
688 2121 890 2194 rationibus:
914 2126 941 2195 I.
959 2119 1117 2208 afferunt,
1132 2149 1206 2195 eom
1223 2123 1334 2196 verbis
1350 2121 1564 2196 Inssrumemi
1582 2128 1618 2196 P.
1638 2117 1774 2218 prorsus
1789 2117 2001 2195 conformem

520 2218 673 2302 existere,
692 2245 769 2308 cunt
786 2221 876 2290 aliud
894 2218 930 2291 fit
949 2247 1087 2291 exercere
1107 2245 1187 2292 certo
1212 2244 1362 2316 tempere,
1386 2225 1486 2298 &die
1510 2228 1670 2312 primarias
1690 2244 1807 2310 preces,
1828 2220 1938 2294 aliud.
1948 2221 2004 2310 fae

520 2325 661 2390 cultatem
680 2325 837 2388 exercendi
854 2322 977 2389 ualere.-
1002 2319 1191 2416 &proprie
1211 2318 1264 2411 jus
1291 2343 1385 2390 certo
1407 2341 1561 2414 tempore
1584 2312 1761 2389 exercuille
1784 2343 1879 2399 eum,
1900 2343 2001 2389 nemo
2059 2305 2074 2326 ⁸

520 2417 621 2496 dicet,
645 2410 761 2510 quien
779 2439 932 2509 tempore
948 2417 1028 2486 illud
1045 2441 1200 2488 exercere
1221 2416 1376 2486 duntaxat
1391 2423 1521 2511 potuit,
1541 2413 1596 2485 sed
1620 2414 1735 2509 reapse
1759 2440 1824 2485 non
1842 2421 2001 2489 exercuit.

521 2515 560 2584 ll.
583 2514 713 2584 addunt
730 2513 784 2585 die
805 2518 829 2582 l.
846 2519 921 2610 Jan.
937 2517 1025 2584 illius
1045 2518 1119 2584 anni
1144 2516 1324 2586 decretorii
1344 2538 1446 2584 totam
1469 2511 1541 2588 fere
1564 2515 1800 2593 Germaniam,
1825 2508 2007 2585 hollilibus'

521 2615 617 2682 armis
633 2608 802 2682 casareos
825 2613 959 2685 inter&
981 2611 1200 2707 protestantes
1219 2613 1367 2692 collatis,
1394 2608 1488 2682 soille
1506 2608 1709 2691 infestatam,
1728 2615 1779 2680 vix
1796 2635 1906 2681 autem
1923 2638 2002 2708 pto·

521 2707 624 2781 bibile
641 2705 723 2790 elle,
746 2715 779 2778 in
795 2735 836 2779 eo
858 2736 1028 2791 armorum
1054 2710 1192 2808 strepitu
1211 2711 1266 2803 jus
1291 2713 1529 2806 primariorum
1552 2733 1689 2804 precum
1707 2733 1724 2777 a
1747 2707 1875 2778 Colore
1890 2713 1922 2779 in
1940 2714 2000 2783 Ec·

520 2805 619 2878 clestis
645 2808 818 2888 mediatis,
840 2833 914 2904 quae
930 2806 1136 2880 subditione
1159 2806 1411 2905 protestantium
1440 2831 1551 2886 erant,
1574 2811 1757 2876 exercitum
1781 2802 1902 2887 futile,
1924 2808 2003 2882 licet
2100 2871 2103 2880 .

521 2908 551 2976 io
567 2904 772 3002 quibusdam
788 2901 878 2977 forte
896 2913 1042 2978 variante
1060 2933 1231 2977 armorum
1259 2903 1391 2977 fortuna
1407 2903 1500 2975 usum
1517 2906 1606 2978 illius
1627 2905 1712 2999 juris
1735 2908 1931 2987 retinuerim
1953 2910 2003 2977 in·

522 3005 559 3076 de
579 3026 678 3075 caute
695 3004 737 3073 ad
763 3003 951 3075 libertatem
974 3007 1136 3098 majorem
1164 3004 1218 3078 [dri
1239 3005 1271 3076 dt
1296 3002 1436 3075 eccleliis
1461 3003 1614 3074 mediatis
1638 3000 1858 3083 afferendam,
1886 3027 2003 3098 prote·

526 3099 639 3172 stantes
653 3105 848 3187 exercitium
863 3104 951 3174 reale
966 3099 1172 3174 desiderasse:
1194 3107 1257 3172 lll.
1274 3102 1494 3172 corroborant
1511 3102 1670 3196 exemplis
1687 3126 1725 3170 ex
1742 3101 1861 3172 eodem
1878 3101 2001 3175 Instru-

524 3224 632 3273 mento
661 3201 796 3295 petitis:
822 3201 1105 3295 quemadmodum
1124 3207 1214 3271 enim
1237 3206 1270 3271 in
1293 3202 1364 3269 aliis
1391 3204 1481 3270 Pacis
1508 3199 1656 3271 articulis
1680 3204 1809 3270 ratione
1832 3198 2000 3272 bonorum

525 3300 746 3370 mediatorum
762 3290 827 3368 iola
851 3297 1056 3370 oblatrantia
1075 3300 1129 3370 dic
1146 3304 1170 3367 1.
1188 3304 1262 3395 jan.
1284 3306 1387 3393 1624.
1406 3298 1438 3368 dt
1460 3294 1624 3394 postello,
1645 3319 1719 3367 non'
1733 3321 1845 3370 autem
1858 3300 1912 3391 jus
1939 3325 2002 3394 pro

526 3397 637 3489 tegula
656 3399 811 3492 ponitur,
833 3399 878 3467 ita
892 3399 1010 3469 eodem
1028 3398 1125 3494 plane
1143 3393 1234 3467 senlir
1251 3396 1353 3466 verba
1381 3393 1463 3492 §phi
1486 3405 1540 3466 26.
1565 3405 1639 3472 Art.
1654 3400 1698 3467 V.
1722 3402 1882 3489 primarias
1901 3424 2001 3488 preces

526 3502 673 3565 exercuit:
697 3496 889 3590 accipienda
906 3492 969 3566 elle
983 3494 1178 3565 exillimont.
1204 3501 1263 3566 lV.
1290 3495 1425 3564 demunt
1443 3491 1610 3577 inferunt,
1631 3495 1709 3562 alias
1726 3491 2003 3585 supervacaneam

527 3588 616 3664 inille
631 3593 699 3662 dici
716 3596 834 3687 primae
847 3597 998 3690 Januarii
1021 3590 1261 3687 adje'elionem,
1288 3589 1346 3662 nist
1361 3592 1451 3663 reale
1472 3594 1667 3662 exercitium
1684 3587 1825 3681 intelligi
1850 3593 2001 3666 deberet.

527 3690 666 3763 Proinde
681 3687 826 3761 evitium
842 3692 1000 3776 credunt,
1016 3692 1106 3787 quod
1123 3716 1234 3763 mente
1248 3690 1290 3761 de
1303 3690 1467 3788 ejusmodi
1489 3690 1568 3783 §phi
1583 3683 1753 3758 intelleiiu
1764 3713 2002 3786 conceperunt.

562 3863 600 3946 a)
621 3858 730 3924 Titios
742 3857 876 3942 Specim.
896 3857 960 3931 Jut.
977 3857 1062 3923 Publ.
1083 3857 1151 3923 Lib.
1167 3858 1207 3924 V.
1228 3879 1296 3940 cap.
1308 3880 1339 3941 3.
1355 3859 1388 3941 δ.
1403 3877 1455 3941 29.
1476 3857 1510 3920 dt
1525 3857 1676 3921 Struuius
1690 3857 1722 3918 in
1736 3854 1800 3927 Jut.
1824 3854 1910 3921 Publ.
1922 3877 2004 4004 pro·

636 3943 723 4006 dent.
747 3964 814 4025 cap.
832 3963 879 4006 10.
903 3945 935 4024 ς.
949 3962 1000 4005 20.
1022 3941 1055 4004 dt
1073 3944 1199 4004 videtur
1215 3963 1256 4003 eo
1273 3943 1424 4006 inclinare
1445 3939 1658 4026 Gundlingius
1685 3941 1715 4003 in
1736 3939 1796 4001 suis
1820 3940 1920 4004 discut
1945 3942 2006 4008 bus

634 4028 826 4110 germanicis
843 4026 932 4108 supet
949 4025 1034 4087 hunc
1053 4024 1170 4108 §phum
1187 4028 1237 4091 26.
1253 4027 1323 4091 Art.
1339 4026 1379 4092 V.
1400 4045 1471 4109 pag.
1487 4045 1560 4108 317.

1172 4225 1207 4312 ς.
1258 4222 1355 4297 Xll.

637 4376 706 4446 His
729 4378 910 4447 momentis
927 4375 968 4448 ad
992 4371 1214 4448 subtiliorem
1239 4376 1399 4447 trutinam
1422 4374 1547 4446 vocatis
1571 4368 1669 4444 facile
1692 4370 1931 4456 animadverti,
1953 4397 2010 4446 eos

526 4495 655 4547 satores
674 4500 739 4544 non
762 4501 880 4570 parum
902 4501 1014 4547 aveto
1032 4475 1204 4556 aberrare,
1232 4472 1393 4569 siquidem
1417 4476 1527 4567 prima
1546 4476 1633 4543 ratio
1651 4497 1689 4543 err
1715 4476 1924 4568 proprietate
1937 4497 2012 4545 ver·

524 4568 642 4644 borum
669 4576 705 4647 P.
726 4581 781 4646 W.
798 4574 1079 4670 depromptarum
1098 4574 1156 4644 diu
1173 4573 1356 4669 quidquam
1374 4575 1513 4652 evincit,
1533 4572 1694 4667 quamdiu
1712 4595 1749 4640 ex
1768 4568 1926 4641 substrata
1940 4593 2009 4640 ma·

524 4674 604 4748 teria
622 4671 727 4748 thum
742 4698 811 4748 ooo
832 4676 880 4750 ita
904 4669 1056 4748 llrillum
1076 4671 1207 4749 sculum
1231 4698 1271 4752 ex
1292 4695 1406 4748 mente
1428 4667 1667 4770 paciscentium
1693 4692 1813 4745 eruere
1834 4693 1901 4742 non
1920 4667 2012 4752 liter,

1761 4785 1766 4792 ·
1912 4761 2014 4840 nihil·
