5017 5592
1896 467 1903 508 l

1900 517 1911 554 i

424 619 430 628 ·
507 632 581 728 642
654 581 663 590 ’
782 559 1125 731 ¹iiissnicrarior
1176 565 1712 695 canonico-roatici

624 801 689 878 Sed
705 825 784 874 vero
798 797 897 873 verba
914 800 993 872 haec
1011 798 1101 883 sunt,
1124 823 1177 873 rer
1194 797 1280 895 ipsas
1296 797 1456 871 desidero.
1508 802 1607 871 Certe
1621 804 1853 895 Imperatores
1869 797 1979 897 aliique

509 906 680 1001 Principes
696 906 729 972 in
745 899 809 971 suis
827 897 1124 971 Conllirutionilius
1148 923 1189 970 ne
1208 924 1275 969 uno
1292 899 1428 994 quidem
1450 896 1595 969 verbulo¹
1613 899 1728 993 ajunt,
1761 902 1978 970 immunitates

509 1001 711 1101 temporales
729 995 878 1070 Ecclesiis
897 1023 935 1070 cx
957 997 1028 1091 ipso
1050 996 1186 1091 jamjam
1207 1000 1291 1093 Jure
1313 999 1438 1067 Divino
1454 1017 1510 1065 tut
1532 993 1758 1067 Ecclesiastico
1780 1020 1979 1116 copipetere,

508 1101 610 1200 seque
630 1124 684 1171 eas
700 1103 806 1189 magis
829 1117 956 1167 tantum
976 1093 1176 1166 confirmare
1201 1119 1258 1165 aut
1279 1094 1458 1173 roborare,
1484 1088 1538 1163 sed
1555 1092 1743 1165 constanter
1759 1095 1933 1191 privilegia
1951 1092 1977 1165 se

508 1203 589 1278 dare
612 1195 806 1276 asseverant,
829 1193 869 1287 a)
898 1196 951 1263 cui
972 1189 1165 1288 expressioni
1188 1189 1328 1264 Ecclclia
1353 1214 1443 1263 certe
1464 1188 1730 1271 contradixisset,
1766 1215 1868 1288 atque
1892 1194 1977 1264 etiam

509 1296 738 1374 contradicere
755 1296 879 1389 pacatis
897 1292 962 1361 illis
985 1290 1194 1386 temporibus
1216 1288 1282 1362 sine
1306 1288 1456 1386 periculo
1476 1287 1651 1383 potuiller,
1679 1287 1703 1361 li
1725 1286 1887 1385 ipsarum
1909 1312 1978 1361 tem·

508 1398 604 1498 poris
619 1397 845 1465 immunitates
864 1386 958 1459 hasce
983 1388 1184 1484 temporales
1207 1413 1246 1459 ex
1270 1387 1340 1484 ipso
1362 1386 1499 1481 Jamjam
1517 1390 1601 1484 Jure
1618 1390 1747 1460 Divino
1763 1411 1821 1459 aut
1837 1385 1977 1472 Ecclesia·

509 1495 591 1569 iiico
604 1490 660 1564 sibi
676 1510 868 1584 competere
888 1483 1091 1569 credidisset,
1117 1486 1205 1584 quod
1217 1485 1330 1557 'antem
1349 1482 1474 1560 fesium
1491 1482 1554 1556 ell'e
1573 1484 1692 1559 nullibi
1716 1485 1856 1578 legitur.
1903 1489 1977 1559 Dein

510 1596 593 1667 haec
616 1585 793 1663 Caesarum
817 1586 1011 1680 privilegia,
1051 1589 1146 1677 queis
1169 1580 1320 1655 Eccleliis
1343 1584 1534 1676 immunipas
1557 1583 1756 1681 temporalis
1781 1584 1978 1664 conceditur.

373 1685 376 1690 ¹
508 1692 584 1766 sunt
599 1689 785 1783 antiquiora
800 1681 954 1753 omnibus
969 1682 1033 1750 illis
1050 1683 1207 1752 Conciliis
1225 1708 1261 1753 ac
1278 1679 1511 1762 Pontificibus,
1527 1684 1584 1776 qui
1601 1706 1753 1777 unquam
1769 1684 1859 1755 circa
1871 1686 1976 1754 imma·

509 1777 630 1862 nicetes
648 1778 864 1855 Ecclesiarum
883 1779 1056 1874 quidpiam
1072 1776 1293 1862 definierunr;
1320 1783 1442 1851 etenim
1457 1779 1690 1851 Constantinus
1706 1785 1858 1873 Magnus
1874 1782 1977 1876 aliique

509 1887 682 1980 Principes
698 1882 805 1951 varias
817 1877 967 1972 jamdum
982 1875 1131 1949 Ecclesiis
1145 1881 1371 1950 immunitates
1385 1873 1625 1963 conmiserint,
1648 1902 1830 1975 antequam
1847 1880 1978 1951 Cantilia

510 2007 567 2062 aur
579 1975 755 2054 Pontifices
771 1976 821 2050 vel
837 1979 1066 2069 cogitaverunt
1080 1977 1253 2073 quidpiam
1266 1978 1353 2047 circa
1370 1999 1424 2047 eas
1441 1974 1599 2058 definire,
1618 1977 1765 2056 credidit
1778 1980 1907 2075 quippe
1920 1998 1978 2047 nim

449 2161 453 2176 ‚
509 2078 673 2161 Ecclesia,
696 2078 781 2149 ultra
796 2076 886 2147 luam
904 2072 1078 2172 sphaeram
1095 2071 1175 2157 else,
1199 2074 1231 2145 se
1248 2071 1435 2146 immiscere
1450 2076 1483 2142 in
1499 2077 1583 2170 Jura
1604 2076 1804 2169 Principum
1827 2097 1976 2172 tempora

510 2184 575 2265 lia,
598 2201 703 2266 eaque
718 2173 889 2270 usurpare.
939 2176 1016 2243 Sine
1031 2168 1249 2249 fundamento
1263 2196 1345 2264 ergo
1362 2170 1394 2242 dt
1409 2173 1539 2242 ratione
1552 2170 1675 2244 dicitur
1691 2172 1788 2245 hisce
1802 2176 1977 2271 Principum

510 2276 698 2366 Privildgiis
714 2270 934 2367 temporalem
955 2268 1103 2342 Ecclefiis
1117 2273 1362 2345 immunitatem
1377 2294 1443 2340 non
1459 2267 1581 2353 tribui,
1605 2268 1661 2340 led
1678 2293 1755 2344 eam
1770 2275 1858 2371 Jure
1870 2274 1977 2344 muno

513 2368 785 2451 &Ecclesiastico
797 2369 866 2464 jam
883 2391 957 2439 ante
971 2365 1151 2441 concessam
1172 2371 1277 2462 magis
1292 2391 1421 2440 tantum
1444 2364 1648 2439 confirmari.

522 2556 525 2564 ’
551 2541 589 2627 a>
607 2538 644 2604 L.
665 2555 693 2600 1.
712 2534 747 2599 C.
766 2531 893 2599 Theod.
913 2535 953 2599 de
967 2534 1066 2620 Epiic.
1087 2535 1121 2600 dc
1135 2536 1370 2622 Clenexprelse
1384 2538 1461 2603 dicit
1471 2536 1700 2602 Constantinus
1713 2535 1877 2621 Magnus:
1904 2534 1976 2602 Hie·

627 2621 801 2685 reticoruin
824 2616 1211 2703 fastionecooiperimus.
1248 2622 1405 2686 Ecclesiae
1423 2620 1610 2686 Catholicae
1632 2620 1778 2684 Clericus
1801 2622 1847 2686 ita
1871 2617 1978 2690 vexari,

625 2714 663 2767 ut
683 2700 954 2764 nominationibus
969 2703 1020 2766 seu
1037 2702 1301 2787 susceptionibus,
1320 2724 1397 2789 quas
1412 2704 1558 2788 publicus
1575 2722 1647 2769 mos
1659 2703 1787 2787 exigit,
1809 2715 1918 2768 cotim
1935 2697 1974 2766 li·

626 2786 715 2852 dulia
729 2783 784 2848 libi
804 2781 970 2865 Privilegia
985 2796 1243 2869 praegraventur.

1124 2993 1156 3094 a.
1202 2996 1375 3071 xxxv.

626 3144 676 3214 Er
698 3138 847 3215 dedusiis
872 3144 984 3240 itaque
1003 3169 1079 3219 cum
1101 3145 1294 3217 immunitas
1326 3141 1771 3243 ecclesistico-temporalia
1795 3149 1865 3246 juri
1886 3165 1977 3243 neque

393 3259 407 3309 Ἀ
511 3240 657 3325 Divino,
676 3266 785 3339 neque
799 3241 1038 3327 Ecclesiastico,
1060 3243 1113 3317 sed
1129 3242 1187 3315 soli
1204 3245 1294 3315 civili
1312 3243 1497 3338 &quidem
1515 3243 1668 3338 singulari
1688 3252 1872 3328 innitatur,
1888 3243 1976 3318 facilis

512 3367 600 3415 nunc
616 3344 680 3413 erit
696 3339 855 3413 resolutio
876 3341 1096 3437 quaestionis;
1118 3369 1158 3413 an
1175 3340 1195 3412 si
1210 3369 1276 3439 qua
1292 3339 1433 3413 Ecclesia
1453 3339 1602 3415 fueritin
1622 3343 1814 3439 possessione
1840 3343 1980 3416 immuni·

515 3445 608 3520 tatis,
630 3444 729 3536 inque
751 3438 941 3535 polieliorio
965 3446 1155 3537 Principem
1174 3444 1313 3527 vicerit,
1335 3441 1410 3512 dein
1425 3446 1460 3511 in
1481 3444 1643 3538 petitorio
1662 3445 1800 3519 titulum
1823 3444 1901 3517 suae
1919 3435 1979 3541 pos·

514 3536 658 3612 salionis
673 3539 772 3609 edere
793 3542 966 3610 tencatur?
1924 3549 1929 3560 '

627 3702 859 3799 Qiilibetjam
873 3730 911 3776 ex
927 3704 958 3777 se
971 3702 1042 3803 ipso
1054 3703 1162 3789 videt,
1186 3731 1348 3804 quantum
1363 3706 1504 3793 intersit,
1525 3711 1564 3781 ad
1579 3706 1781 3806 quaestionis
1799 3711 1893 3785 iilius
1908 3710 1979 3785 deci·

507 3799 641 3878 xlionem
658 3799 804 3897 ipsarum
821 3805 1068 3875 immunitatum
1089 3803 1216 3876 fontem
1235 3806 1443 3879 &causalem
1460 3808 1714 3905 praedefiriiille.
1764 3812 1893 3911 Qiodsi
1906 3813 1980 3884 enin

512 3900 591 3972 illae
605 3902 638 3971 in
654 3897 726 3998 ipso
743 3898 819 3994 jure
834 3902 960 3971 Divino
978 3925 1034 3973 aut
1058 3901 1279 3977 Eccleliasiico
1295 3931 1350 3979 tut
1373 3912 1473 3979 etiam
1495 3910 1583 3980 civili
1607 3914 1780 3982 communi
1797 3909 1899 3985 essent
1919 3932 1982 3983 con·

512 3995 671 4082 ilitutae,
700 3999 803 4070 editio
825 3998 913 4069 tituli
936 3996 1001 4070 line
1015 4001 1089 4095 jure
1111 4025 1300 4098 peteretur,
1331 4030 1407 4075 cuin
1429 4031 1483 4088 ea,
1508 4018 1593 4103 quae
1609 4008 1692 4099 juris
1714 4015 1928 4091 communis,
1948 4026 1981 4074 ne

513 4097 641 4179 dicam,
657 4100 790 4178 Divini,
806 4094 895 4178 sunt,
922 4124 987 4168 non
1003 4098 1211 4195 probantur;
1231 4101 1284 4172 sed
1303 4129 1473 4175 verorum
1493 4131 1529 4175 ex
1556 4106 1788 4178 demonstratis
1807 4109 1981 4180 immunita·

513 4217 563 4264 tes
582 4194 660 4265 illae
683 4195 757 4268 solis
776 4199 969 4290 Principum
991 4199 1175 4294 privilegiis
1196 4204 1370 4282 nitantur,
1396 4207 1543 4301 liaecque
1562 4229 1621 4276 ceu
1641 4206 1718 4299 jura
1739 4204 1916 4298 singularia
1936 4223 1979 4274 res

483 4342 488 4350 »
512 4287 592 4362 ficii
617 4290 695 4371 sint,
719 4297 870 4391 adeoque
891 4295 1028 4391 probari
1057 4295 1216 4382 debeant,
1241 4302 1377 4371 evidens
1399 4301 1631 4397 consequentia
1654 4302 1725 4384 est,
1753 4303 1930 4376 Ecclesiam
1951 4305 1978 4371 in

512 4392 671 4485 petitorio
688 4392 728 4460 ad
748 4396 883 4464 titulum
904 4393 978 4466 suae
995 4391 1194 4491 pollellionis
1212 4397 1377 4470 edendum
1394 4396 1502 4494 seque
1519 4400 1559 4469 ad
1580 4401 1807 4474 exhibendum
1830 4401 1980 4496 Principii

512 4488 747 4581 Privilegium,
769 4489 842 4574 nid,
866 4498 914 4564 uti
930 4490 1038 4568 stetim
1058 4492 1239 4579 deducam,
1262 4498 1304 4571 de
1324 4495 1587 4595 praescriptione
1608 4503 1852 4574 immemorirli
1876 4501 1981 4574 doecre

511 4584 626 4684 possit,
650 4585 804 4680 obligari.

1708 4788 1715 4806 .
1780 4736 1815 4827 ς.
1838 4729 1981 4812 inivi.
