5017 5592
506 612 572 688 aar
671 672 679 690 ,
947 586 1584 665 nisssssarto·

503 793 648 868 namque
663 793 875 863 argumento,
900 766 991 863 quod
1010 766 1218 839 concordata
1241 764 1353 838 saltem
1374 768 1485 861 quoad
1506 764 1666 866 benefitia
1688 764 1840 838 Pontifici
1858 763 1908 839 ibi
1928 791 1981 839 re·

504 867 631 954 servata
649 869 717 963 juti
738 873 974 964 primariorum
997 891 1134 960 precum
1159 864 1304 946 obilcnt,
1328 860 1517 937 satisfacere
1534 893 1600 935 non
1623 867 1764 934 videtur.
1797 870 1843 937 ll.
1868 891 1981 960 neque

502 962 641 1063 prorsus
659 966 805 1037 elevatur
820 966 981 1044 alterum,
1001 988 1068 1057 quo
1084 989 1121 1034 ex
1137 961 1273 1033 hilloria
1295 963 1550 1057 comprobatum
1567 962 1631 1046 est,
1655 963 1695 1033 ab
1712 963 1982 1056 imperatoribus

431 1135 442 1141 ,
530 1060 579 1144 ost
601 1065 808 1134 Concordata
831 1064 987 1132 continua
1003 1065 1086 1131 lerie
1107 1061 1273 1132 indultum
1296 1057 1505 1132 Pontificium
1530 1087 1593 1155 pro
1613 1063 1689 1155 jure
1715 1085 1853 1153 precum
1868 1062 1983 1156 quoad

504 1088 817 1241 substantiam,non
834 1160 939 1230 {olum
953 1162 1067 1254 'quoad
1085 1158 1222 1229 modum
1243 1154 1389 1252 l'peilato
1408 1158 1440 1229 dt
1458 1161 1601 1255 petitum
1619 1159 1887 1252 &impetratum
1903 1155 1981 1233 else·

505 1259 571 1331 111.
593 1254 729 1353 lpstmet
744 1262 970 1353 Imperatores
989 1253 1220 1353 superioris&
1245 1253 1347 1325 noilri
1362 1260 1422 1326 evi
1437 1260 1471 1326 in
1495 1281 1633 1350 precum
1658 1255 1900 1349 diplomatibus
1908 1254 1985 1327 nul.

505 1353 573 1434 lam
592 1349 759 1437 feceruut,
784 1378 841 1426 aut
862 1350 991 1428 faciunt
1012 1357 1218 1426 mentionem
1237 1350 1470 1435 censurarum,
1492 1355 1572 1424 dum
1592 1376 1785 1425 executores
1805 1350 1984 1426 constitue·

505 1474 602 1533 runt,
623 1477 680 1524 aut
695 1450 911 1533 conslituunt,
935 1449 990 1523 sed
1004 1448 1109 1522 sulum
1126 1454 1167 1521 its
1181 1451 1356 1522 collatores
1370 1474 1593 1548 repugnantes
1607 1452 1658 1522 vel
1668 1458 1765 1543 juxta
1781 1454 1982 1542 constitutio·

506 1573 559 1618 tm
575 1556 695 1643 Imperii
706 1551 740 1638 a)
759 1550 810 1621 vel
818 1556 909 1637 iaxta
925 1576 1023 1619 anrnes
1037 1556 1110 1620 vias
1118 1555 1199 1640 jaiis
1215 1555 1248 1640 b)
1275 1548 1314 1618 ad
1333 1551 1517 1643 parendum
1532 1550 1755 1644 compellendi
1772 1550 1982 1645 provinciam

508 1648 698 1742 imponunt.
733 1651 793 1718 Ν.
818 1651 852 1717 Si
877 1651 1066 1741 Imperator
1090 1644 1247 1741 personas
1272 1648 1406 1717 idoneas
1429 1647 1468 1716 ad
1492 1644 1649 1717 beneficia
1675 1646 1787 1716 libere
1808 1647 1982 1719 collationi

510 1746 761 1815 Germanorum
782 1743 923 1814 obnoxia
939 1769 1000 1839 per
1018 1768 1135 1837 preces
1152 1746 1318 1823 nominat,
1341 1744 1427 1814 baud
1445 1770 1531 1839 opus
1552 1746 1685 1814 videtur
1705 1744 1870 1837 ejusmodi
1888 1768 1984 1837 porc·

509 1837 590 1910 llate
610 1839 761 1911 censuras
779 1836 927 1920 ferendi,
949 1865 1045 1921 cum,
1067 1839 1158 1911 sicuti
1178 1842 1335 1910 idoneum
1357 1843 1517 1911 clericum
1539 1866 1557 1911 a
1581 1867 1724 1936 patrono
1748 1839 1981 1936 presentatum

508 1937 667 2033 Episcopi
693 1937 861 2009 instituere
880 1963 1052 2019 tenentur,
1072 1942 1116 2009 ita
1133 1938 1239 2007 multo
1256 1941 1361 2028 magis
1386 1936 1560 2008 collatores
1582 1941 1743 2008 ordinatii
1769 1935 1931 2008 beneficia
1948 1944 1984 2010 in

510 2031 576 2104 suis
600 2032 762 2105 mensibus
789 2039 935 2104 vacantia
952 2062 989 2106 ex
1013 2045 1077 2107 anti
1107 2062 1146 2104 ua
1169 2033 1405 2106 consuetudine
1429 2037 1549 2105 talibus
1580 2035 1726 2130 precillis
1752 2031 1910 2107 conferre
1928 2037 1985 2109 de·

497 2121 625 2243 beant,
641 2157 700 2201 uec
719 2133 752 2201 hi
769 2136 813 2201 ita
829 2156 1039 2203 contumaces
1055 2062 1117 2203 else
1133 2132 1274 2241 soleant,
1292 2155 1328 2201 ut
1344 2130 1479 2202 censura
1496 2130 1669 2241 necessaria
1684 2133 1845 2246 rideatur.
1879 2135 1985 2206 aliud

510 2224 812 2421 lll‘bpfllils
827 2226 1985 2421 blesisil¹llizillllllllssiiiiiifllssiibtillilii

510 2446 722 2506 executores,
750 2421 907 2517 poteslate
924 2420 1015 2493 fibia
1038 2422 1113 2494 sede
1136 2420 1326 2512 tipostolica
1350 2422 1513 2500 concessa,
1542 2427 1744 2519 compellere
1767 2422 1915 2517 polsem3
1939 2451 1987 2498 at·

537 2543 578 2589 ue
593 2543 727 2590 eatenus
743 2520 798 2589 illa
815 2516 952 2590 facultas
971 2516 1123 2600 censuras
1144 2515 1274 2589 ferendi
1293 2521 1402 2589 locum
1426 2517 1651 2615 effessumque
1675 2519 1819 2601 babere,
1845 2547 1913 2593 non
1936 2527 1986 2594 in·

511 2544 618 2687 sciar.
642 2622 685 2688 V.
707 2620 749 2688 Et
764 2614 931 2710 possremo
945 2617 1020 2687 licet
1041 2616 1322 2695 animadvertere,
1345 2617 1384 2683 ala
1407 2620 1686 2710 imperatoribus,
1711 2619 1916 2712 perdurante
1930 2619 1986 2692 ad·

511 2715 578 2786 huc
600 2736 823 2795 contumacia,
847 2714 1033 2783 Collatorea
1056 2714 1257 2807 privilegiis,
1284 2717 1416 2802 gratiis.
1441 2714 1668 2796 libertatibus,
1690 2717 1722 2785 dt
1749 2716 1986 2788 donationibus

512 2807 787 2890 Antecelsorum,
817 2816 964 2906 privatos
988 2810 1021 2881 dt
1046 2814 1185 2880 tuitione
1202 2807 1347 2879 Cesarea
1373 2834 1486 2879 exutos
1516 2812 1675 2881 declarari
1699 2814 1730 2902 t)
1758 2814 1814 2882 ubi
1833 2816 1920 2888 niltil
1943 2815 1986 2889 de

397 2987 410 3002 ⁸
513 2906 676 2988 censuris,
700 2909 782 2978 nibil
801 2910 842 2976 de
863 2903 997 2977 recursu
1018 2909 1058 2977 ad
1080 2907 1244 2978 summum
1265 2904 1458 2977 Pontificem
1480 2933 1774 2985 commemoratur.
1896 2947 1905 2955 ·
1972 2915 1975 2920 ’

555 3077 595 3152 a)
615 3073 663 3137 Ita
679 3075 796 3156 legitur
809 3075 839 3137 in
857 3070 983 3157 Josephi
1002 3073 1028 3141 l.
1054 3073 1160 3140 Caroli
1175 3074 1231 3142 Vl.
1252 3070 1287 3152 dt
1310 3070 1460 3136 Franciici
1475 3072 1497 3138 l.
1521 3075 1745 3157 diplomatibus
1765 3093 1906 3159 precoro.

557 3193 592 3275 lt)
614 3193 650 3257 Id
664 3192 779 3274 legitur
794 3193 825 3255 in
842 3193 946 3255 Caroli
966 3191 1038 3258 Vll.
1055 3194 1218 3272 precibus,
1239 3189 1376 3256 sortaffis
1390 3204 1425 3254 ut
1437 3190 1478 3256 fic
1498 3194 1741 3258 constitutiones
1755 3193 1833 3259 ledia
1846 3194 1989 3279 Aposto-

629 3276 700 3337 licae
717 3275 750 3338 δι
772 3274 898 3358 Imperii
919 3275 1211 3359 comprehenderet.

554 3392 589 3477 a)
610 3392 785 3456 Consuetns
798 3404 891 3458 tenor
904 3412 1031 3476 preeunt
1047 3395 1079 3456 in
1098 3394 1323 3473 diplomatibus
1340 3393 1493 3456 Caesarum
1503 3393 1547 3457 est
1558 3392 1632 3456 bic:
1654 3400 1676 3433 ⁴⁶
1689 3394 1892 3456 contumacia
1905 3410 1989 3458 veto

628 3475 728 3538 vestra
744 3488 798 3541 aut
818 3487 1023 3558 contemptu,
1040 3477 1125 3558 quod
1139 3475 1232 3548 absit,
1251 3475 1305 3558 p'et
1325 3477 1460 3538 mensem
1480 3478 1685 3544 continuum,
1708 3494 1724 3534 a
1744 3473 1794 3535 die
1809 3475 1989 3556 requisitio-

627 3561 676 3620 nis
692 3561 933 3626 numerandum.
958 3562 1106 3626 durante,
1129 3578 1191 3620 vos
1214 3560 1360 3621 omnibus
1377 3558 1409 3620 dt
1434 3557 1562 3637 fingulis
1583 3557 1775 3638 privilegiis,
1797 3559 1928 3636 gratiis,
1946 3557 1987 3622 ll·

628 3642 824 3713 bettatibus,
853 3640 887 3704 dt
908 3640 1133 3703 donationibus
1157 3662 1173 3700 a
1199 3641 1412 3703 Rornanorum
1433 3638 1677 3719 imperatoribus
1704 3637 1738 3700 dt
1767 3637 1934 3719 Regibus.
1952 3679 1989 3707 .-

632 3742 672 3785 eo
689 3724 755 3808 ipso
767 3728 912 3807 privatos
926 3723 957 3786 de
974 3721 1077 3784 nostra
1097 3725 1234 3785 tuitione
1254 3735 1374 3784 exutos
1396 3722 1564 3785 declarent.
1573 3762 1594 3797 „
1954 3755 1958 3764 ·

1158 3936 1193 4018 ς.
1243 3929 1338 4004 ΧΗ.

633 4072 724 4138 Dutn
753 4064 841 4138 hisce
870 4065 1041 4161 hucusque
1071 4063 1122 4132 vel
1151 4060 1360 4132 confutandis
1383 4062 1435 4132 vel
1462 4056 1648 4133 referendis
1684 4061 1882 4130 immoratus
1905 4055 1989 4139 sum,

518 4187 605 4233 nunc
623 4154 812 4258 pro'priam,
835 4190 933 4262 quam
952 4185 1062 4231 mente
1078 4185 1193 4239 teneo,
1214 4157 1407 4228 sententiam
1425 4164 1556 4253 aperire
1573 4183 1726 4251 oportet,
1750 4159 1781 4228 dt
1798 4157 1937 4250 quidem
1952 4177 1988 4226 ut

519 4284 590 4329 rem
614 4271 727 4352 paucis
746 4261 984 4353 constringam,
1004 4261 1119 4328 derivo
1135 4258 1187 4351 jus
1212 4258 1434 4326 Caelarearum
1457 4281 1616 4350 precum,
1641 4280 1800 4348 quatenus
1820 4261 1851 4323 in
1877 4254 1989 4324 Eccle-

518 4354 571 4427 fiis
597 4355 819 4427 catholicis&
846 4358 1088 4452 protestanticis
1118 4378 1306 4434 exercetur,
1329 4357 1449 4448 partim
1471 4377 1508 4420 et
1530 4357 1712 4422 inveterata
1740 4348 1989 4431 consuetudine,

519 4450 584 4525 sne
600 4459 698 4522 tacito
721 4453 917 4524 collatorum
940 4451 1115 4532 consensu,
1141 4456 1263 4547 partim
1288 4479 1326 4521 ex
1345 4445 1545 4521 concessione
1569 4448 1768 4529 Pontificio,
1799 4449 1924 4545 partim
1950 4471 1990 4520 ex

518 4549 737 4628 instrumento
757 4554 792 4627 Ρ.
808 4556 863 4624 W.
890 4549 1039 4625 Primum
1055 4550 1192 4624 indubie
1205 4553 1369 4622 evincitur
1385 4572 1423 4620 et
1438 4572 1497 4630 eo,
1520 4549 1611 4645 quod
1624 4548 1692 4640 jam
1712 4549 1813 4642 lungo
1833 4569 1993 4659 tempore

1952 4667 1987 4713 tta
