5017 5592
376 645 392 805 ss
489 702 564 782 730
667 729 672 738 .
944 667 1520 767 ntssrntsttro

439 831 455 850 l
490 882 568 944 eum
584 854 752 931 reservato
764 800 988 930 Ecclesiastico
1001 857 1035 950 t)
1060 877 1110 931 tot
1123 853 1259 929 demum
1275 853 1514 950 Domiut'tibua
1534 877 1652 935 motta
1664 855 1851 960 praedlslu
1866 860 1982 963 pacis«

491 964 638 1031 tationes
655 956 696 1028 ab
713 951 857 1029 Ecclesia
869 951 989 1029 auulfis
1005 952 1210 1039 consitmctte¹
1225 951 1315 1033 sunt.

444 1159 446 1166 ·
511 1120 571 1203 ὀ)
593 1120 666 1191 Vid.
688 1121 778 1185 attic.
799 1114 844 1188 V.
865 1126 891 1206 ς.
910 1140 942 1191 a.
965 1140 1015 1211 15·
1037 1140 1090 1208 ος.
1109 1139 1166 1209 25.

534 1242 573 1320 d)
597 1238 698 1302 Attio.
725 1235 767 1303 V.
789 1235 823 1319 §.
847 1253 898 1324 ις,

496 1415 503 1426 .
533 1356 569 1440 t)
586 1356 689 1422 Attio.
710 1353 752 1424 V.
775 1357 811 1439 ὃ.
832 1371 863 1425 1.
985 1377 987 1382 ’

1145 1504 1177 1591 §.
1224 1495 1338 1581 XXl.

610 1629 699 1705 Illud
721 1649 838 1703 notatu
859 1622 1088 1723 dignissimum
1111 1629 1175 1715 est,
1205 1632 1297 1728 quod
1318 1631 1490 1728 Principes
1511 1625 1733 1704 l’rotestanter
1755 1626 1799 1702 ad
1822 1626 1978 1706 beneficit

495 1729 678 1831 aspirantes
694 1728 862 1801 tonsuram
878 1728 911 1799 dt
928 1727 1063 1798 ordines
1079 1725 1193 1799 saltem
1206 1731 1533 1826 minores'pctietint
1544 1731 1582 1821 a)
1598 1724 1838 1799 aliiPootilicis
1851 1730 1978 1802 indultu

495 1832 531 1906 dt
546 1826 800 1901 confirmatione
816 1848 903 1921 opus
919 1821 982 1906 esse
997 1822 1058 1920 ipsi
1073 1841 1151 1898 tunc
1174 1830 1339 1923 temporis
1362 1827 1603 1922 judicaverint,
1634 1846 1673 1897 ut
1694 1827 1737 1896 de
1749 1824 1907 1918 Auguslo
1928 1832 1979 1920 Sa·

370 1925 372 1928 ’
493 1931 600 2005 xuniae
616 1932 712 1997 Duce
734 1918 839 1995 resett
854 1923 1004 1994 aldarnus
1019 1924 1212 1997 Frideticus
1235 1920 1372 2021 Clasey:
1407 1933 1586 2021 „primum
1608 1925 1745 2021 quidem
1770 1929 1822 1996 uti
1843 1925 1914 2020 jam
1931 1924 1977 1996 di·

494 2024 609 2122 ,filum
626 2019 694 2105 esl,
715 2020 904 2103 tentabant,
926 2043 1000 2091 ana
1021 2022 1185 2118 Capitulis
1200 2018 1381 2096 secundum
1398 2026 1551 2095 Canones
1567 2026 1630 2095 rite
1645 2019 1743 2093 elesii
1752 2025 1885 2095 Summi
1897 2026 1977 2096 Pon·

494 2122 619 2220 „tificis
633 2117 824 2193 consensum
843 2121 1027 2217 impetrate
1049 2115 1194 2217 possent,
1217 2145 1283 2217 qua
1298 2124 1332 2191 in
1348 2146 1386 2191 te
1409 2118 1576 2213 Augullus
1597 2125 1672 2192 Dux
1693 2123 1846 2192 Saxoniae
1869 2118 1976 2218 polles

444 2235 446 2240 '
494 2220 675 2319 -„Eleetor,
699 2220 708 2289 i
736 2215 775 2289 sta
789 2215 944 2313 exemplo
958 2213 1017 2288 suo
1030 2242 1107 2289 cum
1126 2215 1330 2314 Episcopatu
1346 2216 1641 2312 Martisbutgenli,
1658 2217 1754 2312 cujus
1774 2216 1979 2291 adminillrr·
1998 2261 2000 2265 Α

493 2324 644 2414 „tionem
663 2243 736 2412 ipss·
745 2313 939 2411 Capitulum
954 2311 1298 2409 postulationistitulo
1322 2315 1507 2401 detulerat,
1533 2320 1680 2413 ptaeivit,
1713 2319 1759 2387 ite
1784 2317 1921 2412 quidem
1941 2336 1977 2388 ut

486 2413 786 2514 ·„Kumerlladium
801 2417 965 2506 Legatum
983 2411 1024 2485 ad
1038 2415 1211 2486 Nuntium
1233 2412 1464 2512 Apollolicum
1481 2416 1630 2487 Coloniae
1653 2414 1881 2513 Aggrippioae
1900 2435 1994 2515 tuoe

495 2534 784 2610 „commorantem
807 2514 977 2598 mitteret,
1013 2512 1071 2609 qui
1093 2508 1229 2584 summis
1252 2511 1408 2609 precibus
1432 2511 1473 2584 ab
1494 2538 1535 2584 co
1555 2508 1772 2606 efflagitaret,
1806 2534 1846 2585 ut
1874 2511 1976 2585 literis

496 2610 810 2708 „commendaditiis
824 2611 974 2690 Domino
992 2607 1052 2683 suo
1064 2607 1255 2684 consensum
1274 2612 1401 2684 Summi
1412 2607 1581 2683 Pontificis
1596 2611 1636 2680 in
1645 2611 1900 2706 promotionem
1908 2610 1975 2707 ejus

489 2714 561 2806 „ad
586 2705 825 2809 Episcopatum
846 2706 1171 2804 Martisbutgensem
1199 2730 1415 2807 procuraret,
1455 2705 1511 2781 sed
1534 2710 1669 2780 Nuntio
1690 2703 1892 2802 Apostolico
1915 2710 1976 2780 hoe

494 2810 648 2904 „auslere
663 2808 865 2902 denegante,
888 2803 1143 2903 Auguslumque
1156 2810 1299 2880 Romam
1316 2810 1525 2891 remittente,
1557 2806 1612 2878 ltic
1634 2807 1817 2878 deterritus
1840 2806 1886 2879 de
1905 2806 1974 2878 aliia

489 2910 679 2999 '·„remediis
699 2907 875 2998 cogitavit,
901 2901 1046 3000 suosque
1060 2907 1094 2976 in
1111 2903 1276 2999 religione
1289 2901 1394 2977 socios
1409 2904 1517 2978 secum
1533 2906 1641 2976 traxit.
1692 2902 1798 2975 Aliud
1821 2904 1974 3000 prejudi-

496 3013 587 3084 cium
608 3003 684 3077 stslit
700 3001 906 3074 Chtillianus
923 3006 1000 3073 Dux
1014 3002 1258 3075 Brunsvicenlis
1275 3004 1308 3075 dt
1329 3000 1610 3095 Lunebutgenfis,
1634 3002 1694 3095 qui
1710 3025 1805 3074 metu
1820 3005 1971 3073 amitten·

495 3108 531 3179 di
545 3100 763 3199 Episcopatus
779 3096 962 3169 Mindensts
977 3124 1062 3170 anno
1084 3125 1188 3193 1599·
1205 3125 1224 3172 a
1239 3101 1412 3174 Clemente
1430 3105 1527 3174 Vlll.
1544 3098 1733 3171 humillime
1751 3096 1973 3172 confirmatio·

495 3227 573 3277 nem
591 3202 687 3298 petiit
697 3246 717 3312 ².
736 3218 836 3364 appue
860 3197 896 3267 in
919 3195 1055 3313 politica
1080 3197 1321 3314 gubernatione
1344 3189 1556 3313 praepositum
1581 3195 1898 3311 osnebruggensem
1917 3201 1974 3268 Vi·

493 3295 882 3475 sssllllllsll
892 3296 1394 3493 lllltl'lsssszsllssl
1411 3297 1603 3370 'mmmm
1619 3294 1652 3369 ἃ
1667 3320 1825 3394 *mmm
1841 3296 1971 3424 ⁰¹⁰⁶ss

534 3568 575 3654 o)
595 3563 634 3632 Io
654 3562 793 3647 eleganti
811 3559 978 3647 specimine
999 3558 1192 3625 dodecadetn
1214 3561 1390 3645 figillototn
1414 3559 1600 3645 complexo.
1622 3557 1625 3566 '

1126 3758 1160 3861 t.
1206 3759 1378 3835 xxti..

610 3898 697 3970 Satis
713 3893 839 3968 dislum
855 3892 903 3968 esl
915 3892 1158 3969 deFeudotum
1170 3919 1249 3969 ortu
1265 3896 1299 3968 dt
1315 3890 1411 3979 satis,
1428 3892 1522 3968 lubet
1539 3894 1650 3992 aliqua
1665 3890 1834 3992 subjicere
1850 3896 1893 3972 de
1901 3923 1971 3972 con·

375 4014 380 4027 ‘
491 3994 679 4078 troversia,
706 4020 780 4089 quae
796 3998 925 4067 tatione
939 3993 1139 4067 intelliturae
1153 3998 1241 4067 inter
1256 3998 1409 4087 Regnum
1427 3993 1703 4066 &Sacerdotium
1724 4017 1836 4067 tuntas
1852 4002 1970 4069 excita&

492 4120 572 4170 runt
586 4090 813 4189 tempestates,
838 4115 874 4164 ut
890 4090 1016 4164 summa
1033 4116 1104 4165 tum
1121 4090 1289 4172 Ecclesia,
1315 4115 1385 4161 tum
1405 4095 1545 4189 Imperii
1556 4095 1675 4189 Capita
1686 4093 1967 4175 convellerentut,

400 4271 402 4278 s
492 4193 686 4294 thronoqoe
700 4190 940 4286 dejicerentur,
963 4215 1041 4261 cum
1057 4194 1146 4262 enim
1162 4193 1333 4261 Henricus
1353 4193 1415 4263 lV.
1437 4190 1526 4286 quod
1544 4193 1668 4262 multos
1692 4188 1918 4289 Episcopatus
1939 4190 1969 4264 d

491 4288 653 4370 Abbatias
670 4314 733 4384 pto
748 4292 889 4385 pecunia
903 4288 1109 4371 vendiderit,
1135 4292 1294 4386 turpique
1310 4288 1406 4361 lucto
1420 4289 1631 4370 alienaverit,
1656 4286 1804 4360 srmoniae
1816 4314 1967 4385 arguett·

492 4412 567 4473 tur,
599 4410 829 4484 pretereaque
850 4384 1077 4458 investituram
1100 4412 1163 4484 per
1185 4386 1343 4457 annulum
1368 4387 1401 4458 dt
1423 4386 1577 4457 baculum
1599 4386 1769 4459 dimittere
1788 4387 1917 4471 nollet,
1951 4409 1966 4458 e

491 4487 665 4579 Gregorio
677 4487 756 4555 Vll.
773 4489 805 4556 8.
823 4489 857 4555 P.
875 4486 1224 4557 excommunicationis
1243 4482 1384 4582 fulmine
1406 4481 1574 4581 percussus
1589 4480 1709 4572 fuerit,
1744 4484 1812 4557 hoe
1836 4486 1911 4582 ipso
1933 4483 1964 4557 il·

469 4625 472 4631 ·
490 4584 563 4656 lum
578 4611 595 4653 a
609 4586 844 4655 communione
860 4580 1009 4655 fidelium
1026 4580 1193 4656 exclusum
1208 4587 1369 4654 Proceres
1386 4607 1542 4679 tanquam
1564 4605 1662 4677 caput
1683 4588 1842 4655 venerari
1866 4585 1963 4656 detre-

487 4678 641 4769 &atuum
665 4681 811 4781 ideoque
831 4679 1005 4778 elegerunt
1026 4682 1059 4759 dt
1085 4684 1270 4761 excitarunt
1291 4704 1408 4761 contra
1429 4705 1508 4758 eum
1529 4684 1597 4759 anti
1608 4681 1722 4777 Reges
1743 4681 1962 4776 Rudolphuto

452 4803 463 4826 ··
971 4821 973 4832 ·
1730 4805 1736 4818 ’
1841 4780 1965 4860 sirene
