5017 5592
647 662 719 748 nr:
739 613 870 765 Junt
892 659 1236 744 commorunt
1257 660 1451 742 iuranti
1475 659 1823 744 crncnsncns.
1941 688 1986 780 ,ς
2030 675 2045 682 -·

519 844 678 919 Indomita
694 845 816 921 deinde
830 849 1060 922 Romenorum
1076 849 1178 920 armis
1191 848 1398 932 Germonia,
1417 848 1500 944 quin
1513 842 1674 920 Romanis
1691 869 1755 945 per
1773 846 1885 923 sorios
1897 847 1989 922 Ger·

516 948 626 1018 menie
644 946 793 1044 Populos
810 969 900 1018 trans
914 949 1018 1046 Alpes
1029 944 1175 1040 sugatis,
1195 972 1233 1018 ac
1248 949 1284 1018 in
1306 945 1380 1044 ipso
1388 950 1496 1026 Latio
1514 949 1637 1020 attritis
1656 946 1812 1020 refloruit
1831 942 1989 1044 supersti-

515 1065 579 1116 tum
594 1047 628 1116 io
640 1047 813 1144 Teutonis
827 1047 991 1119 Gentium
1006 1047 1161 1129 libertas,
1180 1047 1442 1139 Thuringorum
1458 1043 1641 1143 praesertim
1656 1046 1818 1141 Boiorum
1835 1046 1869 1118 dr
1886 1049 1988 1118 Saso·

514 1165 599 1214 num.
649 1148 788 1215 Novam
805 1169 887 1216 uero
904 1147 1024 1218 Petrie
1043 1143 1162 1218 nollrae
1180 1140 1303 1215 faciem
1316 1144 1461 1216 Carolus
1482 1150 1534 1215 M.
1553 1144 1663 1227 dedit,
1687 1148 1745 1234 qui
1767 1169 1884 1216 omnes
1899 1146 1988 1218 Ger·

509 1237 1675 1437 itti,ttttlt{sibisibi,sltsslttttti‘ttrlt
1698 1240 1989 1414 sitistis
2089 1325 2104 1338 ·

510 1462 619 1510 rerum
636 1442 917 1510 Germanicarum
931 1434 1059 1511 forma:
1081 1439 1206 1536 quibus
1223 1464 1338 1511 nutem
1352 1437 1426 1534 post
1445 1442 1646 1532 carolingos
1668 1441 1893 1531 imperatores
1915 1462 1990 1531 gre·
2017 1447 2028 1464 ⁸

510 1534 602 1608 dibus
618 1537 773 1608 moderni
789 1539 960 1633 Principes
974 1540 1116 1636 Imperii
1132 1538 1173 1607 ad
1189 1535 1365 1620 sublimem
1385 1537 1495 1618 illam,
1518 1561 1585 1634 qua
1605 1537 1788 1608 hodiedum
1803 1533 1989 1618 coruscant.

509 1633 703 1725 dignitatem
718 1659 755 1706 ac
770 1634 966 1732 potestatem
982 1633 1207 1720 ascenderint,
1232 1636 1268 1706 id
1283 1661 1350 1707 uuo
1366 1634 1537 1707 serbolric
1554 1635 1801 1726 indigitandum
1811 1679 1824 1722 ,
1847 1657 1990 1733 noupro
2056 1659 2062 1670 ’

509 1755 554 1803 ret
580 1732 747 1824 dignitate
767 1733 1000 1806 excernendum
1021 1732 1077 1806 est.
1127 1736 1211 1805 Sunt
1233 1737 1292 1830 qui
1317 1733 1408 1804 nudo
1433 1733 1601 1805 cesarum
1627 1729 1808 1815 beneficio,
1829 1732 1888 1827 (a)
1903 1730 1992 1820 sunt,

532 1833 565 1900 ui
588 1831 776 1903 eorundem
798 1832 1027 1925 negligenttae,
1041 1831 1101 1927 (l)
1117 1828 1175 1901 lull
1190 1856 1257 1928 qua
1276 1831 1454 1903 incoluerit
1470 1835 1670 1924 Magnarum
1689 1832 1895 1914 authoritas,
1918 1855 1991 1903 mo·
2076 1843 2079 1850 '

511 1854 609 2000 lerna
625 1932 821 2025 Principum
834 1936 917 2027 Jura
932 1927 1136 2010 adscribunt.
1166 1930 1222 2001 alii
1241 1926 1457 2021 Augustiores
1472 1928 1607 2000 illorum
1622 1925 1991 2002 Natalesinvenissese
2042 2003 2045 2008 ,

512 2048 644 2121 putant,
683 2026 868 2102 causantes:
907 2026 1178 2124 superioritatem
1198 2026 1439 2100 territoriolem
1460 2025 1590 2123 pristini
1608 2030 1705 2124 Juris
1726 2024 1789 2101 csse
1807 2030 1988 2123 reliquias:
2093 2085 2096 2090 -

513 2127 653 2196 Francos
670 2128 779 2217 Reges
795 2152 860 2196 non
880 2122 1049 2222 subjecisse
1063 2123 1121 2196 fibi
1134 2132 1276 2197 Veteres
1292 2127 1487 2197 Germaniae
1512 2128 1705 2221 Principes,
1729 2123 1785 2198 sed
1805 2125 1992 2199 clientelari

515 2217 615 2292 solum
628 2227 715 2319 Jure
731 2220 952 2307 obstrinxisse,
978 2249 1015 2296 oe
1032 2226 1105 2317 lege
1122 2226 1167 2294 im
1196 2227 1261 2293 aris
1275 2220 1411 2294 soederis
1428 2218 1582 2294 addixisse
1598 2211 1759 2295 corolum
1781 2225 1919 2320 quidem
1935 2227 1990 2295 M.

516 2319 643 2391 cosdem
663 2323 855 2394 Germanie
874 2323 1046 2414 Principes
1065 2320 1099 2391 T
1102 2248 1294 2392 haslilonem
1318 2317 1501 2416 presertim
1523 2323 1669 2391 llacnriae
1690 2322 1722 2391 dr
1746 2319 1991 2392 Wittilcin'dum

519 2420 656 2489 Sarmiae
673 2423 785 2491 Duces
804 2419 896 2492 bello
911 2416 1093 2515 superaffe3
1117 2416 1175 2489 sed
1191 2416 1402 2490 exarescente
1425 2414 1527 2512 stirpe
1546 2418 1704 2489 Carolina
1722 2422 1806 2514 Jure
1828 2416 1991 2516 postlimi-

520 2518 557 2585 nii
570 2514 727 2612 pristinos
738 2520 991 2590 Germanorum
1013 2523 1125 2590 Duces
1141 2518 1251 2588 denuo
1274 2511 1463 2600 surrexisse,
1490 2512 1693 2612 resumpfilse
1716 2515 1860 2588 habenas
1883 2520 1993 2588 Duce·
2155 2607 2157 2614 Ι

518 2634 604 2684 tuum
625 2611 782 2699 suorum,
817 2615 895 2686 inde
914 2614 1041 2711 septem
1063 2618 1251 2712 precipuos
1273 2609 1468 2687 Germaniae
1487 2617 1638 2685 Ducatus
1661 2637 1793 2687 exortos
1816 2614 1992 2710 Bojoariae,
2093 2637 2098 2648 ·

521 2714 655 2795 trevie,
682 2717 850 2797 Sasoniae,
872 2714 1093 2806 Thuringiae,
1118 2715 1307 2794 bohemiae,
1331 2711 1503 2782 Vandaliae
1519 2710 1839 2805 brandenburgica.
1864 2713 1994 2785 &Pto-

520 2810 625 2881 tiocia
640 2808 842 2895 Rhenenfis,
868 2835 1013 2909 quorum
1028 2816 1139 2883 Duces
1150 2796 1415 2907 lmperatoribus
1431 2806 1644 2904 sequentibus
1656 2809 1839 2882 Ottonibus
1852 2810 1994 2882 &Hen-

519 2909 587 2978 ritis
609 2935 677 2981 oon
699 2909 766 2980 alio
784 2933 888 3006 quam
909 2909 1078 2982 Clientelae
1102 2907 1135 2980 or
1158 2903 1294 2980 federis
1314 2909 1454 3005 imparis
1475 2906 1610 2979 vinculo
1629 2905 1751 2980 subditi
1766 2903 1904 2983 fuerint.
1930 2907 1993 3005 (c)

520 3005 624 3077 Nobis
640 3006 835 3079 credibilius
850 3006 1000 3090 videtur,
1025 3007 1115 3103 quod
1132 3007 1356 3104 pedetentim,
1381 3030 1448 3078 non
1463 3029 1545 3077 vero
1566 3002 1661 3077 simul
1677 3031 1713 3079 ac
1728 3003 1832 3080 semel
1850 3012 1995 3104 Imperii
2056 3089 2058 3094 g

520 3103 684 3202 Principes
700 3131 736 3176 ac
752 3101 851 3176 slatus
870 3105 909 3175 ad
926 3104 1126 3177 modernum
1140 3103 1385 3202 superioritatis
1401 3103 1543 3196 gradum
1563 3103 1816 3178 conscenderint
1837 3106 1995 3202 adjuvan·

521 3201 600 3273 tibus
622 3204 833 3276 adminiculis
849 3201 1035 3300 prediilis,
1058 3204 1233 3276 accedente
1251 3204 1374 3300 partim
1395 3201 1618 3286 liberalitate,
1642 3209 1767 3300 partim
1789 3204 1995 3297 negligentia

522 3300 698 3384 cesarum,
726 3304 848 3398 partim
866 3300 995 3399 prislini
1010 3306 1102 3399 Juris
1119 3305 1254 3398 Specie.
1268 3299 1421 3470 publ-icis
1439 3298 1564 3382 turbis,
1590 3323 1783 3402 tempotum
1804 3300 1898 3404 lapsu
1910 3328 1999 3403 pren,
2079 3359 2085 3364 -

521 3396 702 3497 scriptionis
716 3402 855 3472 nominc
866 3398 1054 3473 occasiones
1070 3399 1253 3497 titulosque

1282 3396 1634 3497 uppeditsntibus.(d)

555 3569 609 3648 (a)
629 3564 679 3630 lta
693 3566 853 3649 praecipue
867 3576 1017 3650 putarunt
1034 3567 1170 3636 Veteres
1185 3563 1268 3639 Juris
1284 3565 1402 3647 publici
1416 3562 1590 3631 Dostoras.

560 3717 975 3864 (s)itamlbrntrntnn1tin
999 3716 1111 3783 dbron.
1136 3715 1314 3799 Spirensi.
1336 3736 1367 3785 a.
1385 3715 1820 3784 corrumperentur
1846 3719 1880 3785 in
1904 3717 1999 3785 stou-

628 3822 669 3865 τα
721 3819 815 3865 onoc.
833 3820 864 3882 3.

560 3940 608 4030 (fi)
630 3934 814 3999 Dostrinam
831 3933 989 4015 haocptae
1006 3931 1137 4030 reliquia
1155 3930 1601 4030 tueturLuorcwtorus
1620 3933 1655 3996 in
1679 3936 1918 4002 Commentario
1940 3931 2000 3998 sno
2151 3921 2154 3926 ’

631 4019 669 4081 ad
683 4019 821 4081 Auream
841 4014 982 4086 Bullrm,
1018 4012 1052 4076 &
1074 4014 1143 4077 ains
1167 4013 1299 4097 Scriptis
1323 4016 1451 4097 passim,
1479 4016 1583 4079 Duces
1604 4016 1679 4081 illos
1699 4017 1825 4084 Archi·
1839 4016 2003 4102 Principes

629 4102 820 4170 nominans,
863 4099 1064 4160 recinentem
1087 4096 1197 4160 habuit
1212 4097 1413 4161 Personatum
1435 4097 1675 4163 Pons-risun
1688 4121 1805 4165 nrum
1837 4101 1873 4163 tle
1884 4100 1999 4185 supre-

630 4195 752 4328 s⁰‘¹⁴‘'
767 4199 816 4263 ¹⁵·
839 4179 958 4325 :tbi
973 4178 1207 4326 “frent
1224 4184 1260 4327 {3²
1276 4178 1708 4345 ‘dimisistis’
1727 4183 2000 4352 insidiis

632 4284 913 4433 dissertisslimniquoll
927 4281 1213 4430 Sngtriffirmpmi·
1228 4310 1350 4430 osr'gr'rte
1366 4343 1405 4412 &
1416 4310 1589 4430 progrtffu·
1704 4309 1718 4345 ἲ
1816 4312 1825 4333 ⁸
2091 4325 2094 4330 Ι

564 4497 613 4580 (a)
628 4496 758 4566 Veritas
775 4496 877 4562 asserti
897 4494 994 4559 nostri
1014 4496 1146 4579 patescit
1163 4519 1206 4562 ex
1226 4497 1284 4565 iis,
1306 4513 1379 4577 quae
1396 4495 1481 4560 colle
1505 4498 1530 4561 tt
1552 4496 1850 4569 Prnrrntan
1870 4497 1916 4565 aa
1941 4494 2002 4563 Vt.

633 4585 783 4678 &ruinas
797 4587 864 4668 η.
884 4579 945 4649 Tit.
963 4597 1012 4663 15.
1027 4581 1053 4667 s.
1069 4599 1099 4649 1.
1114 4598 1137 4649 a
1154 4582 1217 4647 Fol.
1238 4579 1330 4663 1056.
1345 4599 1438 4667 utque
1508 4580 1572 4651 Fu.
1586 4592 1677 4659 1118.
2005 4583 2010 4592 “

1234 4732 1315 4810 Ea
1894 4732 1927 4827 ς.
1951 4721 2005 4805 11.
2089 4693 2092 4698 ¹
