5017 5592
376 725 380 730 .
429 589 435 608 '
502 547 589 713 ,00'
761 545 1104 726 nissanrarro
1128 555 1733 687 armorico-canonica

502 796 591 866 ditos
612 790 675 863 810·
696 783 965 884 juriSdiffionem
978 811 1030 881 per
1040 787 1121 879 le&
1138 794 1257 864 ratione
1266 792 1317 887 sui
1336 788 1465 865 tribuit.
1514 788 1682 868 Allectum
1708 793 1857 869 contrita
1872 819 1892 870 a
1906 796 1988 870 mul·

503 895 546 967 tis
567 885 691 965 saeculis
707 887 869 984 paroemia
888 888 1049 958 cauteriet
1089 997 1092 1002 Ι
1217 919 1220 926 ·
1635 941 1638 948 .

640 1064 829 1174 schutz
854 1057 963 1170 und
987 1061 1188 1170 Schirm
1214 1058 1354 1202 gicht
1371 1059 1524 1170 keine
1544 1059 1849 1211 Obrigkeit.

457 1313 459 1318 ,
504 1253 615 1347 Qaam
637 1248 847 1334 eommunis,
867 1248 936 1318 imo
952 1246 1118 1316 unanimis
1132 1241 1323 1316 Doslorum
1347 1240 1505 1316 sententia
1524 1242 1712 1321 confirmat.
1761 1251 1911 1345 Qrando
1926 1251 2007 1348 igi..

504 1373 560 1425 tur
584 1345 795 1420 immediatus
819 1346 957 1441 Imperii
978 1340 1146 1426 subditus,
1171 1339 1235 1414 stuc
1259 1340 1401 1413 Ecclefia
1424 1337 1542 1422 fuerit,
1568 1342 1632 1416 stre
1648 1350 1782 1430 civitas,
1802 1375 1862 1422 aut
1877 1355 1987 1448 prinu

407 1507 415 1519 .
505 1470 559 1518 tus
588 1448 708 1525 homo,
729 1441 851 1513 nobilis
873 1442 923 1514 ecl
946 1438 1121 1533 ignobilia,
1145 1465 1162 1510 a
1190 1440 1336 1535 quodam
1361 1442 1516 1537 Principe
1533 1443 1565 1510 in
1589 1442 1840 1538 proteelionem
1866 1452 1984 1547 recipi·

505 1568 578 1627 tur,
601 1544 685 1613 nihil
703 1543 859 1638 Princeps
874 1544 908 1611 in
921 1540 1020 1611 illum
1040 1535 1282 1634 jurisdiciionis
1299 1539 1459 1633 acquiri13
1486 1541 1565 1633 quia
1581 1545 1811 1636 protegendus
1827 1543 1935 1619 solum
1952 1549 1984 1619 in

504 1639 714 1715 Protcrloris.
735 1644 932 1721 clientelam,
961 1662 1028 1707 non
1053 1632 1290 1730 suhjeslionem
1313 1633 1454 1720 rrnnbt3
1487 1660 1699 1734 quapropter
1723 1645 1887 1742 Princeps
1909 1650 1986 1717 Pro·

505 1738 615 1813 teslor
633 1742 732 1809 talem
751 1736 907 1807 clientem
923 1738 957 1806 in
981 1731 1045 1804 luis
1065 1732 1185 1804 litteris
1212 1760 1278 1806 non
1301 1757 1421 1805 vocat:
1447 1731 1543 1803 lieben
1558 1758 1725 1827 gerreeertr·
1750 1745 1830 1838 quia
1856 1740 1916 1814 isla
1930 1767 1984 1839 ap·

503 1839 643 1936 pellurio
665 1836 877 1918 lolummodo
891 1837 925 1905 in
940 1831 1087 1905 subditos
1101 1829 1280 1929 principali
1294 1828 1521 1929 jurisdisiioni
1539 1856 1577 1905 ex
1592 1859 1729 1935 recepto
1742 1838 1805 1913 usu
1825 1840 1984 1918 cadere&

352 1943 356 1948 '
504 1934 658 2034 usurpati
673 1931 765 2006 solet.

738 2060 913 2128 Gallittae
932 2061 1073 2146 Arreflia
1091 2060 1227 2148 Imperii.
1254 2058 1326 2147 Cap.
1341 2079 1370 2148 γ.
1393 2081 1441 2129 nr.
1459 2081 1507 2147 13.

732 2169 935 2254 Reiclrenberg
947 2171 983 2233 da
1002 2172 1172 2234 Advororis
1187 2167 1226 2235 P?
1247 2172 1431 2235 Advocatir't
1451 2169 1637 2236 Germania.
1660 2171 1692 2255 ὃ.
1705 2188 1756 2256 30.

620 2291 685 2366 lll.
710 2289 758 2361 Ex
772 2283 949 2361 certissimo
964 2287 1069 2362 lllhoc
1091 2286 1309 2364 fundamento
1333 2289 1472 2386 Augulli
1496 2293 1718 2387 Imperatores
1735 2294 1769 2363 in
1795 2287 1862 2363 suis
1879 2285 1985 2390 diplo-

503 2382 649 2467 matibus
671 2384 905 2487 protelloriis,
930 2413 1003 2484 quae
1019 2392 1117 2460 certis
1132 2387 1300 2473 Eccleliis,
1321 2385 1551 2485 Principibus,
1574 2388 1708 2488 populis
1726 2385 1758 2461 dr
1779 2390 1900 2462 alienia
1915 2389 1985 2464 lub-

505 2489 586 2564 ditis
611 2484 812 2559 immediatis
836 2486 1020 2558 concedere
1039 2488 1164 2579 dignati
1183 2484 1274 2570 sunt,
1300 2511 1372 2558 rem
1396 2493 1441 2558 ira
1467 2483 1605 2559 sollicite
1628 2510 1787 2578 egerunt,
1812 2513 1850 2560 ut
1866 2486 1985 2562 salvam

504 2586 574 2661 sem
602 2612 639 2658 er
657 2585 690 2658 dr
706 2581 863 2656 intellem
879 2585 1005 2682 prioris
1022 2580 1077 2657 seu
1095 2582 1258 2656 ordinarii
1277 2586 1415 2656 Domini
1438 2585 1627 2682 immediati,
1640 2583 1985 2679 jurisdisiionem,cui

504 2688 540 2759 in
556 2612 716 2757 'simiam
736 2681 917 2756 cesaream
937 2706 1091 2780 receptus
1108 2705 1202 2754 antea
1226 2680 1391 2778 subjellus
1411 2679 1538 2764 literar,
1564 2679 1626 2754 elie
1644 2682 1822 2756 voluerint.
1876 2686 1910 2756 Si
1938 2689 1997 2756 ui·'

415 2825 417 2830 ·
506 2786 583 2855 dem
616 2779 801 2879 diplomata
829 2771 1035 2874 protesloria
1063 2804 1215 2852 naturam
1238 2782 1412 2852 imitantur
1436 2777 1720 2877 privilegiorum,
1750 2805 1826 2877 quae
1855 2709 1984 2877 juriho's

505 2885 629 2953 Tertio
649 2877 791 2976 quesitis
818 2878 849 2948 dr
873 2882 985 2970 quiete
1010 2875 1167 2974 pollcllis,
1193 2881 1332 2950 minime
1357 2876 1478 2950 debent
1500 2877 1730 2973 praejudicare.
1787 2885 1917 2976 Neque
1933 2903 1984 2953 ne·

505 2975 588 3051 celle
605 2976 668 3058 ell,
687 2999 724 3047 ut
738 2973 825 3068 dille
844 2972 1119 3069 saluatiojurium
1141 2972 1199 3070 ipsi
1221 2976 1439 3071 protellionis
1463 2974 1680 3046 instrumento
1704 2974 1888 3059 inseratur,
1908 2982 1982 3074 quie

505 3079 577 3150 haec
594 3100 632 3146 ex
648 3095 765 3143 natura
788 3067 943 3167 limplicis
961 3070 1179 3168 proresiionis
1195 3070 1287 3155 lluit,
1310 3076 1342 3147 dr
1359 3074 1503 3171 ipseper
1520 3070 1551 3143 se
1564 3074 1629 3166 jam
1649 3071 1747 3145 incise
1765 3076 1981 3168 intelligitur:

504 3175 541 3247 id
560 3172 650 3268 quod
667 3170 780 3241 multis
803 3168 1032 3264 deducitjuris
1051 3171 1205 3244 Feudalis
1225 3171 1452 3266 vitembergae
1476 3169 1642 3245 Profellor
1657 3174 1827 3245 Martinus
1843 3175 1981 3251 Chlader

506 3277 582 3345 nius
593 3274 629 3346 in
645 3259 714 3341 diff.
730 3293 816 3340 anno
837 3290 939 3360 1750.
955 3268 1061 3350 edita,
1084 3268 1138 3341 cui
1155 3269 1292 3342 titulus:

703 3399 885 3485 Diplomoio
896 3400 1081 3486 protaPlorio
1103 3399 1235 3486 intelligi
1243 3397 1335 3485 salon
1353 3443 1370 3483 ρ
1388 3397 1583 3465 urisdiliiour
1599 3401 1772 3467 ordinario.

621 3526 683 3595 lv.
710 3520 836 3593 Placuit
856 3520 1074 3594 nihilominus
1091 3517 1317 3593 sacratiffimis
1336 3520 1702 3618 imperatoribusjullis
1721 3523 1764 3595 de
1780 3519 1885 3595 caulis
1899 3522 1980 3596 clau·

504 3618 627 3696 sulam:
650 3621 745 3710 fitius
761 3623 970 3711 jurisdiliirne
985 3624 1149 3692 ordinaria.
1183 3618 1302 3715 sepius
1322 3618 1576 3716 diplomatibus,
1603 3620 1724 3717 quibus
1747 3622 1798 3693 vel
1824 3620 1891 3719 rpfi
1914 3623 1980 3717 qui·

505 3719 646 3796 busdam
668 3717 863 3809 singularem
882 3715 1125 3808 proreslioncm
1148 3721 1383 3801 condixerunt,
1411 3740 1466 3788 aut
1486 3715 1695 3800 facultatem,
1728 3716 1785 3790 bbi
1807 3717 1977 3816 specialem

438 3864 448 3872 -
504 3814 735 3919 proteslorcm
755 3814 899 3903 eligendi
918 3814 1124 3894 tribuerunt,
1156 3815 1363 3912 inspergere,
1389 3842 1456 3911 quo
1480 3812 1600 3888 scilicet
1616 3815 1826 3890 Protcslorcs
1851 3812 1977 3891 suioffi·

506 3922 550 3990 cii
569 3915 757 3986 admonitos
774 3910 986 3992 cohiberent,
1010 3912 1062 3982 vel
1080 3914 1215 3985 clientes
1236 3937 1328 3985 metu
1348 3940 1439 3984 nove
1459 3910 1669 4007 lubjcllionis
1684 3915 1861 4009 &jurium
1878 3915 1977 4012 prilli·

506 4038 627 4086 norum
647 4008 905 4083 minuendorum
924 4009 1115 4081 liberarent.
1166 4015 1249 4081 Rem
1272 4010 1469 4108 quibusdam
1486 4013 1645 4107 exemplis
1669 4010 1821 4109 profanis
1843 4012 1975 4087 illullra·

506 4135 593 4183 mus.
659 4103 915 4183 Gloriostlsrmus
939 4111 1035 4178 Rom.
1064 4112 1132 4178 Rex
1153 4112 1397 4181 Rurou'rus
1420 4134 1458 4180 cx
1481 4109 1667 4181 Comitibua
1691 4112 1848 4182 Palatinis
1873 4113 1977 4186 Rheni

506 4210 640 4280 Civitati
658 4204 823 4302 Spirenfi,
844 4231 917 4301 quae
932 4202 1068 4303 seipsam
1084 4230 1159 4276 cum
1176 4207 1289 4277 multis
1307 4208 1379 4277 aliis
1395 4205 1533 4277 urbibus
1548 4212 1653 4296 regit,
1679 4233 1765 4280 anno
1784 4222 1890 4295 1408.
1906 4233 1977 4307 pro·

507 4301 662 4378 testionis
677 4330 695 4373 a
710 4302 741 4375 se
756 4302 833 4399 lpl'o
855 4302 1042 4399 praellande
1062 4302 1187 4374 tabulas
1206 4306 1360 4387 tradidit,
1387 4301 1439 4376 led
1455 4310 1498 4376 ita
1513 4302 1698 4387 confestas,
1726 4331 1762 4376 ut
1778 4311 1923 4380 civitatis
1937 4329 1979 4380 et·

506 4427 574 4501 que
589 4402 672 4473 adeo
693 4400 895 4492 fingulorum
919 4400 1125 4474 subditorum
1149 4405 1345 4496 privilegiu,
1366 4405 1460 4499 jura,
1483 4402 1617 4476 libertas
1636 4403 1668 4477 ἃ
1680 4406 1831 4502 probate
1844 4405 1977 4482 consan-

506 4501 638 4577 tudines
656 4499 888 4592 intelle'atque
906 4499 1000 4571 illesa
1017 4500 1248 4594 perdurarent.

679 4630 853 4700 Lehmanni
870 4632 978 4700 caron.
995 4630 1131 4719 Spirrrs.
1146 4634 1195 4704 lib.
1214 4631 1291 4703 Vll.
1307 4652 1370 4718 top.
1384 4632 1500 4720 75.va
1515 4648 1587 4721 853.
1843 4724 1881 4798 V
1913 4724 1942 4796 F
1960 4719 1967 4737 ‚

1881 4774 1890 4797 .
1941 4746 1980 4797 rr·
