5017 5592
502 686 573 766 54,
642 589 644 594 ’
735 595 1074 746 otissannr'ro
1099 645 1450 752 tunuousncts
1472 645 1741 727 cruorum

618 839 738 909 LXIX.
771 838 813 906 Et
840 857 967 906 tamum
989 833 1127 932 quidem
1150 832 1193 906 de
1218 836 1414 904 crinomeno
1438 831 1544 925 prieris
1571 833 1668 922 pertis
1694 827 1865 926 Capituli,
1895 851 1982 929 quae

502 935 693 1036 principale
707 933 790 1005 mihi
814 928 987 1004 facessebat
1008 935 1191 1026 negotium.
1241 935 1364 1011 Nunc,
1387 952 1423 1001 vt
1442 924 1509 1000 fide
1532 924 1632 1024 supra
1656 926 1731 999 data
1752 953 1809 1002 me
1830 927 1984 1014 liberem,

503 1037 603 1112 etiatn
621 1058 684 1127 pro
701 1029 840 1102 secunda
856 1053 952 1130 parte
969 1035 1033 1105 hoc
1049 1029 1210 1128 punslum
1230 1025 1418 1099 constituo:
1446 1031 1479 1099 Si
1496 1029 1648 1119 conreffio,
1673 1032 1818 1100 Praelatt
1842 1049 1876 1099 et
1900 1035 1986 1126 Cepi·

488 1139 568 1205 ,tulo
585 1155 779 1202 contmuntter
802 1150 986 1222 competens,
1011 1139 1048 1202 de
1067 1136 1132 1202 iure
1154 1132 1209 1197 uel
1230 1133 1511 1217 consuetudinum
1533 1131 1617 1196 intra
1637 1145 1750 1196 terrum
1770 1148 1889 1221 temptas
1909 1129 1982 1216 fient,

504 1252 560 1302 eur
575 1254 633 1299 non
645 1228 708 1320 past
727 1233 854 1300 mulsum
870 1234 1010 1323 temperis
1023 1234 1132 1302 incerti
1146 1225 1262 1317 defferri
1276 1227 1401 1307 deleat,
1422 1228 1513 1295 valer
1531 1228 1626 1317 sottus
1654 1228 1794 1297 Praeteri
1811 1225 1981 1322 tempestiua

505 1329 649 1424 conceffie.
665 1333 684 1374 *

549 1460 563 1493 “
579 1459 654 1523 Non
667 1468 732 1522 tam
750 1460 821 1539 quia
837 1458 947 1523 luitur
961 1475 1001 1519 ex
1015 1450 1101 1554 lapsu
1113 1454 1202 1518 maesti
1217 1456 1362 1537 temporis
1375 1449 1530 1537 consensus
1550 1451 1813 1548 praesumeretur,
1831 1456 1979 1538 quodall·

621 1542 694 1623 qui,
710 1541 866 1604 referente
885 1534 1002 1622 Gloffo,
1023 1537 1075 1601 hro
1089 1537 1226 1610 docent,
1249 1557 1342 1617 quam
1358 1538 1430 1618 quia
1444 1540 1477 1598 in
1493 1539 1638 1599 exertttt'o
1660 1539 1707 1598 rei
1726 1543 1911 1616 communis,
1926 1557 1979 1604 m

616 1624 675 1709 fibi
691 1625 857 1706 vigilante,
875 1633 903 1685 et
916 1624 1041 1684 caeteras
1056 1631 1172 1701 tempus
1183 1616 1284 1702 fatale
1304 1641 1339 1683 ne
1362 1620 1542 1701 ligentibus,
1563 1626 1629 1681 toto
1641 1618 1769 1703 poteJlos
1783 1638 1821 1684 en
1839 1624 1903 1687 viee
1915 1621 1979 1709 refi-

623 1706 674 1769 det
688 1709 722 1767 in
740 1725 819 1769 uno:
841 1704 996 1787 Suppono
1012 1712 1116 1764 tamen
1131 1701 1202 1775 hic,
1222 1703 1309 1785 qood
1356 1713 1520 1765 onventus
1542 1700 1669 1764 soluerit
1688 1719 1796 1766 vocare
1815 1703 1978 1784 Ecclefiu,

627 1788 702 1852 sicet
715 1786 914 1870 ignorasset,¹
927 1805 996 1847 eam
1014 1784 1052 1845 ab
1072 1783 1231 1848 Abbatilia
1244 1784 1309 1848 sola
1327 1782 1418 1848 suisse
1437 1782 1623 1848 concessam.
1667 1781 1703 1845 Iu
1718 1783 1789 1847 aliia
1809 1805 1892 1850 vero
1908 1805 1987 1852 ron·-

625 1869 831 1941 relsmnibus,
856 1868 999 1931 Praelato
1018 1867 1106 1929 fimul
1132 1878 1164 1930 et
1181 1866 1330 1948 Capitulo
1353 1869 1627 1950 competentibus,
1648 1868 1842 1952 occulique
1861 1880 1978 1952 tempo·

626 1954 670 2016 ris
687 1952 774 2016 satali
790 1950 934 2022 utstatis,
957 1949 1122 2014 dicendum
1140 1949 1203 2023 est,
1223 1950 1404 2047 Capitulum
1424 1947 1515 2047 posse
1528 1947 1746 2047 contradicere
1765 1967 1861 2036 usque
1872 1953 1913 2016 ad
1930 1969 1978 2016 att·

625 2025 1930 2196 stesessurus·trestruit5:1¹sursulusessese:
1945 2033 1980 2192 t

628 2201 719 2263 cuius
745 2197 972 2263 cousuetudine
989 2215 1073 2258 noue
1097 2195 1240 2259 eiusdem
1257 2196 1417 2260 concessio
1441 2198 1478 2258 ad
1503 2196 1657 2259 Abbatem
1676 2192 1764 2258 simul
1783 2209 1817 2260 et
1840 2199 1978 2263 eonnec-

631 2292 700 2344 tum
721 2283 875 2364 pertinet,
894 2279 1014 2342 valebit
1027 2277 1125 2342 lolius
1142 2278 1273 2342 Abbatia
1289 2277 1466 2349 concertio,
1484 2277 1507 2342 st
1522 2278 1708 2341 Conuentue
1723 2297 1779 2362 per
1790 2299 1924 2355 aunum,
1941 2300 1978 2345 ex

632 2383 698 2446 quo
714 2366 801 2429 illam
823 2363 928 2438 sciuit,
945 2360 1099 2436 tacuerit,
1116 2378 1188 2444 arg.
1208 2360 1249 2426 ΙΙ.
1265 2358 1355 2445 saud.
1374 2361 1425 2426 26.
1442 2365 1476 2445 §.
1501 2358 1611 2424 Titius.
1626 2379 1655 2423 1.

1072 2487 1444 2569 EPILOGUS.

633 2625 774 2712 Ordini,
798 2650 898 2725 quem
914 2629 948 2700 in
969 2621 1181 2702 Praefatione
1201 2629 1287 2702 milri
1311 2623 1552 2727 proposueram
1576 2621 1727 2709 adhaeli;
1752 2624 1836 2722 quid
1860 2619 1978 2720 praelii·

438 2741 445 2751 '
516 2725 637 2808 terim,
655 2754 721 2798 non
738 2751 866 2810 meum,
891 2725 944 2799 sed
961 2722 1113 2798 Lessoris
1128 2729 1193 2798 etit
1212 2730 1377 2806 iudicare,
1398 2730 1491 2799 cuius
1509 2725 1632 2797 iudicio
1648 2723 1796 2796 laborem
1816 2723 1977 2818 huncque·

517 2821 719 2918 lemcunque
743 2822 919 2906 submitto,
945 2846 1136 2906 contentus,
1159 2821 1182 2894 st
1204 2852 1302 2899 vnam
1325 2825 1507 2897 alterumue
1528 2823 1623 2895 attuli
1645 2818 1927 2905 observationem,
1944 2815 1978 2892 td

518 2923 687 3018 Capituli,
709 2923 794 2995 tuilri
809 2919 897 2997 sorte
912 2923 1032 3008 deleti,
1048 2920 1306 2997 elucidationem
1320 2922 1504 3022 quidquam
1518 2917 1759 2995 conferentem.

1070 3127 1452 3207 APPENDIX.

520 3219 600 3398 Et
619 3321 700 3395 haec
715 3323 869 3420 quidem,
896 3323 1078 3399 luminibus
1096 3352 1195 3424 etque
1211 3327 1426 3425 conceptibus
1456 3330 1540 3400 meis
1566 3352 1632 3398 non
1656 3321 1779 3406 sidens,
1802 3322 1922 3398 subieri
1940 3347 1983 3395 er·

522 3425 623 3494 nmini
639 3419 820 3494 venerandi
838 3421 1057 3498 Antecesloris
1072 3431 1138 3499 mei
1164 3429 1303 3499 Domini
1324 3432 1486 3498 Nesus
1499 3446 1520 3495 s
1533 3446 1564 3506 r,
1586 3425 1727 3519 inclytae
1744 3425 1921 3496 Facultatis
1933 3425 1982 3519 Ju-

521 3521 647 3593 ridicee
662 3524 825 3603 Senioris,
847 3527 1050 3594 Comitiuan's
1072 3525 1153 3615 legis
1168 3550 1206 3597 et
1219 3526 1381 3598 vicennali
1397 3520 1596 3621 professione
1614 3545 1757 3617 quatuor
1773 3517 1848 3593 sere
1862 3519 1901 3591 ab
1917 3523 1983 3590 lune

522 3622 615 3688 annis
639 3624 838 3714 promeriti,
865 3619 1065 3693 Serenissini
1088 3620 1249 3694 Elesloris
1272 3622 1373 3694 nollri
1397 3621 1581 3694 Consiliarii
1600 3621 1708 3691 intimi
1730 3618 1811 3700 dte,
1836 3620 1936 3712 idque
1950 3639 1984 3688 eo

522 3715 690 3788 lubentius
705 3715 787 3798 seci,
807 3743 875 3814 quo
890 3724 1001 3790 notius
1018 3721 1100 3792 mihi
1122 3717 1230 3793 fueret
1245 3746 1284 3792 ex
1305 3722 1507 3817 quotidianis
1522 3717 1739 3799 leslionibus,
1756 3716 1915 3810 eollegiis
1929 3714 1985 3812 pti·

522 3817 629 3898 uatis,
652 3840 688 3885 ac
704 3815 1000 3909 disputationibus,
1023 3821 1098 3889 Viri
1114 3819 1231 3900 huius,
1247 3821 1281 3889 in
1295 3819 1449 3890 omnibus
1476 3811 1759 3915 perspicacissimi,
1781 3814 1890 3887 robur
1903 3829 1985 3912 prte-

435 4001 437 4008 .
522 3914 661 4007 ripuum
683 3915 716 3983 in
740 3909 890 3986 feliciore
913 3937 1062 3986 textuum
1083 3919 1358 4011 interpretatione
1384 3914 1573 3999 confidere,
1597 3917 1765 3995 maxime,
1793 3913 1875 3986 dum
1898 3908 1986 3986 serlst

522 4009 626 4082 medii
641 4014 715 4082 aeui
730 4015 866 4083 veniunt
883 4012 1084 4084 enucleanda
1101 4041 1109 4084 ε
1135 4016 1313 4087 honorarit
1328 4039 1381 4087 me
1399 4014 1457 4087 iste
1472 4012 1619 4109 sequenti
1637 4012 1780 4083 iudicio:

572 4149 795 4218 praesolidat
812 4150 978 4241 noemma
998 4152 1181 4245 Jonttnr
1206 4153 1507 4224 Cunrsrrarso
1534 4153 1900 4221 Escsrenttsurro

526 4278 816 4352 GEORGlUS
841 4285 1325 4356 CHRISTOPHORUS
1347 4287 1591 4363 NELLER,
1618 4276 1783 4355 Professor
1806 4273 1985 4355 &Alleffot

842 4382 976 4464 Senior,
997 4383 1032 4452 in
1047 4381 1166 4455 ordine
1181 4376 1315 4454 futurus
1335 4383 1515 4467 Brabcuta,
1538 4379 1688 4454 salutem.

525 4469 681 4644 Plateis
700 4587 763 4637 tam
781 4572 864 4642 labar
877 4595 948 4645 tuus
963 4580 1151 4668 primitialis,
1177 4602 1267 4670 quam
1284 4579 1482 4669 quaerendem
1504 4576 1582 4645 obelo
1606 4601 1668 4646 meo
1689 4575 1831 4664 (salierit,
1860 4569 1994 4665 modestis

524 4670 760 4771 “ll‘lssussss
781 4673 859 4767 l‘gsa
884 4675 992 4769 “legia
1019 4678 1055 4752 sd
1064 4680 1193 4772 primum
1213 4701 1283 4774 opus
1298 4676 1461 4770 magestate
1482 4676 1589 4750 inveni
1609 4675 1665 4769 effe
1687 4674 1881 4772 magistrale,
1916 4674 1995 4745 clari·

1937 4785 1996 4843 ldis
