5017 5592
783 653 854 732 DE
874 653 1174 733 rovocans
1199 653 1605 772 accenseamus,
1858 637 1933 763 437

481 832 598 922 senii,
620 859 661 910 ut
682 838 810 910 Nicaeae
825 839 858 908 in
885 838 1043 933 Bythioia
1072 835 1228 932 generale
1254 839 1433 913 concilium
1464 836 1621 911 adversus
1642 841 1939 938 tammultiplicea
1972 849 1984 916 l

481 961 609 1018 truces,
631 941 836 1007 Arianotum
853 939 1044 1034 praeprimis
1066 939 1274 1033 impietatem
1298 963 1476 1033 cogeretur
1488 959 1503 1013 t·
1525 943 1603 1012 Nec
1624 934 1749 1012 alseolit
1765 930 1873 1015 ¹modo
1890 945 1940 1014 in·

481 1031 647 1108 iblilsimus
664 1034 812 1106 Ecclesia
836 1036 1045 1117 Advocatus,
1066 1060 1183 1109 verum
1203 1039 1306 1108 etiam
1321 1035 1652 1132 coadlumprotexit,
1669 1037 1769 1120 aluit,
1787 1042 1939 1138 sumptus

481 1157 572 1206 trinea
601 1131 823 1205 liberaliffime
850 1131 1114 1215 subministrans,
1139 1137 1219 1228 quin
1243 1135 1571 1230 &congregamini
1597 1138 1736 1229 Synudo
1760 1142 1874 1210 Patres
1896 1139 1939 1212 ad
2047 1195 2058 1208 .

481 1229 583 1302 tusam
600 1234 664 1301 Dei
682 1255 797 1302 contra
813 1229 892 1303 fidei
907 1232 1087 1302 Catholttae
1103 1227 1212 1302 hostes
1228 1231 1374 1305 animose
1393 1230 1597 1329 fortiterque
1619 1233 1799 1324 gerendam
1815 1237 1938 1310 cohor·
2038 1225 2044 1252 ⁸

481 1335 536 1409 iri,
563 1328 760 1400 Aelionibus
779 1326 930 1401 interesse
947 1330 981 1400 dt
998 1327 1070 1426 post
1086 1327 1267 1425 Episcopus
1286 1329 1416 1415 sedere,
1444 1331 1639 1425 denique&
1665 1356 1807 1403 canones
1823 1360 1859 1405 ac
1884 1335 1941 1406 de·
2018 1337 2025 1352 ⁸

481 1453 545 1498 teta
562 1429 764 1498 Conciliaria
792 1423 951 1500 benevole
972 1428 1167 1525 amplexus,
1193 1433 1380 1503 executioni
1395 1429 1476 1504 dare
1494 1426 1600 1525 juffit,
1622 1454 1810 1530 eorumque
1829 1430 1945 1507 obser·

481 1533 604 1598 entiam
619 1524 804 1596 constanter
828 1525 918 1597 urst.
1772 1531 1775 1537 ’

633 1655 752 1720 Barca.
770 1656 813 1718 ud
829 1677 901 1723 unu.
919 1656 1107 1724 CCCXXV.

573 1780 638 1850 Xi.
657 1778 817 1860 Advocati
836 1775 1047 1871 Ecclesiastici
1073 1797 1185 1871 partes
1200 1774 1307 1847 malus
1323 1776 1444 1872 optimi
1467 1776 1616 1873 parturis
1642 1773 1731 1850 iilius
1747 1780 1942 1876 Imperator

481 1871 670 1947 'oollantius
694 1875 867 1956 deseruit,
889 1877 969 1946 dum
992 1877 1147 1948 veritates
1172 1875 1367 1946 Christianae
1386 1871 1487 1958 fidei,
1511 1874 1718 1948 divinitatem
1749 1883 1940 1974 preprimia

481 1991 499 2042 ν.
515 1979 555 2045 Ν
574 1977 615 2069 '.J
630 1978 669 2045 C.
691 1969 826 2044 fortiter
841 1977 1078 2068 impugnaret,
1104 1976 1181 2044 nrii
1199 1998 1279 2045 vcro
1296 1965 1519 2069 blasphemias
1536 1977 1648 2055 omni,
1672 1999 1737 2073 qua
1752 1977 1874 2066 posset,
1890 2003 1943 2048 ta·

482 2097 551 2143 one
568 2067 780 2150 defenderet,
801 2066 942 2166 pellimae
956 2070 1058 2143 caulae
1079 2095 1240 2167 patronus
1265 2094 1363 2165 atque
1388 2070 1597 2154 Advocarus'3
1626 2098 1727 2168 quem
1752 2073 1862 2169 poilea
1878 2077 1942 2148 int·

482 2168 640 2240 ietatedt
669 2168 865 2239 crudelitate
889 2173 922 2238 in
958 2167 1132 2240 Ecclesiam
1165 2172 1242 2238 vicii
1265 2171 1418 2264 Julianus
1441 2191 1663 2258 cognomento
1693 2170 1878 2266 Apellam,
1900 2198 1942 2246 ex

481 2263 651 2337 :hristiano
674 2292 823 2366 paganus
846 2267 878 2336 ἃ
900 2267 1099 2337 idololatra:
1125 2267 1188 2337 Sed
1212 2271 1449 2362 JovlaNus
1472 2263 1633 2338 summam
1660 2272 1710 2339 rei
1736 2272 1768 2339 in
1790 2273 1942 2368 Imperio

481 2364 660 2459 anserinus
679 2367 839 2434 Advocati
863 2362 1073 2434 Eccleiiastici
1090 2361 1237 2435 officium
1254 2366 1398 2459 impigre
1420 2358 1620 2460 fortiterque
1636 2364 1731 2437 oliire
1745 2372 1852 2463 cupit
1879 2394 1942 2442 nec

484 2461 573 2533 uoad
590 2466 689 2542 vixit,
714 2466 893 2556 quicquam
915 2459 1064 2533 remisi:
1092 2460 1203 2559 pulsos
1227 2465 1316 2531 enim
1333 2487 1371 2532 er
1387 2460 1451 2532 suis
1474 2457 1605 2534 sedibus
1621 2462 1803 2561 Episcopus
1824 2467 1858 2536 dt
1879 2491 1944 2562 per

481 2585 626 2633 immam
655 2562 810 2654 injuriam
833 2557 874 2630 ab
899 2561 1031 2631 Arianis
1054 2557 1189 2655 peilimc
1214 2559 1345 2631 habitos
1360 2584 1399 2630 ex
1420 2559 1527 2630 exiliis
1549 2558 1589 2630 ad
1613 2560 1765 2655 prilliiias
1787 2560 1944 2636 stationes

481 2682 646 2737 evocavit,
671 2659 808 2728 &inter
822 2681 879 2729 eos
896 2661 1076 2729 maximum
1094 2657 1327 2738 Athanasium,
1373 2681 1449 2728 uem
1465 2659 1670 2728 Asianorum
1691 2655 1788 2730 furor
1808 2685 1880 2732 toto
1896 2657 1965 2743 se·-
2099 2719 2102 2724 .

481 2783 499 2828 e
519 2755 602 2827 orbe
622 2779 882 2847 circumegerat,
903 2754 1051 2825 Ecclesiae
1069 2757 1299 2826 Alexandrina
1315 2683 1477 2833 redient,
1504 2758 1754 2827 Haereticorum
1769 2758 1943 2831 audaciam
2090 2731 2101 2820 s

481 2849 614 2948 eprelsit
626 2853 658 2923 a
672 2860 706 2922 N
710 2857 843 2922 icaenam
860 2848 1043 2925 formulam
1058 2850 1231 2937 stabilivit,
1252 2853 1353 2950 plura
1366 2847 1534 2936 fassurus,
1552 2852 1611 2925 uifi
1625 2877 1718 2927 nturi
1738 2879 1944 2949 praematura

481 2954 559 3024 ilum
578 2950 726 3022 Ecclesiae
749 2948 929 3047 eripuisset.

580 3088 658 3156 ΧΗ.
691 3090 1104 3157 Vaurzrma'rnluus
1132 3088 1311 3157 Sunion
1340 3079 1547 3156 Constantini
1573 3082 1606 3156 dr
1634 3085 1769 3181 Joviani
1792 3087 1946 3184 exempla

481 3180 519 3252 lii
541 3181 699 3254 imitanda
713 3179 907 3279 proposuit,
926 3182 1006 3252 dum
1025 3186 1113 3252 eiiim
1130 3183 1202 3275 ejus
1216 3185 1336 3252 Fraicr
1350 3182 1475 3254 Valens
1492 3185 1524 3253 in
1536 3186 1677 3255 Oriente
1694 3183 1869 3257 Ecclesiam
1880 3191 1945 3257 Ca·

481 3281 623 3353 bolicam
648 3282 729 3351 diris
755 3282 864 3350 modis
887 3278 1163 3374 persequeretur,
1186 3277 1256 3445 i‘pl'e
1276 3282 1311 3348 iti
1335 3281 1519 3351 Occidente
1542 3280 1691 3374 ejusdem
1705 3286 1945 3446 ¹patrocinium

481 3403 588 3480 dagno
610 3378 733 3449 robore
750 3380 916 3457 exercuit,
937 3378 1100 3447 decadem
1122 3401 1183 3447 con
1214 3378 1324 3457 antia,
1349 3401 1414 3469 qua
1431 3375 1489 3448 sub
1501 3379 1624 3473 Juliani
1641 3401 1703 3471 per
1720 3384 1872 3450 erutione
1882 3382 1946 3448 mi·

481 3481 599 3547 itatem
622 3475 942 3554 eraitsiorationem
967 3474 999 3544 dt
1017 3475 1152 3544 exilium
1167 3498 1230 3568 pro
1252 3472 1319 3544 fide
1332 3474 1494 3544 catholica
1510 3472 1578 3567 ipse
1595 3474 1732 3555 tulerat,
1757 3475 1847 3545 illam
1862 3473 1947 3546 mas·

483 3578 539 3649 ule
559 3571 759 3646 defensauit:
787 3575 961 3669 Siquidem
982 3597 1068 3642 anno
1090 3570 1213 3643 Christi
1234 3569 1403 3642 Basilicam
1428 3569 1718 3641 Schismaticoruni
1744 3575 1859 3642 Romae
1875 3575 1946 3667 pti·
2016 3634 2023 3654 ,

481 3676 607 3744 nariam
629 3670 774 3741 Damaso
798 3677 919 3765 Papae,
955 3695 1070 3742 contra
1093 3693 1193 3766 quein
1219 3667 1482 3747 inliirteterant,
1505 3667 1658 3749 tradidit,
1684 3666 1825 3742 rebelles
1848 3671 1946 3743 Urbe
2073 3705 2079 3720 a

480 3773 550 3842 ielli
571 3766 675 3864 jullit,
696 3769 773 3839 dato
799 3769 941 3863 desuper
965 3767 1128 3864 rescripto
1148 3768 1188 3837 ad
1212 3769 1443 3836 Ptaetcxtatum
1463 3766 1569 3836 Urbis
1590 3761 1812 3861 professum:
1840 3769 1947 3840 Chro-

481 3873 607 3964 iopium
629 3870 794 3962 quendam
816 3865 1034 3962 Episcopum,
1058 3863 1148 3960 quod
1167 3864 1336 3959 aSynodo
1353 3885 1467 3934 contra
1483 3869 1534 3936 Ss.
1552 3869 1727 3936 Caoonom
1745 3864 1877 3937 decreta
1902 3865 1945 3938 ad

484 3957 727 4063 inperatoriam
753 3963 896 4034 tribunal
924 3960 1142 4060 appellasset.
1172 3986 1234 4056 per
1257 3959 1455 4056 rescriptum
1479 3963 1519 4032 ad
1544 3964 1763 4058 ponderosam
1785 3961 1946 4038 mulslim

481 4067 696 4136 ›ecuniariam
718 4066 750 4131 in
783 4087 948 4158 pauperes
978 4058 1235 4130 distribuendam
1263 4058 1519 4129 condemnavit:
1553 4065 1635 4156 jura
1664 4059 1882 4134 Ecclesiastico
1906 4086 1945 4134 cx

481 4187 568 4255 cquo
587 4184 710 4231 tutatus
727 4165 855 4256 optime
874 4158 919 4229 cll
938 4186 945 4226 :
972 4161 1101 4248 Magno
1117 4154 1194 4228 fidci
1216 4156 1304 4227 bono
1321 4160 1486 4226 Romanas
1511 4154 1636 4226 scholas
1662 4154 1885 4229 l'aluberrimis
1901 4161 1945 4232 lc·

481 4261 565 4351 plius
589 4256 744 4340 instituit,
767 4259 806 4326 ad
823 4281 903 4352 quas
923 4255 1126 4346 Augullina:
1143 4279 1179 4326 :r
1202 4249 1316 4324 Africa
1340 4253 1530 4336 advolai·it;
1556 4255 1683 4322 Viduas
1709 4254 1946 4356 &pupillosa

481 4355 564 4428 :casu
582 4356 686 4452 plebis
703 4357 823 4426 exemit
840 4380 847 4423 :
873 4351 1065 4426 Donatistas
1081 4349 1175 4422 ausos
1200 4349 1424 4442 rebaptizare,
1449 4349 1690 4446 Ecclefiamque
1706 4353 1840 4425 turbare
1856 4382 1947 4427 com·

481 4451 618 4526 iesciiit:
644 4448 911 4523 Mediolanenses
927 4450 991 4542 lpfi
1009 4447 1221 4521 Ambrosium
1236 4447 1376 4520 debent:
1402 4450 1437 4522 S.
1452 4453 1604 4522 Martluo
1621 4448 1788 4550 Episcopo
1803 4477 1946 4551 quaeque

483 4555 622 4635 ndullit,
646 4555 841 4648 priusquam
858 4576 920 4644 pro
935 4552 976 4618 iis
997 4571 1183 4639 rogaretur.

642 4671 781 4736 Annales
797 4668 1046 4736 Buraitudaiiit.
1062 4682 1134 4750 375.
1223 4747 1263 4817 N
1277 4766 1385 4817 nm
1849 4745 1947 4823 xm.
2013 4757 2019 4764 .
2076 4717 2079 4722 .

763 4957 778 5016 Ι
