<?xml version="1.0" encoding="UTF-8"?>
<!DOCTYPE html PUBLIC "-//W3C//DTD XHTML 1.0 Transitional//EN"
    "http://www.w3.org/TR/xhtml1/DTD/xhtml1-transitional.dtd">
<html xmlns="http://www.w3.org/1999/xhtml" xml:lang="en" lang="en">
 <head>
  <title>
</title>
<meta http-equiv="Content-Type" content="text/html;charset=utf-8" />
  <meta name='ocr-system' content='tesseract 3.04.00' />
  <meta name='ocr-capabilities' content='ocr_page ocr_carea ocr_par ocr_line ocrx_word'/>
</head>
<body>
  <div class='ocr_page' id='page_1' title='image "./thesavrvsivrise01schmgoog_0181.png"; bbox 0 0 5017 5592; ppageno 0'>
   <div class='ocr_carea' id='block_1_1' title="bbox 489 633 1540 746">
    <p class='ocr_par' dir='ltr' id='par_1_1' title="bbox 489 633 1540 746">
     <span class='ocr_line' id='line_1_1' title="bbox 489 633 1540 746; baseline -0.003 -9"><span class='ocrx_word' id='word_1_1' title='bbox 489 665 566 746; x_wconf 70' lang='lat' dir='ltr'>tat.</span> <span class='ocrx_word' id='word_1_2' title='bbox 822 681 826 688; x_wconf 95' lang='lat'>·</span> <span class='ocrx_word' id='word_1_3' title='bbox 930 633 1540 734; x_wconf 75' lang='lat' dir='ltr'>utssuutxtto-</span> 
     </span>
    </p>
   </div>
   <div class='ocr_carea' id='block_1_2' title="bbox 383 830 2003 2803">
    <p class='ocr_par' dir='ltr' id='par_1_2' title="bbox 464 830 1970 1133">
     <span class='ocr_line' id='line_1_2' title="bbox 486 830 1969 935; baseline -0.001 -24"><span class='ocrx_word' id='word_1_4' title='bbox 486 836 640 930; x_wconf 77' lang='lat' dir='ltr'>nihilque</span> <span class='ocrx_word' id='word_1_5' title='bbox 658 859 696 908; x_wconf 88' lang='lat' dir='ltr'>et</span> <span class='ocrx_word' id='word_1_6' title='bbox 719 830 913 908; x_wconf 84' lang='lat' dir='ltr'>slrislissima</span> <span class='ocrx_word' id='word_1_7' title='bbox 936 840 1127 935; x_wconf 87' lang='lat' dir='ltr'>acceptione</span> <span class='ocrx_word' id='word_1_8' title='bbox 1142 836 1273 911; x_wconf 89' lang='lat' dir='ltr'>absurdi</span> <span class='ocrx_word' id='word_1_9' title='bbox 1290 835 1523 934; x_wconf 72' lang='lat' dir='ltr'>consequitur:</span> <span class='ocrx_word' id='word_1_10' title='bbox 1547 840 1623 934; x_wconf 86' lang='lat' dir='ltr'>quit</span> <span class='ocrx_word' id='word_1_11' title='bbox 1644 859 1754 922; x_wconf 87' lang='lat' dir='ltr'>autem</span> <span class='ocrx_word' id='word_1_12' title='bbox 1777 835 1862 910; x_wconf 76' lang='lat' dir='ltr'>sane</span> <span class='ocrx_word' id='word_1_13' title='bbox 1873 861 1969 912; x_wconf 89' lang='lat' dir='ltr'>men·</span> 
     </span>
     <span class='ocr_line' id='line_1_3' title="bbox 464 934 1968 1033; baseline -0.001 -24"><span class='ocrx_word' id='word_1_14' title='bbox 464 939 531 1009; x_wconf 86' lang='lat' dir='ltr'>-tis</span> <span class='ocrx_word' id='word_1_15' title='bbox 555 935 709 1031; x_wconf 84' lang='lat' dir='ltr'>conjiciet</span> <span class='ocrx_word' id='word_1_16' title='bbox 724 937 774 1007; x_wconf 85' lang='lat' dir='ltr'>vel</span> <span class='ocrx_word' id='word_1_17' title='bbox 791 934 955 1030; x_wconf 78' lang='lat' dir='ltr'>probabili</span> <span class='ocrx_word' id='word_1_18' title='bbox 976 935 1186 1031; x_wconf 72' lang='lat' dir='ltr'>conjesiura,</span> <span class='ocrx_word' id='word_1_19' title='bbox 1208 937 1375 1011; x_wconf 80' lang='lat' dir='ltr'>Caelireoa</span> <span class='ocrx_word' id='word_1_20' title='bbox 1393 963 1473 1010; x_wconf 91' lang='lat' dir='ltr'>eum</span> <span class='ocrx_word' id='word_1_21' title='bbox 1487 935 1613 1011; x_wconf 89' lang='lat' dir='ltr'>sensum</span> <span class='ocrx_word' id='word_1_22' title='bbox 1632 935 1807 1019; x_wconf 76' lang='lat' dir='ltr'>admisisse,</span> <span class='ocrx_word' id='word_1_23' title='bbox 1826 940 1968 1033; x_wconf 75' lang='lat' dir='ltr'>quiCae·</span> 
     </span>
     <span class='ocr_line' id='line_1_4' title="bbox 488 1027 1970 1133; baseline 0.001 -27"><span class='ocrx_word' id='word_1_24' title='bbox 488 1031 569 1106; x_wconf 81' lang='lat' dir='ltr'>saria</span> <span class='ocrx_word' id='word_1_25' title='bbox 585 1034 639 1129; x_wconf 80' lang='lat' dir='ltr'>jue</span> <span class='ocrx_word' id='word_1_26' title='bbox 657 1036 690 1104; x_wconf 92' lang='lat' dir='ltr'>iu</span> <span class='ocrx_word' id='word_1_27' title='bbox 711 1027 960 1103; x_wconf 70' lang='lat' dir='ltr'>fundationibus</span> <span class='ocrx_word' id='word_1_28' title='bbox 983 1037 1137 1107; x_wconf 85' lang='lat' dir='ltr'>mediatis</span> <span class='ocrx_word' id='word_1_29' title='bbox 1154 1037 1252 1133; x_wconf 90' lang='lat' dir='ltr'>plane</span> <span class='ocrx_word' id='word_1_30' title='bbox 1270 1033 1456 1109; x_wconf 81' lang='lat' dir='ltr'>suslulisset:</span> <span class='ocrx_word' id='word_1_31' title='bbox 1472 1038 1526 1106; x_wconf 84' lang='lat' dir='ltr'>vix</span> <span class='ocrx_word' id='word_1_32' title='bbox 1548 1040 1638 1108; x_wconf 87' lang='lat' dir='ltr'>enim</span> <span class='ocrx_word' id='word_1_33' title='bbox 1659 1061 1726 1108; x_wconf 88' lang='lat' dir='ltr'>uua</span> <span class='ocrx_word' id='word_1_34' title='bbox 1742 1043 1815 1108; x_wconf 83' lang='lat' dir='ltr'>vice</span> <span class='ocrx_word' id='word_1_35' title='bbox 1837 1033 1970 1108; x_wconf 85' lang='lat' dir='ltr'>ostendi</span> 
     </span>
    </p>

    <p class='ocr_par' dir='ltr' id='par_1_3' title="bbox 383 1128 2003 2803">
     <span class='ocr_line' id='line_1_5' title="bbox 488 1128 1968 1233; baseline 0.003 -31"><span class='ocrx_word' id='word_1_36' title='bbox 488 1135 635 1231; x_wconf 90' lang='lat' dir='ltr'>poterit,</span> <span class='ocrx_word' id='word_1_37' title='bbox 653 1128 817 1203; x_wconf 78' lang='lat' dir='ltr'>Cesatem</span> <span class='ocrx_word' id='word_1_38' title='bbox 829 1131 871 1203; x_wconf 87' lang='lat' dir='ltr'>ad</span> <span class='ocrx_word' id='word_1_39' title='bbox 890 1131 1047 1205; x_wconf 79' lang='lat' dir='ltr'>Ecclesiae</span> <span class='ocrx_word' id='word_1_40' title='bbox 1063 1135 1222 1222; x_wconf 78' lang='lat' dir='ltr'>mediatae</span> <span class='ocrx_word' id='word_1_41' title='bbox 1245 1134 1494 1233; x_wconf 84' lang='lat' dir='ltr'>protestanticaa</span> <span class='ocrx_word' id='word_1_42' title='bbox 1509 1132 1644 1232; x_wconf 75' lang='lat' dir='ltr'>precise</span> <span class='ocrx_word' id='word_1_43' title='bbox 1656 1136 1712 1209; x_wconf 90' lang='lat' dir='ltr'>die</span> <span class='ocrx_word' id='word_1_44' title='bbox 1728 1138 1755 1207; x_wconf 87' lang='lat'>1.</span> <span class='ocrx_word' id='word_1_45' title='bbox 1769 1139 1845 1233; x_wconf 86' lang='lat' dir='ltr'>Jan.</span> <span class='ocrx_word' id='word_1_46' title='bbox 1859 1141 1968 1224; x_wconf 81' lang='lat'><strong>¹⁶²4·</strong></span> 
     </span>
     <span class='ocr_line' id='line_1_6' title="bbox 383 1227 1968 1330; baseline 0.003 -30"><span class='ocrx_word' id='word_1_47' title='bbox 383 1229 385 1234; x_wconf 79' lang='grc'><strong>’</strong></span> <span class='ocrx_word' id='word_1_48' title='bbox 488 1252 607 1328; x_wconf 83' lang='lat' dir='ltr'>precer</span> <span class='ocrx_word' id='word_1_49' title='bbox 629 1227 788 1302; x_wconf 84' lang='lat' dir='ltr'>direxisse.</span> <span class='ocrx_word' id='word_1_50' title='bbox 839 1235 966 1328; x_wconf 83' lang='lat' dir='ltr'>Neque·</span> <span class='ocrx_word' id='word_1_51' title='bbox 993 1230 1215 1306; x_wconf 88' lang='lat' dir='ltr'>Pmteslantea</span> <span class='ocrx_word' id='word_1_52' title='bbox 1241 1257 1309 1306; x_wconf 84' lang='lat' dir='ltr'>tom</span> <span class='ocrx_word' id='word_1_53' title='bbox 1326 1231 1434 1307; x_wconf 84' lang='lat' dir='ltr'>vesani</span> <span class='ocrx_word' id='word_1_54' title='bbox 1456 1255 1513 1305; x_wconf 91' lang='lat' dir='ltr'>aut</span> <span class='ocrx_word' id='word_1_55' title='bbox 1535 1234 1650 1329; x_wconf 82' lang='lat' dir='ltr'>injurii</span> <span class='ocrx_word' id='word_1_56' title='bbox 1666 1234 1731 1306; x_wconf 90' lang='lat' dir='ltr'>dici</span> <span class='ocrx_word' id='word_1_57' title='bbox 1751 1253 1899 1330; x_wconf 89' lang='lat' dir='ltr'>queunt,</span> <span class='ocrx_word' id='word_1_58' title='bbox 1917 1252 1968 1316; x_wconf 85' lang='lat' dir='ltr'>ut,</span> 
     </span>
     <span class='ocr_line' id='line_1_7' title="bbox 489 1326 1971 1424; baseline 0.003 -25"><span class='ocrx_word' id='word_1_59' title='bbox 489 1328 583 1424; x_wconf 89' lang='lat' dir='ltr'>quod</span> <span class='ocrx_word' id='word_1_60' title='bbox 607 1352 673 1399; x_wconf 89' lang='lat' dir='ltr'>una</span> <span class='ocrx_word' id='word_1_61' title='bbox 693 1354 793 1400; x_wconf 91' lang='lat' dir='ltr'>manu</span> <span class='ocrx_word' id='word_1_62' title='bbox 816 1327 935 1401; x_wconf 74' lang='lat' dir='ltr'>casati</span> <span class='ocrx_word' id='word_1_63' title='bbox 959 1329 1199 1415; x_wconf 87' lang='lat' dir='ltr'>concesserant,</span> <span class='ocrx_word' id='word_1_64' title='bbox 1219 1332 1323 1404; x_wconf 87' lang='lat' dir='ltr'>alteru</span> <span class='ocrx_word' id='word_1_65' title='bbox 1348 1332 1480 1405; x_wconf 88' lang='lat' dir='ltr'>tursum</span> <span class='ocrx_word' id='word_1_66' title='bbox 1508 1333 1657 1406; x_wconf 87' lang='lat' dir='ltr'>adimere</span> <span class='ocrx_word' id='word_1_67' title='bbox 1675 1331 1815 1408; x_wconf 83' lang='lat' dir='ltr'>vellent:</span> <span class='ocrx_word' id='word_1_68' title='bbox 1843 1326 1971 1404; x_wconf 79' lang='lat' dir='ltr'>&amp;saue</span> 
     </span>
     <span class='ocr_line' id='line_1_8' title="bbox 453 1422 1971 1528; baseline 0 -29"><span class='ocrx_word' id='word_1_69' title='bbox 453 1447 466 1464; x_wconf 64' lang='lat'>⁸</span> <span class='ocrx_word' id='word_1_70' title='bbox 490 1422 629 1499; x_wconf 84' lang='lat' dir='ltr'>historia</span> <span class='ocrx_word' id='word_1_71' title='bbox 646 1429 682 1501; x_wconf 84' lang='lat' dir='ltr'>P.</span> <span class='ocrx_word' id='word_1_72' title='bbox 697 1433 751 1499; x_wconf 89' lang='lat' dir='ltr'>W.</span> <span class='ocrx_word' id='word_1_73' title='bbox 775 1427 873 1520; x_wconf 80' lang='lat' dir='ltr'>lunge</span> <span class='ocrx_word' id='word_1_74' title='bbox 894 1429 983 1501; x_wconf 86' lang='lat' dir='ltr'>aliud</span> <span class='ocrx_word' id='word_1_75' title='bbox 1007 1428 1227 1513; x_wconf 79' lang='lat' dir='ltr'>demonsiret,</span> <span class='ocrx_word' id='word_1_76' title='bbox 1250 1433 1363 1528; x_wconf 89' lang='lat' dir='ltr'>ptimo</span> <span class='ocrx_word' id='word_1_77' title='bbox 1388 1433 1478 1504; x_wconf 89' lang='lat' dir='ltr'>euim</span> <span class='ocrx_word' id='word_1_78' title='bbox 1501 1428 1641 1503; x_wconf 78' lang='lat' dir='ltr'>caesarei</span> <span class='ocrx_word' id='word_1_79' title='bbox 1663 1428 1971 1523; x_wconf 86' lang='lat' dir='ltr'>illimitatumjuria</span> 
     </span>
     <span class='ocr_line' id='line_1_9' title="bbox 490 1522 1971 1622; baseline 0.003 -28"><span class='ocrx_word' id='word_1_80' title='bbox 490 1547 632 1622; x_wconf 89' lang='lat' dir='ltr'>precum</span> <span class='ocrx_word' id='word_1_81' title='bbox 661 1527 855 1598; x_wconf 88' lang='lat' dir='ltr'>exercitium</span> <span class='ocrx_word' id='word_1_82' title='bbox 877 1531 910 1597; x_wconf 90' lang='lat' dir='ltr'>in</span> <span class='ocrx_word' id='word_1_83' title='bbox 935 1522 1187 1602; x_wconf 76' lang='lat' dir='ltr'>fundationibus</span> <span class='ocrx_word' id='word_1_84' title='bbox 1210 1527 1383 1613; x_wconf 74' lang='lat' dir='ltr'>mediatis,</span> <span class='ocrx_word' id='word_1_85' title='bbox 1405 1525 1485 1600; x_wconf 87' lang='lat' dir='ltr'>stetu</span> <span class='ocrx_word' id='word_1_86' title='bbox 1507 1530 1542 1599; x_wconf 92' lang='lat' dir='ltr'>in</span> <span class='ocrx_word' id='word_1_87' title='bbox 1567 1527 1796 1610; x_wconf 72' lang='lat' dir='ltr'>immediatis,</span> <span class='ocrx_word' id='word_1_88' title='bbox 1814 1525 1906 1599; x_wconf 87' lang='lat' dir='ltr'>nulla</span> <span class='ocrx_word' id='word_1_89' title='bbox 1926 1524 1971 1598; x_wconf 83' lang='lat' dir='ltr'>ad</span> 
     </span>
     <span class='ocr_line' id='line_1_10' title="bbox 492 1621 1970 1723; baseline 0 -28"><span class='ocrx_word' id='word_1_90' title='bbox 492 1646 624 1696; x_wconf 87' lang='lat' dir='ltr'>eertum</span> <span class='ocrx_word' id='word_1_91' title='bbox 659 1626 839 1696; x_wconf 88' lang='lat' dir='ltr'>terminum</span> <span class='ocrx_word' id='word_1_92' title='bbox 863 1621 950 1696; x_wconf 84' lang='lat' dir='ltr'>sosia</span> <span class='ocrx_word' id='word_1_93' title='bbox 976 1625 1210 1709; x_wconf 73' lang='lat' dir='ltr'>resitisiione,</span> <span class='ocrx_word' id='word_1_94' title='bbox 1241 1624 1527 1700; x_wconf 73' lang='lat' dir='ltr'>castridunum</span> <span class='ocrx_word' id='word_1_95' title='bbox 1558 1635 1751 1720; x_wconf 86' lang='lat' dir='ltr'>expetiere,</span> <span class='ocrx_word' id='word_1_96' title='bbox 1776 1626 1970 1723; x_wconf 83' lang='lat' dir='ltr'>quodcum</span> 
     </span>
     <span class='ocr_line' id='line_1_11' title="bbox 492 1719 1973 1823; baseline -0.001 -30"><span class='ocrx_word' id='word_1_97' title='bbox 492 1743 674 1793; x_wconf 87' lang='lat' dir='ltr'>renuerent</span> <span class='ocrx_word' id='word_1_98' title='bbox 699 1720 934 1818; x_wconf 74' lang='lat' dir='ltr'>protestantes,</span> <span class='ocrx_word' id='word_1_99' title='bbox 958 1726 1067 1796; x_wconf 87' lang='lat' dir='ltr'>media</span> <span class='ocrx_word' id='word_1_100' title='bbox 1084 1727 1216 1798; x_wconf 85' lang='lat' dir='ltr'>tandem</span> <span class='ocrx_word' id='word_1_101' title='bbox 1232 1726 1357 1823; x_wconf 80' lang='lat' dir='ltr'>placuit</span> <span class='ocrx_word' id='word_1_102' title='bbox 1380 1729 1452 1809; x_wconf 81' lang='lat' dir='ltr'>uia,</span> <span class='ocrx_word' id='word_1_103' title='bbox 1475 1748 1530 1805; x_wconf 89' lang='lat' dir='ltr'>ut,</span> <span class='ocrx_word' id='word_1_104' title='bbox 1552 1723 1608 1795; x_wconf 91' lang='lat' dir='ltr'>ubi</span> <span class='ocrx_word' id='word_1_105' title='bbox 1626 1729 1658 1795; x_wconf 94' lang='lat' dir='ltr'>in</span> <span class='ocrx_word' id='word_1_106' title='bbox 1680 1727 1881 1797; x_wconf 80' lang='lat' dir='ltr'>immediatis</span> <span class='ocrx_word' id='word_1_107' title='bbox 1896 1719 1973 1793; x_wconf 87' lang='lat' dir='ltr'>stut-</span> 
     </span>
     <span class='ocr_line' id='line_1_12' title="bbox 414 1817 2003 1921; baseline 0 -31"><span class='ocrx_word' id='word_1_108' title='bbox 414 1873 421 1882; x_wconf 83' lang='lat'><em>.</em></span> <span class='ocrx_word' id='word_1_109' title='bbox 493 1817 683 1890; x_wconf 79' lang='lat' dir='ltr'>dationibus</span> <span class='ocrx_word' id='word_1_110' title='bbox 706 1843 800 1892; x_wconf 89' lang='lat' dir='ltr'>antea</span> <span class='ocrx_word' id='word_1_111' title='bbox 825 1821 878 1912; x_wconf 86' lang='lat' dir='ltr'>joa</span> <span class='ocrx_word' id='word_1_112' title='bbox 902 1823 985 1894; x_wconf 93' lang='lat' dir='ltr'>illud</span> <span class='ocrx_word' id='word_1_113' title='bbox 1003 1829 1174 1906; x_wconf 88' lang='lat' dir='ltr'>exercuit,</span> <span class='ocrx_word' id='word_1_114' title='bbox 1204 1826 1362 1921; x_wconf 74' lang='lat' dir='ltr'>deinceps</span> <span class='ocrx_word' id='word_1_115' title='bbox 1382 1847 1535 1895; x_wconf 88' lang='lat' dir='ltr'>exercere</span> <span class='ocrx_word' id='word_1_116' title='bbox 1555 1825 1734 1921; x_wconf 83' lang='lat' dir='ltr'>pergeret,</span> <span class='ocrx_word' id='word_1_117' title='bbox 1761 1827 1794 1893; x_wconf 93' lang='lat' dir='ltr'>in</span> <span class='ocrx_word' id='word_1_118' title='bbox 1815 1820 1972 1892; x_wconf 83' lang='lat' dir='ltr'>mediatis</span> <span class='ocrx_word' id='word_1_119' title='bbox 2000 1845 2003 1850; x_wconf 67' lang='grc'>’</span> 
     </span>
     <span class='ocr_line' id='line_1_13' title="bbox 417 1915 1972 2018; baseline 0.001 -30"><span class='ocrx_word' id='word_1_120' title='bbox 417 1963 426 1980; x_wconf 85' lang='grc'>-.</span> <span class='ocrx_word' id='word_1_121' title='bbox 493 1940 578 1988; x_wconf 82' lang='lat' dir='ltr'>vero</span> <span class='ocrx_word' id='word_1_122' title='bbox 598 1942 665 1988; x_wconf 92' lang='lat' dir='ltr'>nou</span> <span class='ocrx_word' id='word_1_123' title='bbox 689 1915 793 2014; x_wconf 85' lang='lat' dir='ltr'>posset</span> <span class='ocrx_word' id='word_1_124' title='bbox 808 1943 980 2001; x_wconf 89' lang='lat' dir='ltr'>exercere,</span> <span class='ocrx_word' id='word_1_125' title='bbox 1009 1919 1067 1991; x_wconf 91' lang='lat' dir='ltr'>uisi</span> <span class='ocrx_word' id='word_1_126' title='bbox 1088 1924 1143 1993; x_wconf 91' lang='lat' dir='ltr'>die</span> <span class='ocrx_word' id='word_1_127' title='bbox 1159 1923 1217 1993; x_wconf 88' lang='lat' dir='ltr'>illa</span> <span class='ocrx_word' id='word_1_128' title='bbox 1237 1924 1388 2018; x_wconf 80' lang='lat' dir='ltr'>Jtnuarii</span> <span class='ocrx_word' id='word_1_129' title='bbox 1410 1922 1477 2012; x_wconf 87' lang='lat' dir='ltr'>jam</span> <span class='ocrx_word' id='word_1_130' title='bbox 1501 1917 1655 1992; x_wconf 86' lang='lat' dir='ltr'>fueritin</span> <span class='ocrx_word' id='word_1_131' title='bbox 1674 1917 1972 2016; x_wconf 80' lang='lat' dir='ltr'>possessioueilliua</span> 
     </span>
     <span class='ocr_line' id='line_1_14' title="bbox 492 2012 1974 2113; baseline 0.003 -30"><span class='ocrx_word' id='word_1_132' title='bbox 492 2012 599 2111; x_wconf 83' lang='lat' dir='ltr'>juris,</span> <span class='ocrx_word' id='word_1_133' title='bbox 621 2015 697 2087; x_wconf 87' lang='lat' dir='ltr'>licet</span> <span class='ocrx_word' id='word_1_134' title='bbox 713 2013 786 2086; x_wconf 73' lang='lat' dir='ltr'>ailo</span> <span class='ocrx_word' id='word_1_135' title='bbox 805 2041 870 2087; x_wconf 92' lang='lat' dir='ltr'>nou</span> <span class='ocrx_word' id='word_1_136' title='bbox 889 2023 1090 2090; x_wconf 85' lang='lat' dir='ltr'>exercuerit:</span> <span class='ocrx_word' id='word_1_137' title='bbox 1114 2020 1194 2090; x_wconf 86' lang='lat' dir='ltr'>alias</span> <span class='ocrx_word' id='word_1_138' title='bbox 1215 2045 1307 2092; x_wconf 90' lang='lat' dir='ltr'>cette</span> <span class='ocrx_word' id='word_1_139' title='bbox 1322 2023 1354 2090; x_wconf 92' lang='lat' dir='ltr'>in</span> <span class='ocrx_word' id='word_1_140' title='bbox 1370 2016 1493 2091; x_wconf 80' lang='lat' dir='ltr'>effeslu</span> <span class='ocrx_word' id='word_1_141' title='bbox 1509 2021 1638 2089; x_wconf 89' lang='lat' dir='ltr'>nullum</span> <span class='ocrx_word' id='word_1_142' title='bbox 1662 2021 1750 2089; x_wconf 77' lang='lat' dir='ltr'>illiue</span> <span class='ocrx_word' id='word_1_143' title='bbox 1773 2018 1859 2113; x_wconf 84' lang='lat' dir='ltr'>juris</span> <span class='ocrx_word' id='word_1_144' title='bbox 1875 2014 1974 2088; x_wconf 90' lang='lat' dir='ltr'>usum</span> 
     </span>
     <span class='ocr_line' id='line_1_15' title="bbox 495 2110 1976 2214; baseline 0.003 -33"><span class='ocrx_word' id='word_1_145' title='bbox 495 2110 697 2206; x_wconf 79' lang='lat' dir='ltr'>paciscentes</span> <span class='ocrx_word' id='word_1_146' title='bbox 712 2138 813 2210; x_wconf 88' lang='lat' dir='ltr'>penes</span> <span class='ocrx_word' id='word_1_147' title='bbox 836 2113 999 2187; x_wconf 82' lang='lat' dir='ltr'>Caesarem</span> <span class='ocrx_word' id='word_1_148' title='bbox 1021 2142 1219 2214; x_wconf 85' lang='lat' dir='ltr'>permanere</span> <span class='ocrx_word' id='word_1_149' title='bbox 1243 2114 1439 2198; x_wconf 84' lang='lat' dir='ltr'>voluissent,</span> <span class='ocrx_word' id='word_1_150' title='bbox 1466 2118 1557 2211; x_wconf 92' lang='lat' dir='ltr'>quod</span> <span class='ocrx_word' id='word_1_151' title='bbox 1579 2141 1693 2211; x_wconf 88' lang='lat' dir='ltr'>aperte</span> <span class='ocrx_word' id='word_1_152' title='bbox 1709 2115 1820 2188; x_wconf 82' lang='lat' dir='ltr'>uerbis</span> <span class='ocrx_word' id='word_1_153' title='bbox 1841 2112 1918 2185; x_wconf 81' lang='lat' dir='ltr'>lusi.</span> <span class='ocrx_word' id='word_1_154' title='bbox 1936 2116 1976 2185; x_wconf 88' lang='grc' dir='ltr'>Ρ.</span> 
     </span>
     <span class='ocr_line' id='line_1_16' title="bbox 453 2209 1976 2309; baseline 0.004 -31"><span class='ocrx_word' id='word_1_155' title='bbox 453 2289 456 2294; x_wconf 45' lang='grc'><strong>,</strong></span> <span class='ocrx_word' id='word_1_156' title='bbox 496 2209 722 2284; x_wconf 84' lang='lat' dir='ltr'>W.dtmemi</span> <span class='ocrx_word' id='word_1_157' title='bbox 743 2209 976 2307; x_wconf 85' lang='lat' dir='ltr'>paciscentium</span> <span class='ocrx_word' id='word_1_158' title='bbox 998 2220 1234 2286; x_wconf 85' lang='lat' dir='ltr'>contrariatur.</span> <span class='ocrx_word' id='word_1_159' title='bbox 1289 2218 1465 2309; x_wconf 81' lang='lat' dir='ltr'>Argutioni</span> <span class='ocrx_word' id='word_1_160' title='bbox 1491 2212 1723 2285; x_wconf 88' lang='lat' dir='ltr'>secuudoloco</span> <span class='ocrx_word' id='word_1_161' title='bbox 1747 2209 1976 2285; x_wconf 78' lang='lat' dir='ltr'>addusiaeolt·</span> 
     </span>
     <span class='ocr_line' id='line_1_17' title="bbox 495 2304 1976 2411; baseline 0 -33"><span class='ocrx_word' id='word_1_162' title='bbox 495 2304 741 2404; x_wconf 83' lang='lat' dir='ltr'>siuntpariter,</span> <span class='ocrx_word' id='word_1_163' title='bbox 761 2335 834 2406; x_wconf 81' lang='lat' dir='ltr'>quae</span> <span class='ocrx_word' id='word_1_164' title='bbox 851 2312 952 2383; x_wconf 93' lang='lat' dir='ltr'>modo</span> <span class='ocrx_word' id='word_1_165' title='bbox 969 2310 1042 2384; x_wconf 90' lang='lat' dir='ltr'>suut</span> <span class='ocrx_word' id='word_1_166' title='bbox 1056 2312 1143 2385; x_wconf 77' lang='lat' dir='ltr'>disia</span> <span class='ocrx_word' id='word_1_167' title='bbox 1157 2317 1198 2385; x_wconf 90' lang='lat' dir='ltr'>de</span> <span class='ocrx_word' id='word_1_168' title='bbox 1217 2337 1328 2385; x_wconf 90' lang='lat' dir='ltr'>mente</span> <span class='ocrx_word' id='word_1_169' title='bbox 1349 2311 1602 2411; x_wconf 86' lang='lat' dir='ltr'>paciscentium,</span> <span class='ocrx_word' id='word_1_170' title='bbox 1629 2336 1747 2407; x_wconf 90' lang='lat' dir='ltr'>utpote</span> <span class='ocrx_word' id='word_1_171' title='bbox 1764 2337 1802 2381; x_wconf 89' lang='lat' dir='ltr'>cx</span> <span class='ocrx_word' id='word_1_172' title='bbox 1820 2329 1976 2406; x_wconf 79' lang='lat' dir='ltr'>quarere</span> 
     </span>
     <span class='ocr_line' id='line_1_18' title="bbox 496 2403 1980 2506; baseline 0 -29"><span class='ocrx_word' id='word_1_173' title='bbox 496 2405 582 2497; x_wconf 82' lang='lat' dir='ltr'>legit</span> <span class='ocrx_word' id='word_1_174' title='bbox 597 2408 649 2478; x_wconf 81' lang='lat' dir='ltr'>uel</span> <span class='ocrx_word' id='word_1_175' title='bbox 667 2403 754 2502; x_wconf 78' lang='lat' dir='ltr'>passi</span> <span class='ocrx_word' id='word_1_176' title='bbox 777 2412 1011 2503; x_wconf 86' lang='lat' dir='ltr'>interpretatio</span> <span class='ocrx_word' id='word_1_177' title='bbox 1029 2412 1211 2484; x_wconf 89' lang='lat' dir='ltr'>haurienda</span> <span class='ocrx_word' id='word_1_178' title='bbox 1228 2411 1293 2484; x_wconf 84' lang='lat' dir='ltr'>esi:</span> <span class='ocrx_word' id='word_1_179' title='bbox 1319 2415 1349 2484; x_wconf 86' lang='lat' dir='ltr'>dt</span> <span class='ocrx_word' id='word_1_180' title='bbox 1367 2413 1503 2506; x_wconf 90' lang='lat' dir='ltr'>iusuper</span> <span class='ocrx_word' id='word_1_181' title='bbox 1518 2409 1593 2482; x_wconf 82' lang='lat' dir='ltr'>satie</span> <span class='ocrx_word' id='word_1_182' title='bbox 1616 2434 1677 2506; x_wconf 88' lang='lat' dir='ltr'>per</span> <span class='ocrx_word' id='word_1_183' title='bbox 1699 2407 1922 2504; x_wconf 78' lang='lat' dir='ltr'>tdjeslionem</span> <span class='ocrx_word' id='word_1_184' title='bbox 1937 2405 1980 2477; x_wconf 92' lang='lat' dir='ltr'>il·</span> 
     </span>
     <span class='ocr_line' id='line_1_19' title="bbox 497 2502 1979 2604; baseline 0.001 -30"><span class='ocrx_word' id='word_1_185' title='bbox 497 2502 564 2574; x_wconf 78' lang='lat' dir='ltr'>litia</span> <span class='ocrx_word' id='word_1_186' title='bbox 580 2504 646 2575; x_wconf 92' lang='lat' dir='ltr'>diei</span> <span class='ocrx_word' id='word_1_187' title='bbox 668 2503 723 2575; x_wconf 92' lang='lat' dir='ltr'>stbi</span> <span class='ocrx_word' id='word_1_188' title='bbox 744 2504 956 2587; x_wconf 90' lang='lat' dir='ltr'>consuluere,</span> <span class='ocrx_word' id='word_1_189' title='bbox 983 2533 1059 2578; x_wconf 87' lang='lat' dir='ltr'>nam</span> <span class='ocrx_word' id='word_1_190' title='bbox 1075 2535 1150 2580; x_wconf 90' lang='lat' dir='ltr'>cum</span> <span class='ocrx_word' id='word_1_191' title='bbox 1167 2511 1306 2580; x_wconf 69' lang='lat' dir='ltr'>caesarei</span> <span class='ocrx_word' id='word_1_192' title='bbox 1325 2508 1396 2604; x_wconf 86' lang='lat' dir='ltr'>posi</span> <span class='ocrx_word' id='word_1_193' title='bbox 1417 2533 1539 2580; x_wconf 84' lang='lat' dir='ltr'>anuum</span> <span class='ocrx_word' id='word_1_194' title='bbox 1568 2519 1670 2592; x_wconf 82' lang='lat'>1624.</span> <span class='ocrx_word' id='word_1_195' title='bbox 1689 2511 1721 2579; x_wconf 82' lang='lat' dir='ltr'>vi</span> <span class='ocrx_word' id='word_1_196' title='bbox 1736 2531 1909 2578; x_wconf 90' lang='lat' dir='ltr'>armorum</span> <span class='ocrx_word' id='word_1_197' title='bbox 1923 2527 1979 2576; x_wconf 80' lang='lat' dir='ltr'>xe·</span> 
     </span>
     <span class='ocr_line' id='line_1_20' title="bbox 389 2601 1979 2702; baseline 0.001 -28"><span class='ocrx_word' id='word_1_198' title='bbox 389 2687 393 2692; x_wconf 91' lang='lat'>.</span> <span class='ocrx_word' id='word_1_199' title='bbox 498 2603 567 2674; x_wconf 82' lang='lat' dir='ltr'>riae</span> <span class='ocrx_word' id='word_1_200' title='bbox 584 2601 763 2682; x_wconf 75' lang='lat' dir='ltr'>ditionesa</span> <span class='ocrx_word' id='word_1_201' title='bbox 788 2602 1044 2698; x_wconf 84' lang='lat' dir='ltr'>proteslantibus</span> <span class='ocrx_word' id='word_1_202' title='bbox 1061 2632 1237 2702; x_wconf 90' lang='lat' dir='ltr'>occupatus</span> <span class='ocrx_word' id='word_1_203' title='bbox 1253 2606 1386 2678; x_wconf 88' lang='lat' dir='ltr'>rursum</span> <span class='ocrx_word' id='word_1_204' title='bbox 1412 2605 1469 2678; x_wconf 80' lang='lat' dir='ltr'>ubi</span> <span class='ocrx_word' id='word_1_205' title='bbox 1491 2605 1714 2701; x_wconf 84' lang='lat' dir='ltr'>subjicerent,</span> <span class='ocrx_word' id='word_1_206' title='bbox 1742 2601 1840 2676; x_wconf 78' lang='lat' dir='ltr'>facile</span> <span class='ocrx_word' id='word_1_207' title='bbox 1861 2608 1896 2675; x_wconf 93' lang='lat' dir='ltr'>in</span> <span class='ocrx_word' id='word_1_208' title='bbox 1921 2625 1979 2676; x_wconf 82' lang='lat' dir='ltr'>ee·</span> 
     </span>
     <span class='ocr_line' id='line_1_21' title="bbox 499 2697 1979 2803; baseline 0 -32"><span class='ocrx_word' id='word_1_209' title='bbox 499 2722 576 2772; x_wconf 88' lang='lat' dir='ltr'>rum</span> <span class='ocrx_word' id='word_1_210' title='bbox 599 2697 741 2772; x_wconf 78' lang='lat' dir='ltr'>ecclesiis</span> <span class='ocrx_word' id='word_1_211' title='bbox 760 2726 876 2798; x_wconf 81' lang='lat' dir='ltr'>preces</span> <span class='ocrx_word' id='word_1_212' title='bbox 891 2706 1060 2796; x_wconf 81' lang='lat' dir='ltr'>primatite</span> <span class='ocrx_word' id='word_1_213' title='bbox 1076 2708 1261 2777; x_wconf 84' lang='lat' dir='ltr'>executioni</span> <span class='ocrx_word' id='word_1_214' title='bbox 1278 2708 1427 2775; x_wconf 80' lang='lat' dir='ltr'>montlari</span> <span class='ocrx_word' id='word_1_215' title='bbox 1445 2727 1645 2803; x_wconf 86' lang='lat' dir='ltr'>potuerunt,</span> <span class='ocrx_word' id='word_1_216' title='bbox 1668 2728 1742 2798; x_wconf 83' lang='lat' dir='ltr'>quae</span> <span class='ocrx_word' id='word_1_217' title='bbox 1766 2701 1930 2800; x_wconf 88' lang='lat' dir='ltr'>quamdiu</span> <span class='ocrx_word' id='word_1_218' title='bbox 1943 2703 1979 2772; x_wconf 91' lang='lat' dir='ltr'>in</span> 
     </span>
    </p>
   </div>
   <div class='ocr_carea' id='block_1_3' title="bbox 383 2797 1981 2902">
    <p class='ocr_par' dir='ltr' id='par_1_4' title="bbox 383 2797 1981 2902">
     <span class='ocr_line' id='line_1_22' title="bbox 383 2797 1981 2902; baseline 0.002 -34"><span class='ocrx_word' id='word_1_219' title='bbox 383 2863 385 2868; x_wconf 89' lang='lat'><em>.</em></span> <span class='ocrx_word' id='word_1_220' title='bbox 499 2797 635 2870; x_wconf 85' lang='lat' dir='ltr'>illarum</span> <span class='ocrx_word' id='word_1_221' title='bbox 651 2800 816 2871; x_wconf 90' lang='lat' dir='ltr'>ditionum</span> <span class='ocrx_word' id='word_1_222' title='bbox 832 2798 1021 2895; x_wconf 75' lang='lat' dir='ltr'>possessione</span> <span class='ocrx_word' id='word_1_223' title='bbox 1042 2804 1259 2897; x_wconf 81' lang='lat' dir='ltr'>protestantes</span> <span class='ocrx_word' id='word_1_224' title='bbox 1274 2827 1384 2886; x_wconf 87' lang='lat' dir='ltr'>etant,</span> <span class='ocrx_word' id='word_1_225' title='bbox 1408 2800 1573 2874; x_wconf 83' lang='lat' dir='ltr'>oltslacula</span> <span class='ocrx_word' id='word_1_226' title='bbox 1589 2797 1691 2902; x_wconf 22' lang='lat' dir='ltr'>passc-</span> <span class='ocrx_word' id='word_1_227' title='bbox 1708 2801 1791 2872; x_wconf 89' lang='lat' dir='ltr'>suut.</span> <span class='ocrx_word' id='word_1_228' title='bbox 1840 2798 1981 2895; x_wconf 76' lang='lat' dir='ltr'>Absque</span> 
     </span>
    </p>
   </div>
   <div class='ocr_carea' id='block_1_4' title="bbox 500 2892 1986 3585">
    <p class='ocr_par' dir='ltr' id='par_1_5' title="bbox 500 2892 1986 3585">
     <span class='ocr_line' id='line_1_23' title="bbox 500 2892 1982 2997; baseline 0 -29"><span class='ocrx_word' id='word_1_229' title='bbox 500 2892 710 2968; x_wconf 73' lang='lat' dir='ltr'>reslriilione</span> <span class='ocrx_word' id='word_1_230' title='bbox 733 2898 772 2966; x_wconf 90' lang='lat' dir='ltr'>ad</span> <span class='ocrx_word' id='word_1_231' title='bbox 789 2922 910 2968; x_wconf 85' lang='lat' dir='ltr'>anuum</span> <span class='ocrx_word' id='word_1_232' title='bbox 928 2899 961 2971; x_wconf 82' lang='lat' dir='ltr'>dc</span> <span class='ocrx_word' id='word_1_233' title='bbox 981 2900 1069 2970; x_wconf 90' lang='lat' dir='ltr'>diem</span> <span class='ocrx_word' id='word_1_234' title='bbox 1093 2899 1311 2997; x_wconf 71' lang='lat' dir='ltr'>prudislum,</span> <span class='ocrx_word' id='word_1_235' title='bbox 1335 2907 1528 2973; x_wconf 79' lang='lat' dir='ltr'>exercitium</span> <span class='ocrx_word' id='word_1_236' title='bbox 1543 2899 1628 2994; x_wconf 82' lang='lat' dir='ltr'>jutta</span> <span class='ocrx_word' id='word_1_237' title='bbox 1653 2902 1848 2994; x_wconf 85' lang='lat' dir='ltr'>permittere</span> <span class='ocrx_word' id='word_1_238' title='bbox 1864 2898 1982 2980; x_wconf 77' lang='lat' dir='ltr'>noluo·</span> 
     </span>
     <span class='ocr_line' id='line_1_24' title="bbox 501 2991 1982 3092; baseline 0.001 -26"><span class='ocrx_word' id='word_1_239' title='bbox 501 3015 598 3076; x_wconf 85' lang='lat' dir='ltr'>runt,</span> <span class='ocrx_word' id='word_1_240' title='bbox 619 3020 660 3064; x_wconf 87' lang='lat' dir='ltr'>ue</span> <span class='ocrx_word' id='word_1_241' title='bbox 681 2997 779 3064; x_wconf 86' lang='lat' dir='ltr'>nimis</span> <span class='ocrx_word' id='word_1_242' title='bbox 796 2996 945 3089; x_wconf 90' lang='lat' dir='ltr'>amplum</span> <span class='ocrx_word' id='word_1_243' title='bbox 966 2998 1047 3067; x_wconf 92' lang='lat' dir='ltr'>illud</span> <span class='ocrx_word' id='word_1_244' title='bbox 1070 2993 1177 3070; x_wconf 87' lang='lat' dir='ltr'>soret:</span> <span class='ocrx_word' id='word_1_245' title='bbox 1202 3004 1332 3070; x_wconf 84' lang='lat' dir='ltr'>atertia</span> <span class='ocrx_word' id='word_1_246' title='bbox 1351 3003 1479 3070; x_wconf 85' lang='lat' dir='ltr'>tatione</span> <span class='ocrx_word' id='word_1_247' title='bbox 1500 3023 1559 3066; x_wconf 80' lang='lat' dir='ltr'>uos</span> <span class='ocrx_word' id='word_1_248' title='bbox 1575 2993 1672 3068; x_wconf 90' lang='lat' dir='ltr'>facile</span> <span class='ocrx_word' id='word_1_249' title='bbox 1701 2997 1858 3092; x_wconf 87' lang='lat' dir='ltr'>expedire</span> <span class='ocrx_word' id='word_1_250' title='bbox 1872 2991 1982 3090; x_wconf 72' lang='lat' dir='ltr'>posl‘tt·</span> 
     </span>
     <span class='ocr_line' id='line_1_25' title="bbox 502 3089 1983 3189; baseline 0.001 -25"><span class='ocrx_word' id='word_1_251' title='bbox 502 3113 598 3174; x_wconf 81' lang='lat' dir='ltr'>mue,</span> <span class='ocrx_word' id='word_1_252' title='bbox 620 3096 700 3187; x_wconf 92' lang='lat' dir='ltr'>quin</span> <span class='ocrx_word' id='word_1_253' title='bbox 718 3116 776 3162; x_wconf 90' lang='lat' dir='ltr'>uos</span> <span class='ocrx_word' id='word_1_254' title='bbox 797 3089 939 3164; x_wconf 81' lang='lat' dir='ltr'>firmiter</span> <span class='ocrx_word' id='word_1_255' title='bbox 960 3094 1176 3189; x_wconf 85' lang='lat' dir='ltr'>cunsltiugut:</span> <span class='ocrx_word' id='word_1_256' title='bbox 1200 3123 1275 3167; x_wconf 84' lang='lat' dir='ltr'>nom</span> <span class='ocrx_word' id='word_1_257' title='bbox 1302 3099 1391 3168; x_wconf 87' lang='lat' dir='ltr'>uliud</span> <span class='ocrx_word' id='word_1_258' title='bbox 1412 3099 1510 3186; x_wconf 86' lang='lat' dir='ltr'>louge</span> <span class='ocrx_word' id='word_1_259' title='bbox 1530 3094 1735 3166; x_wconf 88' lang='lat' dir='ltr'>slatuendttm</span> <span class='ocrx_word' id='word_1_260' title='bbox 1753 3093 1856 3166; x_wconf 81' lang='lat' dir='ltr'>elide</span> <span class='ocrx_word' id='word_1_261' title='bbox 1877 3095 1983 3165; x_wconf 88' lang='lat' dir='ltr'>bono·</span> 
     </span>
     <span class='ocr_line' id='line_1_26' title="bbox 503 3188 1984 3293; baseline 0.001 -32"><span class='ocrx_word' id='word_1_262' title='bbox 503 3213 581 3261; x_wconf 90' lang='lat' dir='ltr'>rtun</span> <span class='ocrx_word' id='word_1_263' title='bbox 596 3190 816 3260; x_wconf 89' lang='lat' dir='ltr'>mediatorum</span> <span class='ocrx_word' id='word_1_264' title='bbox 841 3188 1048 3285; x_wconf 80' lang='lat' dir='ltr'>possessione,</span> <span class='ocrx_word' id='word_1_265' title='bbox 1072 3219 1190 3290; x_wconf 86' lang='lat' dir='ltr'>utpote</span> <span class='ocrx_word' id='word_1_266' title='bbox 1205 3221 1278 3293; x_wconf 77' lang='lat' dir='ltr'>qua·</span> <span class='ocrx_word' id='word_1_267' title='bbox 1301 3195 1322 3265; x_wconf 79' lang='lat' dir='ltr'>fi</span> <span class='ocrx_word' id='word_1_268' title='bbox 1347 3196 1455 3266; x_wconf 84' lang='lat' dir='ltr'>habita</span> <span class='ocrx_word' id='word_1_269' title='bbox 1475 3191 1539 3265; x_wconf 85' lang='lat' dir='ltr'>suit</span> <span class='ocrx_word' id='word_1_270' title='bbox 1559 3194 1612 3262; x_wconf 92' lang='lat' dir='ltr'>die</span> <span class='ocrx_word' id='word_1_271' title='bbox 1628 3197 1654 3262; x_wconf 89' lang='lat' dir='ltr'>l.</span> <span class='ocrx_word' id='word_1_272' title='bbox 1671 3197 1745 3289; x_wconf 88' lang='lat' dir='ltr'>Juu.</span> <span class='ocrx_word' id='word_1_273' title='bbox 1769 3194 1845 3261; x_wconf 89' lang='lat' dir='ltr'>uuui</span> <span class='ocrx_word' id='word_1_274' title='bbox 1868 3191 1984 3264; x_wconf 89' lang='lat' dir='ltr'>decre·</span> 
     </span>
     <span class='ocr_line' id='line_1_27' title="bbox 504 3284 1986 3455; baseline 0.001 -97"><span class='ocrx_word' id='word_1_275' title='bbox 504 3290 603 3368; x_wconf 91' lang='lat' dir='ltr'>totii,</span> <span class='ocrx_word' id='word_1_276' title='bbox 626 3291 762 3357; x_wconf 89' lang='lat' dir='ltr'>unicum</span> <span class='ocrx_word' id='word_1_277' title='bbox 784 3284 1040 3363; x_wconf 89' lang='lat' dir='ltr'>fundamentum</span> <span class='ocrx_word' id='word_1_278' title='bbox 1064 3291 1210 3388; x_wconf 83' lang='lat' dir='ltr'>expresse</span> <span class='ocrx_word' id='word_1_279' title='bbox 1238 3303 1312 3366; x_wconf 80' lang='lat' dir='ltr'>tltt.</span> <span class='ocrx_word' id='word_1_280' title='bbox 1329 3300 1371 3368; x_wconf 87' lang='lat' dir='ltr'>V.</span> <span class='ocrx_word' id='word_1_281' title='bbox 1395 3296 1430 3378; x_wconf 66' lang='grc' dir='ltr'>ς.</span> <span class='ocrx_word' id='word_1_282' title='bbox 1451 3318 1508 3378; x_wconf 82' lang='grc' dir='ltr'>ις.</span> <span class='ocrx_word' id='word_1_283' title='bbox 1530 3293 1669 3371; x_wconf 89' lang='lat' dir='ltr'>dicitur,</span> <span class='ocrx_word' id='word_1_284' title='bbox 1687 3289 1740 3361; x_wconf 90' lang='lat' dir='ltr'>sed</span> <span class='ocrx_word' id='word_1_285' title='bbox 1763 3288 1986 3455; x_wconf 51' lang='lat' dir='ltr'>inpure-pte·</span> 
     </span>
     <span class='ocr_line' id='line_1_28' title="bbox 504 3385 1986 3484; baseline 0.001 -28"><span class='ocrx_word' id='word_1_286' title='bbox 504 3409 582 3481; x_wconf 83' lang='lat' dir='ltr'>eum</span> <span class='ocrx_word' id='word_1_287' title='bbox 600 3385 800 3478; x_wconf 82' lang='lat' dir='ltr'>regulando,</span> <span class='ocrx_word' id='word_1_288' title='bbox 820 3385 948 3460; x_wconf 73' lang='lat' dir='ltr'>asinalc</span> <span class='ocrx_word' id='word_1_289' title='bbox 971 3394 1164 3461; x_wconf 81' lang='lat' dir='ltr'>exercitium</span> <span class='ocrx_word' id='word_1_290' title='bbox 1183 3390 1246 3463; x_wconf 79' lang='lat' dir='ltr'>five</span> <span class='ocrx_word' id='word_1_291' title='bbox 1266 3391 1356 3463; x_wconf 77' lang='lat' dir='ltr'>osius</span> <span class='ocrx_word' id='word_1_292' title='bbox 1378 3393 1525 3463; x_wconf 87' lang='lat' dir='ltr'>exercitii</span> <span class='ocrx_word' id='word_1_293' title='bbox 1543 3391 1596 3459; x_wconf 90' lang='lat' dir='ltr'>die</span> <span class='ocrx_word' id='word_1_294' title='bbox 1613 3392 1638 3458; x_wconf 90' lang='lat'>1.</span> <span class='ocrx_word' id='word_1_295' title='bbox 1653 3393 1727 3484; x_wconf 87' lang='lat' dir='ltr'>Jan.</span> <span class='ocrx_word' id='word_1_296' title='bbox 1753 3413 1798 3484; x_wconf 90' lang='lat' dir='ltr'>po</span> <span class='ocrx_word' id='word_1_297' title='bbox 1812 3411 1878 3460; x_wconf 80' lang='lat' dir='ltr'>utto</span> <span class='ocrx_word' id='word_1_298' title='bbox 1894 3389 1986 3459; x_wconf 88' lang='lat' dir='ltr'>elate</span> 
     </span>
     <span class='ocr_line' id='line_1_29' title="bbox 505 3485 1985 3585; baseline 0.001 -28"><span class='ocrx_word' id='word_1_299' title='bbox 505 3510 572 3556; x_wconf 89' lang='lat' dir='ltr'>nott</span> <span class='ocrx_word' id='word_1_300' title='bbox 593 3487 795 3580; x_wconf 85' lang='lat' dir='ltr'>requiritur:</span> <span class='ocrx_word' id='word_1_301' title='bbox 819 3506 1014 3581; x_wconf 81' lang='lat' dir='ltr'>praeterera</span> <span class='ocrx_word' id='word_1_302' title='bbox 1042 3485 1231 3585; x_wconf 85' lang='lat' dir='ltr'>possessione</span> <span class='ocrx_word' id='word_1_303' title='bbox 1251 3490 1434 3570; x_wconf 87' lang='lat' dir='ltr'>bonorum,</span> <span class='ocrx_word' id='word_1_304' title='bbox 1459 3513 1531 3582; x_wconf 83' lang='lat' dir='ltr'>quae</span> <span class='ocrx_word' id='word_1_305' title='bbox 1548 3489 1704 3566; x_wconf 89' lang='lat' dir='ltr'>retineri,</span> <span class='ocrx_word' id='word_1_306' title='bbox 1721 3485 1771 3556; x_wconf 85' lang='lat' dir='ltr'>vel</span> <span class='ocrx_word' id='word_1_307' title='bbox 1787 3486 1985 3584; x_wconf 80' lang='lat' dir='ltr'>recuperari</span> 
     </span>
    </p>
   </div>
   <div class='ocr_carea' id='block_1_5' title="bbox 505 3580 1987 3698">
    <p class='ocr_par' dir='ltr' id='par_1_6' title="bbox 505 3580 1987 3698">
     <span class='ocr_line' id='line_1_30' title="bbox 505 3580 1987 3698; baseline 0.001 -46"><span class='ocrx_word' id='word_1_308' title='bbox 505 3585 618 3678; x_wconf 91' lang='lat' dir='ltr'>potuit</span> <span class='ocrx_word' id='word_1_309' title='bbox 633 3585 686 3653; x_wconf 90' lang='lat' dir='ltr'>illa</span> <span class='ocrx_word' id='word_1_310' title='bbox 703 3583 775 3664; x_wconf 90' lang='lat' dir='ltr'>die,</span> <span class='ocrx_word' id='word_1_311' title='bbox 799 3607 864 3654; x_wconf 92' lang='lat' dir='ltr'>nou</span> <span class='ocrx_word' id='word_1_312' title='bbox 887 3580 924 3655; x_wconf 85' lang='lat' dir='ltr'>sit</span> <span class='ocrx_word' id='word_1_313' title='bbox 947 3587 1094 3677; x_wconf 82' lang='lat' dir='ltr'>legitima</span> <span class='ocrx_word' id='word_1_314' title='bbox 1110 3585 1242 3684; x_wconf 81' lang='lat' dir='ltr'>sequela</span> <span class='ocrx_word' id='word_1_315' title='bbox 1264 3590 1303 3658; x_wconf 95' lang='lat' dir='ltr'>ad</span> <span class='ocrx_word' id='word_1_316' title='bbox 1330 3593 1522 3659; x_wconf 80' lang='lat' dir='ltr'>exercitium</span> <span class='ocrx_word' id='word_1_317' title='bbox 1547 3587 1632 3681; x_wconf 84' lang='lat' dir='ltr'>juris</span> <span class='ocrx_word' id='word_1_318' title='bbox 1654 3586 1892 3680; x_wconf 83' lang='lat' dir='ltr'>primariorum</span> <span class='ocrx_word' id='word_1_319' title='bbox 1910 3601 1987 3698; x_wconf 66' lang='lat' dir='ltr'>pre·</span> 
     </span>
    </p>
   </div>
   <div class='ocr_carea' id='block_1_6' title="bbox 352 3679 1987 3789">
    <p class='ocr_par' dir='ltr' id='par_1_7' title="bbox 352 3679 1987 3789">
     <span class='ocr_line' id='line_1_31' title="bbox 352 3679 1987 3789; baseline -0.001 -38"><span class='ocrx_word' id='word_1_320' title='bbox 352 3695 359 3702; x_wconf 89' lang='lat'>&#39;</span> <span class='ocrx_word' id='word_1_321' title='bbox 506 3705 604 3762; x_wconf 82' lang='lat' dir='ltr'>eum,</span> <span class='ocrx_word' id='word_1_322' title='bbox 627 3681 717 3773; x_wconf 88' lang='lat' dir='ltr'>quod</span> <span class='ocrx_word' id='word_1_323' title='bbox 735 3705 800 3751; x_wconf 93' lang='lat' dir='ltr'>non</span> <span class='ocrx_word' id='word_1_324' title='bbox 818 3683 969 3775; x_wconf 82' lang='lat' dir='ltr'>quolibet</span> <span class='ocrx_word' id='word_1_325' title='bbox 989 3711 1093 3765; x_wconf 89' lang='lat' dir='ltr'>anno,</span> <span class='ocrx_word' id='word_1_326' title='bbox 1115 3689 1221 3758; x_wconf 88' lang='lat' dir='ltr'>utttlto</span> <span class='ocrx_word' id='word_1_327' title='bbox 1238 3692 1348 3756; x_wconf 87' lang='lat' dir='ltr'>minus</span> <span class='ocrx_word' id='word_1_328' title='bbox 1363 3687 1417 3757; x_wconf 90' lang='lat' dir='ltr'>die</span> <span class='ocrx_word' id='word_1_329' title='bbox 1440 3688 1584 3755; x_wconf 79' lang='lat' dir='ltr'>exerceri</span> <span class='ocrx_word' id='word_1_330' title='bbox 1608 3679 1731 3776; x_wconf 88' lang='lat' dir='ltr'>potesl,</span> <span class='ocrx_word' id='word_1_331' title='bbox 1754 3705 1791 3750; x_wconf 90' lang='lat' dir='ltr'>ut</span> <span class='ocrx_word' id='word_1_332' title='bbox 1804 3705 1842 3751; x_wconf 93' lang='lat' dir='ltr'>ut</span> <span class='ocrx_word' id='word_1_333' title='bbox 1856 3687 1934 3789; x_wconf 84' lang='lat' dir='ltr'>quia</span> <span class='ocrx_word' id='word_1_334' title='bbox 1950 3705 1987 3750; x_wconf 87' lang='lat' dir='ltr'>ut</span> 
     </span>
    </p>
   </div>
   <div class='ocr_carea' id='block_1_7' title="bbox 507 3775 1988 3976">
    <p class='ocr_par' dir='ltr' id='par_1_8' title="bbox 507 3775 1988 3976">
     <span class='ocr_line' id='line_1_32' title="bbox 507 3775 1987 3878; baseline -0.001 -29"><span class='ocrx_word' id='word_1_335' title='bbox 507 3802 549 3849; x_wconf 88' lang='lat' dir='ltr'>eo</span> <span class='ocrx_word' id='word_1_336' title='bbox 564 3778 639 3872; x_wconf 86' lang='lat' dir='ltr'>jure</span> <span class='ocrx_word' id='word_1_337' title='bbox 656 3783 784 3874; x_wconf 88' lang='lat' dir='ltr'>optime</span> <span class='ocrx_word' id='word_1_338' title='bbox 800 3775 956 3851; x_wconf 84' lang='lat' dir='ltr'>fundatus</span> <span class='ocrx_word' id='word_1_339' title='bbox 974 3781 1019 3854; x_wconf 87' lang='lat' dir='ltr'>stt.</span> <span class='ocrx_word' id='word_1_340' title='bbox 1072 3784 1277 3855; x_wconf 88' lang='lat' dir='ltr'>Poslremum</span> <span class='ocrx_word' id='word_1_341' title='bbox 1290 3781 1542 3855; x_wconf 86' lang='lat' dir='ltr'>fundamentum</span> <span class='ocrx_word' id='word_1_342' title='bbox 1560 3776 1720 3878; x_wconf 83' lang='lat' dir='ltr'>perfacile</span> <span class='ocrx_word' id='word_1_343' title='bbox 1736 3777 1781 3849; x_wconf 88' lang='lat' dir='ltr'>ell</span> <span class='ocrx_word' id='word_1_344' title='bbox 1801 3776 1987 3864; x_wconf 85' lang='lat' dir='ltr'>susiodere,</span> 
     </span>
     <span class='ocr_line' id='line_1_33' title="bbox 507 3872 1988 3976; baseline 0.003 -30"><span class='ocrx_word' id='word_1_345' title='bbox 507 3877 740 3976; x_wconf 78' lang='lat' dir='ltr'>pernegando,</span> <span class='ocrx_word' id='word_1_346' title='bbox 765 3872 982 3949; x_wconf 90' lang='lat' dir='ltr'>frusltaneam</span> <span class='ocrx_word' id='word_1_347' title='bbox 1002 3880 1081 3953; x_wconf 85' lang='lat' dir='ltr'>altas</span> <span class='ocrx_word' id='word_1_348' title='bbox 1103 3881 1241 3954; x_wconf 84' lang='lat' dir='ltr'>extitisse</span> <span class='ocrx_word' id='word_1_349' title='bbox 1260 3887 1463 3953; x_wconf 89' lang='lat' dir='ltr'>mentionem</span> <span class='ocrx_word' id='word_1_350' title='bbox 1488 3887 1568 3950; x_wconf 91' lang='lat' dir='ltr'>certi</span> <span class='ocrx_word' id='word_1_351' title='bbox 1595 3879 1683 3948; x_wconf 83' lang='lat' dir='ltr'>illius</span> <span class='ocrx_word' id='word_1_352' title='bbox 1706 3875 1792 3958; x_wconf 89' lang='lat' dir='ltr'>diei,</span> <span class='ocrx_word' id='word_1_353' title='bbox 1811 3903 1889 3950; x_wconf 86' lang='lat' dir='ltr'>cunt</span> <span class='ocrx_word' id='word_1_354' title='bbox 1904 3874 1988 3950; x_wconf 84' lang='lat' dir='ltr'>effe·</span> 
     </span>
    </p>
   </div>
   <div class='ocr_carea' id='block_1_8' title="bbox 508 3971 1991 4163">
    <p class='ocr_par' dir='ltr' id='par_1_9' title="bbox 508 3971 1991 4163">
     <span class='ocr_line' id='line_1_34' title="bbox 508 3971 1991 4077; baseline 0.003 -34"><span class='ocrx_word' id='word_1_355' title='bbox 508 3973 600 4044; x_wconf 64' lang='lat' dir='ltr'>ilum</span> <span class='ocrx_word' id='word_1_356' title='bbox 619 3976 707 4045; x_wconf 85' lang='lat' dir='ltr'>illius</span> <span class='ocrx_word' id='word_1_357' title='bbox 722 3971 957 4048; x_wconf 88' lang='lat' dir='ltr'>commonslret</span> <span class='ocrx_word' id='word_1_358' title='bbox 973 3976 1131 4052; x_wconf 80' lang='lat' dir='ltr'>refutatio</span> <span class='ocrx_word' id='word_1_359' title='bbox 1146 3978 1295 4054; x_wconf 72' lang='lat' dir='ltr'>secunde</span> <span class='ocrx_word' id='word_1_360' title='bbox 1311 3977 1469 4077; x_wconf 80' lang='lat' dir='ltr'>oppofitae</span> <span class='ocrx_word' id='word_1_361' title='bbox 1485 3980 1642 4058; x_wconf 86' lang='lat' dir='ltr'>rationis,</span> <span class='ocrx_word' id='word_1_362' title='bbox 1661 3975 1694 4045; x_wconf 92' lang='lat' dir='ltr'>id</span> <span class='ocrx_word' id='word_1_363' title='bbox 1710 3973 1799 4073; x_wconf 90' lang='lat' dir='ltr'>quod</span> <span class='ocrx_word' id='word_1_364' title='bbox 1815 3971 1991 4073; x_wconf 86' lang='lat' dir='ltr'>sequeutia</span> 
     </span>
     <span class='ocr_line' id='line_1_35' title="bbox 508 4069 903 4163; baseline 0 -20"><span class='ocrx_word' id='word_1_365' title='bbox 508 4077 615 4163; x_wconf 82' lang='lat' dir='ltr'>magis</span> <span class='ocrx_word' id='word_1_366' title='bbox 636 4069 872 4144; x_wconf 85' lang='lat' dir='ltr'>dilucidabunt.</span> <span class='ocrx_word' id='word_1_367' title='bbox 901 4114 903 4119; x_wconf 83' lang='lat'><em>.</em></span> 
     </span>
    </p>
   </div>
   <div class='ocr_carea' id='block_1_9' title="bbox 549 4237 1990 4411">
    <p class='ocr_par' dir='ltr' id='par_1_10' title="bbox 549 4237 1990 4411">
     <span class='ocr_line' id='line_1_36' title="bbox 549 4237 1990 4409; baseline 0.003 -102"><span class='ocrx_word' id='word_1_368' title='bbox 549 4247 589 4327; x_wconf 84' lang='lat' dir='ltr'>o)</span> <span class='ocrx_word' id='word_1_369' title='bbox 610 4242 816 4409; x_wconf 45' lang='lat' dir='ltr'>quferqbuc</span> <span class='ocrx_word' id='word_1_370' title='bbox 829 4245 971 4330; x_wconf 84' lang='lat' dir='ltr'>Aytetut</span> <span class='ocrx_word' id='word_1_371' title='bbox 985 4243 1197 4313; x_wconf 82' lang='lat' dir='ltr'>Commeottt.</span> <span class='ocrx_word' id='word_1_372' title='bbox 1216 4247 1270 4315; x_wconf 86' lang='lat' dir='ltr'>cit.</span> <span class='ocrx_word' id='word_1_373' title='bbox 1286 4247 1327 4312; x_wconf 88' lang='lat' dir='ltr'>de</span> <span class='ocrx_word' id='word_1_374' title='bbox 1342 4251 1413 4332; x_wconf 80' lang='lat' dir='ltr'>J&#39;ute</span> <span class='ocrx_word' id='word_1_375' title='bbox 1425 4248 1549 4333; x_wconf 74' lang='lat' dir='ltr'>pumat.</span> <span class='ocrx_word' id='word_1_376' title='bbox 1563 4263 1692 4331; x_wconf 87' lang='lat' dir='ltr'>precum</span> <span class='ocrx_word' id='word_1_377' title='bbox 1704 4261 1771 4328; x_wconf 84' lang='lat' dir='ltr'>cap.</span> <span class='ocrx_word' id='word_1_378' title='bbox 1786 4240 1830 4310; x_wconf 89' lang='lat' dir='ltr'>ll.</span> <span class='ocrx_word' id='word_1_379' title='bbox 1851 4243 1886 4326; x_wconf 74' lang='lat'>§-</span> <span class='ocrx_word' id='word_1_380' title='bbox 1895 4237 1990 4315; x_wconf 79' lang='lat' dir='ltr'>v11L</span> 
     </span>
     <span class='ocr_line' id='line_1_37' title="bbox 624 4346 731 4411; baseline 0.037 -4"><span class='ocrx_word' id='word_1_381' title='bbox 624 4346 644 4407; x_wconf 83' lang='grc' dir='ltr'><strong>Ρ</strong></span> <span class='ocrx_word' id='word_1_382' title='bbox 689 4346 731 4411; x_wconf 78' lang='grc'>·7</span> 
     </span>
    </p>
   </div>
   <div class='ocr_carea' id='block_1_10' title="bbox 1154 4444 1354 4547">
    <p class='ocr_par' dir='ltr' id='par_1_11' title="bbox 1154 4444 1354 4547">
     <span class='ocr_line' id='line_1_38' title="bbox 1154 4444 1354 4547; baseline 0.01 -27"><span class='ocrx_word' id='word_1_383' title='bbox 1154 4444 1186 4547; x_wconf 71' lang='lat' dir='ltr'>t.</span> <span class='ocrx_word' id='word_1_384' title='bbox 1237 4445 1354 4522; x_wconf 88' lang='lat' dir='ltr'>xut.</span> 
     </span>
    </p>
   </div>
   <div class='ocr_carea' id='block_1_11' title="bbox 628 4577 1994 4680">
    <p class='ocr_par' dir='ltr' id='par_1_12' title="bbox 628 4577 1994 4680">
     <span class='ocr_line' id='line_1_39' title="bbox 628 4577 1994 4680; baseline 0 -26"><span class='ocrx_word' id='word_1_385' title='bbox 628 4580 784 4654; x_wconf 77' lang='lat' dir='ltr'>Aliorum</span> <span class='ocrx_word' id='word_1_386' title='bbox 800 4577 888 4652; x_wconf 91' lang='lat' dir='ltr'>sensa</span> <span class='ocrx_word' id='word_1_387' title='bbox 911 4579 1084 4656; x_wconf 80' lang='lat' dir='ltr'>auslorum</span> <span class='ocrx_word' id='word_1_388' title='bbox 1101 4587 1134 4657; x_wconf 91' lang='lat' dir='ltr'>in</span> <span class='ocrx_word' id='word_1_389' title='bbox 1150 4586 1350 4655; x_wconf 87' lang='lat' dir='ltr'>contrariam</span> <span class='ocrx_word' id='word_1_390' title='bbox 1368 4581 1510 4680; x_wconf 78' lang='lat' dir='ltr'>praestxae</span> <span class='ocrx_word' id='word_1_391' title='bbox 1530 4586 1682 4679; x_wconf 90' lang='lat' dir='ltr'>opinioni</span> <span class='ocrx_word' id='word_1_392' title='bbox 1706 4605 1837 4680; x_wconf 90' lang='lat' dir='ltr'>partem</span> <span class='ocrx_word' id='word_1_393' title='bbox 1853 4602 1994 4654; x_wconf 85' lang='lat' dir='ltr'>conten·</span> 
     </span>
    </p>
   </div>
   <div class='ocr_carea' id='block_1_12' title="bbox 433 4678 1996 4852">
    <p class='ocr_par' dir='ltr' id='par_1_13' title="bbox 433 4678 1996 4852">
     <span class='ocr_line' id='line_1_40' title="bbox 433 4678 1996 4848; baseline -0.011 -83"><span class='ocrx_word' id='word_1_394' title='bbox 433 4773 436 4780; x_wconf 61' lang='grc'>,</span> <span class='ocrx_word' id='word_1_395' title='bbox 513 4686 665 4767; x_wconf 87' lang='lat' dir='ltr'>dentium</span> <span class='ocrx_word' id='word_1_396' title='bbox 684 4684 841 4782; x_wconf 86' lang='lat' dir='ltr'>reperio,</span> <span class='ocrx_word' id='word_1_397' title='bbox 859 4686 918 4781; x_wconf 86' lang='lat' dir='ltr'>qui</span> <span class='ocrx_word' id='word_1_398' title='bbox 940 4681 1051 4759; x_wconf 89' lang='lat' dir='ltr'>lotum</span> <span class='ocrx_word' id='word_1_399' title='bbox 1070 4686 1106 4759; x_wconf 94' lang='grc' dir='ltr'>Ρ.</span> <span class='ocrx_word' id='word_1_400' title='bbox 1120 4688 1176 4760; x_wconf 88' lang='lat' dir='ltr'>W.</span> <span class='ocrx_word' id='word_1_401' title='bbox 1192 4705 1416 4761; x_wconf 83' lang='lat' dir='ltr'>memoratum</span> <span class='ocrx_word' id='word_1_402' title='bbox 1434 4678 1656 4760; x_wconf 84' lang='lat' dir='ltr'>de&#39;sacttltate</span> <span class='ocrx_word' id='word_1_403' title='bbox 1679 4679 1856 4762; x_wconf 87' lang='lat' dir='ltr'>exercendi</span> <span class='ocrx_word' id='word_1_404' title='bbox 1877 4681 1996 4848; x_wconf 56' lang='lat' dir='ltr'>itatiu-</span> 
     </span>
     <span class='ocr_line' id='line_1_41' title="bbox 992 4799 1995 4852; baseline -0.011 9"><span class='ocrx_word' id='word_1_405' title='bbox 992 4799 994 4804; x_wconf 82' lang='grc'><strong>’</strong></span> <span class='ocrx_word' id='word_1_406' title='bbox 1544 4819 1550 4826; x_wconf 94' lang='grc'>-</span> <span class='ocrx_word' id='word_1_407' title='bbox 1936 4799 1995 4852; x_wconf 70' lang='lat' dir='ltr'>er·¹</span> 
     </span>
    </p>
   </div>
   <div class='ocr_carea' id='block_1_13' title="bbox 0 0 2551 5588">
    <p class='ocr_par' dir='ltr' id='par_1_14' title="bbox 0 0 2551 5588">
     <span class='ocr_line' id='line_1_42' title="bbox 0 0 2551 5588; baseline 0 0"><span class='ocrx_word' id='word_1_408' title='bbox 0 0 2551 5588; x_wconf 95' lang='lat' dir='ltr'> </span> 
     </span>
    </p>
   </div>
  </div>
 </body>
</html>
