5017 5592
567 609 1893 720 nanouononscctnatnsrrconotnrtnucorusca.
1921 633 1991 726 a„
2113 575 2119 582 ’

519 813 635 873 torum
651 790 804 878 societas,
827 799 856 867 ei
882 819 972 868 certe
996 798 1103 889 gentis
1127 795 1356 878 denominatio
1370 795 1523 890 denegari
1546 798 1631 893 julio
1654 826 1719 870 non
1736 802 1861 896 potell;
1884 807 1916 876 in
1930 806 1991 878 ltac

514 900 606 972 enim
623 895 689 966 lola
707 893 844 992 imperii
862 895 1015 965 libertate
1035 919 1134 990 atque
1157 894 1412 990 independentia
1428 895 1569 968 consillia
1586 899 1753 994 qnidditas
1776 903 1900 990 gentis,
1924 929 1992 974 non

512 1018 624 1068 autem
643 998 674 1064 in
692 996 765 1086 jure
787 992 863 1063 belli
880 994 929 1063 vel
945 995 1034 1090 pacis
1054 994 1166 1063 aliisve
1180 992 1310 1086 juribus
1324 991 1530 1087 majestaticis
1547 1019 1556 1078 3
1583 999 1663 1066 hacc
1678 999 1766 1066 enim
1782 996 1839 1069 etit
1854 1003 1886 1068 in
1903 1024 1993 1070 com·

510 1092 615 1190 plexu
636 1093 750 1162 multis
777 1091 913 1186 populis
935 1092 1147 1170 conveniant,
1170 1115 1236 1173 non
1260 1112 1370 1160 tamen
1393 1096 1543 1181 gentium
1560 1117 1702 1166 numero
1726 1091 1818 1181 liant,
1839 1099 1888 1168 uti
1908 1099 1941 1168 id
1958 1101 1993 1170 in

511 1189 670 1287 exemplo
691 1187 894 1281 fingnlorum
909 1190 1050 1283 Imperii
1074 1188 1324 1261 territoriorum
1348 1210 1452 1283 patet.

507 1413 514 1428 ,
630 1355 888 1453 Aeqniparanda
907 1357 1009 1446 igitur
1024 1353 1098 1426 sunt
1117 1355 1282 1451 ejusmodi
1301 1358 1555 1428 immunitatum
1598 1357 1749 1450 rivilegia
1774 1357 1839 1430 illis
1855 1361 1992 1455 privile·

538 1457 598 1539 iis,
615 1454 737 1551 quibus
754 1458 823 1525 Rex
848 1455 979 1526 Galliae
1001 1453 1151 1550 plurium
1176 1458 1326 1544 gentium
1350 1477 1538 1525 exterarum
1561 1381 1708 1526 lbbditos
1727 1460 1759 1526 in
1777 1453 1840 1527 suis
1859 1459 1993 1532 ditioni·

510 1481 577 1628 bus
594 1553 749 1646 degentes
766 1551 872 1646 ajure
890 1551 1056 1656 Albinagii
1085 1551 1195 1641 (Galli
1212 1574 1330 1623 vocant
1344 1551 1375 1622 le
1388 1554 1489 1624 Droit
1506 1552 1707 1645 d‘Aubaine)
1734 1558 1854 1625 exemit
1867 1604 1875 1636 ,
1889 1579 1991 1651 quam

509 1655 626 1727 minus
643 1676 724 1744 ergo
741 1654 809 1721 Rex
828 1650 959 1721 Galliae
973 1649 1053 1720 haec
1072 1651 1291 1721 immunitatis
1309 1649 1484 1743 privilegia
1500 1650 1652 1740 gentibus
1669 1655 1789 1722 exteris
1805 1652 1878 1723 data
1895 1679 1993 1726 revue

510 1774 593 1922 gaqe
613 1745 742 1917 potqst,
769 1750 969 1919 tapnlminus
993 1749 1092 1821 etiam
1118 1749 1290 1846 Principes
1311 1747 1490 1841 Privilegia
1515 1751 1742 1822 Immunitatis
1768 1747 1928 1826 Ecclesiae
1943 1754 1993 1824 in·

542 1869 610 1922 ute
629 1871 675 1946 po
701 1868 792 1919 unta
817 1869 920 1920 oete.

1161 1985 1190 2069 t·
1242 1976 1357 2053 arv.

631 2116 711 2210 Qro
731 2133 812 2184 nero
833 2108 1043 2208 Principibus
1064 2107 1284 2182 saecularibus
1310 2111 1394 2182 benc
1416 2111 1670 2185 Immunitatnm
1692 2111 1991 2193 Eccleliallicarum

514 2211 766 2287 revocationem
782 2235 823 2281 eo
844 2206 973 2280 facilius
992 2207 1186 2304 persuadeat
1204 2209 1438 2280 Veremundus
1455 2234 1472 2280 a
1494 2208 1688 2295 Lochllein,
1712 2219 1915 2305 argumentis
1930 2218 1992 2289 uti·

517 2311 745 2405 turpartima
766 2304 925 2378 somniate
949 2309 1106 2403 quapiam
1127 2304 1262 2377 illarum
1283 2311 1535 2379 immunitatum
1557 2309 1779 2392 insoliditate,
1802 2315 1925 2408 partim
1950 2311 1991 2385 ab
2074 2331 2088 2356 ‘

512 2430 632 2481 etrum
649 2404 804 2500 injustitia
822 2407 954 2502 periris,
981 2428 1104 2499 easque
1127 2402 1252 2477 inde&
1273 2404 1428 2479 nullas&
1450 2403 1583 2479 illicitas
1602 2403 1665 2481 else
1689 2430 1814 2484 tuetur.
1863 2409 1991 2486 Audia-

468 2569 471 2574 .
501 2509 592 2582 'inus
610 2504 681 2603 ejus
702 2520 897 2598 argumenta
914 2499 1029 2577 saltem
1050 2504 1198 2600 potiora.

1133 2733 1203 2825 i·
1252 2730 1342 2806 nn.
1459 2702 1464 2708 ’

631 2865 793 2941 Omnium
814 2866 926 2964 primo
946 2855 1112 2960 objicits)
1140 2866 1276 2938 Author
1298 2864 1477 2948 laudatus,
1507 2864 1630 2937 nnllam
1653 2891 1800 2966 unquam
1828 2871 1991 2971 Principi.

477 2983 482 2996 '
508 2963 577 3040 bus
597 2964 793 3062 potestatem
808 2962 1030 3060 competiilie,
1051 2987 1110 3036 aut
1130 2965 1320 3035 adhucdum
1337 2987 1548 3063 competere,
1576 2965 1732 3036 Ecclefias
1761 2967 1909 3040 collellis
1926 2996 1991 3067 pu·

511 3061 610 3138 blicis
630 3064 815 3144 liberandi,
843 3061 1004 3158 liquidem
1026 3060 1103 3134 illae
1132 3089 1197 3133 non
1220 3065 1401 3158 Principis,
1425 3061 1479 3134 sed
1502 3063 1602 3134 totius
1628 3061 1845 3161 Reipublicae
1864 3067 1948 3150 sint,
1971 3093 1992 3142 a

507 3185 581 3256 qua
602 3162 679 3235 illae
709 3161 866 3233 oneribus
889 3161 1030 3256 publicis
1062 3159 1139 3230 inde
1168 3158 1383 3230 lullcntandis
1406 3161 1478 3230 l'unt
1503 3158 1704 3243 dellinatae,
1733 3187 1815 3258 quas
1847 3166 1992 3260 proinde

511 3260 705 3355 Principem
724 3259 849 3352 absque
868 3253 1024 3327 consensu
1043 3255 1160 3350 populi
1177 3259 1301 3324 nemini
1320 3261 1491 3326 remittere
1505 3253 1596 3352 posse
1618 3258 1816 3340 arbitratur,
1838 3287 1915 3332 cum
1932 3266 1993 3335 ita·

544 3380 585 3427 uc
604 3358 768 3453 populns,
788 3358 836 3425 uti
857 3356 985 3449 pergit,
1008 3353 1041 3419 in
1060 3349 1153 3421 hal'ce
1169 3355 1421 3422 immunitatum
1436 3355 1645 3442 Largitiones
1666 3378 1835 3449 nunquam
1857 3357 1992 3429 consen·

509 3381 571 3535 lit,
594 3456 664 3526 imo
689 3457 801 3550 potius
822 3449 918 3550 saepe
934 3451 975 3522 de
991 3451 1032 3520 iia
1052 3445 1250 3549 conquestus
1271 3444 1342 3534 est,
1361 3445 1436 3522 illas
1458 3451 1558 3522 etiam
1577 3445 1745 3525 subsistere
1767 3450 1861 3525 nullo
1887 3453 1992 3530 modo

512 3548 608 3652 polle
627 3553 810 3631 contendit.

633 3723 765 3789 Verum
782 3713 827 3788 ell
849 3719 1029 3812 equidem,
1052 3713 1206 3789 colleiias
1229 3714 1377 3812 publicas
1395 3717 1496 3788 totius
1519 3711 1582 3788 elle
1602 3714 1744 3788 civitatis
1766 3737 1865 3814 atque
1880 3719 1993 3818 reipu-

509 3811 636 3898 blicae,
659 3814 713 3886 scd
731 3816 825 3886 valde
847 3814 1042 3910 injuriosum
1059 3814 1122 3896 cll,
1146 3815 1231 3886 velle
1255 3815 1465 3912 Principibus
1488 3815 1653 3907 denegare
1674 3812 1728 3908 jus
1745 3814 1777 3885 dt
1794 3813 1991 3910 potellatem

511 3915 699 3993 eximendi,
725 3937 959 4010 quemcunque
980 3914 1166 3992 soluerint,
1190 3911 1230 3981 ab
1255 3939 1357 3983 onere
1374 3909 1608 3996 collciiarum3
1633 3936 1761 3982 certum
1784 3911 1830 3985 cll
1846 3915 1935 3984 enim
1951 3917 1991 3988 ex'

511 4013 692 4110 principiis
707 4012 790 4104 juris
807 4012 931 4107 publici
955 4009 1146 4083 universalis
1164 4014 1305 4080 maxime
1327 4006 1646 4088 fundamentalibus,
1668 4007 1852 4080 universam
1868 4015 1992 4085 Civita-

514 4133 701 4205 temetque
720 4110 970 4203 Rempublicam
995 4108 1233 4202 repraesentari
1250 4111 1283 4178 in
1307 4106 1364 4178 luo
1389 4111 1559 4204 Principe,
1584 4111 1684 4202 inque
1701 4109 1763 4178 boc
1784 4112 1935 4180 onmium
1956 4111 1991 4184 dc

517 4203 724 4298 fingnlotum
745 4211 868 4277 civium
890 4210 1075 4278 voluntates
1091 4203 1153 4275 elle
1170 4210 1214 4274 ita
1236 4207 1392 4276 unitos&
1416 4205 1569 4286 lociatas,
1595 4228 1632 4275 ut
1654 4205 1804 4274 voluntas
1827 4209 1990 4304 Principis

515 4302 557 4378 fit
580 4303 647 4399 ipsa
664 4306 815 4377 voluntas
834 4307 970 4402 populi,
992 4327 1092 4397 atque
1108 4303 1272 4398 quidquid
1298 4309 1455 4398 Princeps
1470 4303 1632 4382 soltacrit,
1654 4305 1846 4398 cgcritqne,
1871 4305 1902 4374 itl
1921 4301 1992 4401 ipse

514 4402 620 4478 etiam
634 4406 778 4499 populus
791 4405 875 4474 velle
890 4428 988 4498 atque
1002 4425 1100 4493 agere
1116 4399 1305 4480 censeatur,
1321 4425 1398 4470 cum
1412 4425 1494 4490 ergo
1509 4401 1678 4492 Principes
1693 4397 1872 4470 saeculares
1890 4400 1991 4493 spod-

516 4525 553 4576 te
570 4501 602 4574 dt
618 4504 708 4573 nnlla
724 4504 755 4573 vi
772 4526 910 4594 cogente
933 4503 1016 4572 bona
1045 4495 1261 4568 Ecclcliarum
1283 4497 1404 4567 dotalia
1427 4523 1443 4564 a
1467 4499 1599 4566 tributu.
1624 4495 1765 4592 publicis
1787 4521 1990 4585 excnrcrnnt,

520 4604 601 4698 quit
623 4599 773 4685 dubitet,
798 4602 964 4698 populum
983 4591 1195 4674 coalcnfillci
1212 4597 1355 4766 ppqinde
1376 4619 1466 4664 enim
1481 4593 1549 4680 eli,
1576 4591 1641 4670 lite
1663 4619 1737 4692 quta
1759 4597 1839 4692 quid
1859 4621 1921 4692 per
1945 4591 2007 4684 se·¹

1289 4715 1440 4792 nnn3
1908 4713 1993 4768 mct-
