5017 5592
503 623 573 735 1'34
820 675 823 684 f
938 609 1516 750 u'issnnrario

502 816 562 888 illo
582 813 681 885 etism
696 838 715 884 a
729 808 881 885 Patribus
897 811 1040 886 Concilii
1057 808 1241 883 lialileenlls
1262 813 1450 907 approbato
1468 812 1616 909 plenarie
1631 810 1706 883 usus
1722 786 1842 891 fuerit,
1863 836 1921 884 aut
1933 836 1976 884 an

503 935 571 1002 non
596 914 709 1009 potius
732 911 952 984 contradislio
979 909 1196 981 Ecclesiarum
1218 909 1250 980 di
1273 912 1491 992 collatorum,
1513 910 1677 1006 ejusmodi
1701 914 1897 980 exercitium
1918 913 1979 979 ini·

502 1008 659 1107 pedicrit.
709 1012 787 1081 Hdc
801 1006 847 1080 est
868 1007 1062 1090 indubium,
1081 1007 1217 1078 testante
1238 1005 1374 1079 historia
1389 1008 1568 1089 Gobelini,
1586 1009 1835 1100 Sigismundum
1853 1015 1974 1104 prima-

502 1111 563 1179 riis
584 1103 738 1205 precibus
754 1130 908 1203 tempore
926 1105 1067 1177 Concilii
1085 1103 1336 1178 constantiense
1360 1109 1407 1178 uti
1431 1103 1567 1180 voluisse
1587 1132 1626 1178 ex
1648 1109 1783 1201 antiqua
1805 1103 1982 1176 consuetu·

502 1205 600 1289 dine,
618 1228 734 1277 verum
750 1205 833 1275 hanc
849 1229 915 1276 nou
930 1199 1024 1274 soille
1045 1200 1211 1273 admissam
1227 1227 1482 1303 receptamque,
1508 1227 1545 1276 ut
1558 1226 1595 1276 ut
1609 1229 1675 1275 non
1694 1205 1792 1299 pauci
1806 1201 1981 1275 occasione

390 1341 392 1346 ·
502 1323 643 1399 precum
659 1305 897 1398 primariorum
921 1300 1080 1374 beneficis
1101 1300 1318 1373 obtinuerint.

541 1489 576 1561 ι)
596 1484 767 1550 Decretum
778 1480 950 1578 Bableeuse
960 1498 1050 1579 'anno
1065 1498 1156 1562 1437.
1171 1476 1379 1626 ⁸¹}³⁸.¹¹!¹¹¹¹⁶⁰
1392 1459 1602 1544 transmissum
1620 1481 1744 1543 ratione
1762 1481 1982 1582 primmiarum

616 1585 743 1650 precum
760 1566 843 1648 apud
857 1566 1024 1644 bilnigiurn
1040 1560 1136 1625 Toni.
1162 1562 1186 1626 1.
1229 1564 1312 1645 picil.
1333 1563 1410 1626 eccl.
1431 1582 1503 1644 pag.
1521 1574 1589 1647 278.
1606 1562 1701 1626 refert
1721 1578 1911 1646 petitionem
1928 1565 1981 1629 Sa·

616 1649 793 1794 plumandi,
818 1645 872 1710 ubl
894 1647 997 1708 innuit
1022 1642 1201 1717 manifeste,
1231 1645 1293 1710 sais
1311 1645 1554 1708 antecessoribus
1574 1644 1626 1726 lus
1643 1645 1719 1708 illud
1740 1644 1801 1709 elle
1818 1647 1980 1710 interver-

629 1750 682 1793 um
699 1728 733 1792 dc
749 1729 951 1812 impeditum:
976 1724 1089 1790 “Sane
1106 1744 1163 1805 pro
1177 1737 1265 1808 psrte
1283 1741 1348 1789 tuae
1361 1727 1559 1790 celsitudinis
1572 1730 1664 1790 nobis
1677 1728 1795 1789 oblatae
1806 1730 1976 1812 petitionis

516 1829 518 1836 ·
617 1812 710 1876 series
723 1813 925 1880 continebat,
945 1807 1054 1890 quod,
1077 1810 1152 1872 lieet
1168 1828 1210 1870 ex
1226 1809 1397 1892 privilegio
1411 1813 1538 1890 antiqua
1557 1807 1620 1871 &a
1645 1812 1773 1890 probata
1790 1811 1878 1873 acab
1898 1811 1982 1875 olim

519 1910 521 1914 ·
616 1894 815 1958 laudabiliter
830 1891 1014 1954 conservata
1028 1889 1256 1953 cousuetudine
1273 1895 1484 1973 comprobato
1508 1890 1598 1954 Rom.
1620 1830 1724 1973 seges
1750 1912 1786 1954 ac
1804 1889 1984 1975 Imperato-

617 1994 669 2039 res
690 1977 738 2039 tui
754 1971 994 2057 praedecessores
1016 1971 1086 2055 post
1109 1970 1245 2055 ipsorum
1263 1973 1414 2056 susceptas
1436 1993 1491 2056 per
1510 1994 1569 2036 eos
1591 1965 1723 2055 Regalee
1747 1975 1780 2037 dc
1798 1974 1845 2038 lui
1867 1975 1982 2038 eriales

619 2056 735 2122 insulas
758 2056 886 2139 lingulis
906 2055 1135 2127 collatoribus,
1158 2053 1443 2127 &collatricibus,
1466 2054 1637 2135 Capitulis,
1667 2055 1821 2138 collegiis
1891 2055 1984 2120 Cou-

618 2141 768 2203 ventibus
784 2159 839 2220 per
853 2139 981 2201 Sacrum
997 2137 1089 2201 Rom.
1105 2136 1275 2232 Imperium
1293 2140 1424 2201 ubilibet
1444 2136 1640 2212 constitutis,
1673 2157 1731 2219 pro
1748 2141 1845 2201 unico
1860 2137 1983 2203 benesi-

619 2224 673 2285 cio
691 2221 898 2285 ecclesiastico
914 2240 985 2282 curn
1005 2240 1079 2281 cura
1099 2219 1131 2280 dc
1151 2228 1213 2282 line
1226 2240 1316 2288 eura,
1353 2221 1471 2283 etiamsi
1490 2224 1695 2282 canonicatus
1718 2219 1930 2305 &praebenda
1949 2223 1984 2284 in

618 2303 856 2387 Metropolitan.
872 2315 925 2365 aut
944 2302 1199 2367 cathedralibus.
1235 2304 1285 2366 seu
1301 2305 1481 2384 collegiatis
1505 2303 1647 2364 Eccleliis
1661 2301 1761 2375 soret,
1801 2307 1838 2365 ad
1862 2323 1983 2365 eorun-

618 2386 688 2449 dem
707 2387 918 2456 collatorum,
942 2387 1162 2453 collatricum,
1189 2384 1424 2465 Capitulorum,
1459 2385 1675 2465 collegiorum
1695 2383 1728 2446 dc
1750 2383 1982 2450 conventuum

619 2469 844 2536 collationem,
876 2466 1107 2546 provisionem,
1133 2467 1424 2544 praesentationem,
1457 2468 1507 2532 seu
1524 2469 1668 2547 quamvis
1689 2469 1780 2530 aliam
1802 2467 1985 2550 dispositio·

618 2569 690 2611 nerii
707 2549 919 2612 communiter
934 2547 985 2610 vel
1002 2545 1124 2609 divisim
1138 2550 1333 2626 pertinente,
1368 2569 1426 2630 pro
1450 2551 1492 2611 sin
1520 2550 1578 2610 ulis
1599 2547 1738 2630 personis
1759 2550 1984 2614 benemeritis

513 2629 520 2647 “
582 2688 585 2694 ,
618 2630 840 2701 sanabilibus,
877 2651 953 2710 quas
979 2631 1016 2690 ad
1040 2629 1269 2690 hoeducerent
1291 2632 1468 2711 eligendas.
1495 2570 1985 2712 suasprecesfivenominatio·

618 2732 694 2789 nes,
715 2714 783 2776 five
793 2711 939 2807 personas
954 2713 1097 2785 easdem,
1121 2729 1178 2792 pro
1195 2713 1307 2791 quibua
1325 2714 1397 2774 illac
1412 2712 1527 2775 fiebant
1543 2711 1577 2773 dt
1591 2715 1850 2794 porrigebantur,
1874 2734 1913 2775 ac
1926 2715 1984 2777 be·

604 2794 730 2866 ,uesicis
749 2795 931 2874 hujusmodi
946 2793 1112 2856 earundem
1133 2811 1259 2872 precum
1274 2795 1408 2856 obtentu
1422 2794 1585 2855 admittere
1600 2837 1608 2862 ,
1643 2814 1679 2856 sc
1694 2794 1778 2857 sedes
1792 2794 1981 2875 Apostoliea

618 2875 654 2940 cis
667 2878 758 2941 Rom.
774 2876 963 2949 Pontifices,
979 2878 1033 2957 qui
1046 2875 1175 2936 suerunt
1187 2894 1245 2954 pro
1259 2890 1417 2957 ternpore,
1440 2876 1510 2958 ipsis
1522 2876 1672 2939 Romania
1687 2877 1984 2959 imperatoribus&

618 2958 758 3040 Regibus
772 2978 830 3042 pro
845 2957 977 3040 ipsarum
1017 2975 1123 3019 recum
1134 2957 1239 3019 debita
1253 2960 1447 3022 executione
1465 2958 1720 3041 &implemento
1740 2957 1898 3033 adsistere,
1931 2969 1982 3022 at·

619 3059 682 3121 que
699 3042 807 3104 favere
829 3037 979 3103 consuevi
1006 3051 1080 3109 ent,
1107 3047 1211 3101 tamen
1258 3040 1458 3110 ostmodum,
1491 3041 1581 3105 ficuti
1598 3041 1794 3122 displicentes
1810 3042 1905 3106 uobis
1917 3062 1983 3108 ex·

619 3125 696 3203 poni
713 3122 827 3192 fecisti,
849 3133 978 3204 propter
994 3124 1111 3204 gratias
1135 3060 1397 3204 superlativas„
1415 3123 1554 3204 aliasque
1573 3121 1772 3204 provisiones
1789 3121 1824 3185 δι
1840 3121 1984 3186 reserva·

619 3206 725 3266 tiones
746 3203 946 3284 Apostolicas
972 3203 1122 3266 hactenus
1149 3205 1291 3267 indusias
1312 3226 1348 3266 ac
1370 3208 1472 3268 varias
1493 3208 1736 3285 derogationum
1755 3205 1808 3265 vel
1827 3207 1981 3269 irritantis

619 3288 736 3348 decreti
760 3285 910 3349 clausulas
935 3289 966 3349 iu
985 3286 1014 3348 se
1029 3287 1247 3359 continentes,
1272 3288 1416 3350 nonnulli
1435 3310 1477 3351 ex
1503 3286 1595 3350 distis
1615 3287 1762 3350 Romanis
1786 3285 1984 3368 Regibus&

618 3367 884 3449 Imperatoribus,
904 3371 967 3430 tuis
985 3366 1285 3449 praedecess'oribus.
1306 3370 1417 3446 saepius
1435 3369 1568 3431 sriillrati
1593 3369 1728 3438 suerint,
1766 3380 1863 3450 prout
1876 3369 1910 3431 di
1926 3385 1984 3432 tua

619 3449 779 3514 Serenitas
794 3470 922 3533 precum
943 3449 995 3513 seii
1015 3451 1269 3511 nominationum
1289 3450 1471 3531 hujusmodi
1499 3452 1560 3512 huc
1577 3451 1671 3529 usque
1690 3450 1830 3512 frustrata
1848 3449 1984 3515 estesse-

623 3531 675 3597 ἂι]
690 3534 720 3595 in
736 3532 821 3597 Sacri
842 3534 989 3612 Imperii,
1014 3532 1151 3611 didtique
1166 3532 1339 3610 imperialia
1359 3536 1518 3614 privilegii
1541 3534 1574 3595 dc
1596 3533 1853 3606 consuetudinis,
1886 3535 1985 3614 juris-

621 3635 683 3758 pue
697 3617 873 3760 resultpntis
885 3636 927 3678 ex
943 3616 1004 3679 illis
1020 3614 1246 3677 detractionem
1264 3635 1299 3677 ac
1310 3617 1488 3690 laesionem,
1510 3636 1574 3677 non
1589 3617 1744 3677 modicam
1760 3617 1877 3699 pariter
1889 3615 1985 3681 &of-

635 3699 736 3760 ensam
752 3721 790 3779 pe
812 3698 842 3764 ἰ.
858 3741 879 3773 ,,

547 3850 584 3928 b)
607 3848 712 3930 Pergit
725 3849 837 3912 ibidem
853 3859 964 3911 textus
980 3852 1102 3912 llecreti
1120 3848 1316 3912 Basileensis:
1356 3854 1378 3919 *ὲ
1393 3849 1462 3911 Nos
1484 3850 1582 3927 igitur
1599 3847 1641 3908 ob
1658 3844 1886 3929 praemissorum
1906 3856 1986 3912 tuo·

621 3952 688 3997 rum
704 3931 931 4012 imperatorum
946 3931 1112 4011 &Regum
1132 3934 1346 3994 Romanorum
1368 3954 1405 3993 ac
1424 3931 1699 3993 tuaeselsrtudinis
1716 3931 1847 4002 merita,
1883 3931 1985 4014 digne

620 4013 839 4081 memoranda,
860 4013 1122 4094 postulationibus
1145 4018 1208 4075 tuis
1229 4014 1411 4094 hujusmodi
1431 4014 1649 4076 invariabiliter
1668 4012 1808 4074 inclinati
1828 4013 1985 4078 volumus

621 4095 655 4158 δι
677 4095 866 4160 auctoritate
887 4094 1070 4158 universalis
1087 4095 1233 4156 Ecclesiae
1251 4109 1363 4157 tenore
1382 4094 1577 4178 praesentium
1599 4094 1798 4166 ordinamus,
1831 4095 1919 4175 quod
1939 4117 1984 4160 ex

621 4195 705 4238 nunc
717 4178 854 4239 Caesarea
873 4178 1015 4259 blajestas
1032 4191 1104 4247 tua,
1139 4176 1231 4240 semel
1252 4189 1392 4250 tantuin,
1420 4179 1523 4257 quoad
1541 4178 1681 4242 vixerit·
1715 4195 1851 4238 necnon
1868 4177 1985 4260 liugull

621 4257 674 4320 alii
691 4258 822 4322 Romani
838 4259 941 4342 Reges
959 4260 991 4323 δι
1010 4259 1240 4341 imperatores,
1261 4262 1313 4341 qui
1334 4281 1376 4322 ex
1396 4280 1479 4322 nunc
1499 4262 1530 4320 in
1551 4273 1641 4321 antea
1658 4257 1791 4330 suerint,
1828 4261 1985 4324 canonice

621 4350 727 4402 tamen
740 4343 890 4404 intrantes
904 4345 1076 4423 privilegio
1092 4341 1124 4403 dc
1141 4342 1367 4405 consuetudine
1383 4342 1536 4425 imperial.
1555 4341 1739 4421 hujusmodi
1751 4341 1856 4420 quoad
1873 4360 1984 4424 preces

621 4419 689 4484 sive
709 4423 961 4499 nominationes,
982 4439 1017 4489 ut
1041 4424 1222 4507 praescitur,
1244 4425 1424 4497 faciendas,
1462 4427 1621 4505 perpetuis
1649 4423 1764 4487 suturis
1785 4426 1985 4508 temporibus

622 4503 721 4569 libere
737 4502 770 4570 ἃ
785 4504 923 4587 plenarie
938 4512 987 4575 uti
1005 4507 1193 4592 &gaudere
1213 4507 1328 4591 possint
1340 4506 1375 4571 dc
1393 4505 1528 4573 valeant
1545 4547 1568 4583 „
