<?xml version="1.0" encoding="UTF-8"?>
<!DOCTYPE html PUBLIC "-//W3C//DTD XHTML 1.0 Transitional//EN"
    "http://www.w3.org/TR/xhtml1/DTD/xhtml1-transitional.dtd">
<html xmlns="http://www.w3.org/1999/xhtml" xml:lang="en" lang="en">
 <head>
  <title>
</title>
<meta http-equiv="Content-Type" content="text/html;charset=utf-8" />
  <meta name='ocr-system' content='tesseract 3.04.00' />
  <meta name='ocr-capabilities' content='ocr_page ocr_carea ocr_par ocr_line ocrx_word'/>
</head>
<body>
  <div class='ocr_page' id='page_1' title='image "./thesavrvsivrise01schmgoog_0793.png"; bbox 0 0 5017 5592; ppageno 0'>
   <div class='ocr_carea' id='block_1_1' title="bbox 399 581 1539 745">
    <p class='ocr_par' dir='ltr' id='par_1_1' title="bbox 399 581 1539 745">
     <span class='ocr_line' id='line_1_1' title="bbox 399 581 1539 745; baseline 0.002 -32"><span class='ocrx_word' id='word_1_1' title='bbox 399 581 584 745; x_wconf 45' lang='lat' dir='ltr'>‚⁴7m</span> <span class='ocrx_word' id='word_1_2' title='bbox 765 619 770 628; x_wconf 83' lang='lat'>&#39;</span> <span class='ocrx_word' id='word_1_3' title='bbox 960 623 1539 716; x_wconf 64' lang='lat' dir='ltr'>omsanrnnro</span> 
     </span>
    </p>
   </div>
   <div class='ocr_carea' id='block_1_2' title="bbox 426 813 1980 1698">
    <p class='ocr_par' dir='ltr' id='par_1_2' title="bbox 426 813 1980 1698">
     <span class='ocr_line' id='line_1_2' title="bbox 508 813 1970 918; baseline 0.002 -22"><span class='ocrx_word' id='word_1_4' title='bbox 508 838 628 896; x_wconf 77' lang='lat' dir='ltr'>norro</span> <span class='ocrx_word' id='word_1_5' title='bbox 644 821 695 890; x_wconf 88' lang='lat' dir='ltr'>M.</span> <span class='ocrx_word' id='word_1_6' title='bbox 711 815 833 889; x_wconf 71' lang='lat' dir='ltr'>eleiius</span> <span class='ocrx_word' id='word_1_7' title='bbox 849 813 903 899; x_wconf 88' lang='lat' dir='ltr'>lit,</span> <span class='ocrx_word' id='word_1_8' title='bbox 932 815 964 890; x_wconf 72' lang='lat' dir='ltr'>iit</span> <span class='ocrx_word' id='word_1_9' title='bbox 981 819 1123 890; x_wconf 88' lang='lat' dir='ltr'>Concilii</span> <span class='ocrx_word' id='word_1_10' title='bbox 1138 819 1321 892; x_wconf 72' lang='lat' dir='ltr'>authoritas</span> <span class='ocrx_word' id='word_1_11' title='bbox 1338 824 1454 918; x_wconf 89' lang='lat' dir='ltr'>utique</span> <span class='ocrx_word' id='word_1_12' title='bbox 1470 820 1579 915; x_wconf 83' lang='lat' dir='ltr'>major</span> <span class='ocrx_word' id='word_1_13' title='bbox 1593 813 1659 904; x_wconf 88' lang='lat' dir='ltr'>esl,</span> <span class='ocrx_word' id='word_1_14' title='bbox 1685 845 1793 918; x_wconf 84' lang='lat' dir='ltr'>quem</span> <span class='ocrx_word' id='word_1_15' title='bbox 1809 826 1970 899; x_wconf 73' lang='lat' dir='ltr'>sozomeni.</span> 
     </span>
     <span class='ocr_line' id='line_1_3' title="bbox 509 915 1974 1014; baseline 0.003 -25"><span class='ocrx_word' id='word_1_16' title='bbox 509 925 757 994; x_wconf 67' lang='lat' dir='ltr'>Aternius</span> <span class='ocrx_word' id='word_1_17' title='bbox 780 939 906 996; x_wconf 87' lang='lat' dir='ltr'>tantum</span> <span class='ocrx_word' id='word_1_18' title='bbox 923 919 1094 1012; x_wconf 90' lang='lat' dir='ltr'>promovit</span> <span class='ocrx_word' id='word_1_19' title='bbox 1109 915 1400 1014; x_wconf 83' lang='lat' dir='ltr'>Chrysostomum,</span> <span class='ocrx_word' id='word_1_20' title='bbox 1426 919 1974 996; x_wconf 79' lang='lat' dir='ltr'>utviolenrnncanrlidarorumcoa·</span> 
     </span>
     <span class='ocr_line' id='line_1_4' title="bbox 508 1008 1972 1116; baseline 0.003 -28"><span class='ocrx_word' id='word_1_21' title='bbox 508 1013 709 1112; x_wconf 75' lang='lat' dir='ltr'>spirationes</span> <span class='ocrx_word' id='word_1_22' title='bbox 727 1008 915 1097; x_wconf 83' lang='lat' dir='ltr'>frangerer,</span> <span class='ocrx_word' id='word_1_23' title='bbox 941 1013 1096 1109; x_wconf 83' lang='lat' dir='ltr'>idqueex</span> <span class='ocrx_word' id='word_1_24' title='bbox 1111 1038 1191 1087; x_wconf 84' lang='lat' dir='ltr'>roto</span> <span class='ocrx_word' id='word_1_25' title='bbox 1204 1017 1315 1098; x_wconf 86' lang='lat' dir='ltr'>Cleri,</span> <span class='ocrx_word' id='word_1_26' title='bbox 1344 1016 1532 1116; x_wconf 79' lang='lat' dir='ltr'>&amp;papalia</span> <span class='ocrx_word' id='word_1_27' title='bbox 1571 1025 1640 1094; x_wconf 77' lang='lat' dir='ltr'>Vari</span> <span class='ocrx_word' id='word_1_28' title='bbox 1653 1018 1862 1107; x_wconf 71' lang='lat' dir='ltr'>finiendaralis</span> <span class='ocrx_word' id='word_1_29' title='bbox 1880 1028 1972 1113; x_wconf 73' lang='lat' dir='ltr'>quiden</span> 
     </span>
     <span class='ocr_line' id='line_1_5' title="bbox 511 1114 1973 1212; baseline 0.003 -26"><span class='ocrx_word' id='word_1_30' title='bbox 511 1116 644 1194; x_wconf 83' lang='lat' dir='ltr'>ordinis,</span> <span class='ocrx_word' id='word_1_31' title='bbox 665 1115 718 1198; x_wconf 67' lang='lat' dir='ltr'>red</span> <span class='ocrx_word' id='word_1_32' title='bbox 730 1116 806 1206; x_wconf 66' lang='lat' dir='ltr'>nibil</span> <span class='ocrx_word' id='word_1_33' title='bbox 822 1115 964 1184; x_wconf 73' lang='lat' dir='ltr'>laedentes</span> <span class='ocrx_word' id='word_1_34' title='bbox 981 1117 1104 1206; x_wconf 81' lang='lat' dir='ltr'>dignum</span> <span class='ocrx_word' id='word_1_35' title='bbox 1120 1114 1311 1204; x_wconf 62' lang='lat' dir='ltr'>micinno,</span> <span class='ocrx_word' id='word_1_36' title='bbox 1337 1120 1409 1187; x_wconf 88' lang='lat' dir='ltr'>dum</span> <span class='ocrx_word' id='word_1_37' title='bbox 1428 1121 1546 1187; x_wconf 79' lang='lat' dir='ltr'>meritis</span> <span class='ocrx_word' id='word_1_38' title='bbox 1567 1117 1714 1202; x_wconf 78' lang='lat' dir='ltr'>diffidunt</span> <span class='ocrx_word' id='word_1_39' title='bbox 1727 1115 1817 1206; x_wconf 84' lang='lat' dir='ltr'>siris,</span> <span class='ocrx_word' id='word_1_40' title='bbox 1843 1123 1973 1212; x_wconf 67' lang='lat' dir='ltr'>Porrisstu</span> 
     </span>
     <span class='ocr_line' id='line_1_6' title="bbox 426 1207 1974 1307; baseline 0.006 -27"><span class='ocrx_word' id='word_1_41' title='bbox 426 1281 432 1304; x_wconf 30' lang='grc' dir='ltr'>ἱ</span> <span class='ocrx_word' id='word_1_42' title='bbox 464 1255 467 1260; x_wconf 95' lang='grc'>-</span> <span class='ocrx_word' id='word_1_43' title='bbox 512 1209 617 1299; x_wconf 77' lang='lat' dir='ltr'>(odium</span> <span class='ocrx_word' id='word_1_44' title='bbox 638 1207 926 1300; x_wconf 73' lang='lat' dir='ltr'>eledianrfidrlr&#39;um</span> <span class='ocrx_word' id='word_1_45' title='bbox 942 1213 1064 1303; x_wconf 71' lang='lat' dir='ltr'>adipisci</span> <span class='ocrx_word' id='word_1_46' title='bbox 1078 1215 1285 1306; x_wconf 65' lang='lat' dir='ltr'>desperantes,</span> <span class='ocrx_word' id='word_1_47' title='bbox 1305 1217 1418 1307; x_wconf 79' lang='lat' dir='ltr'>partim</span> <span class='ocrx_word' id='word_1_48' title='bbox 1439 1218 1556 1284; x_wconf 78' lang='lat' dir='ltr'>Palatii</span> <span class='ocrx_word' id='word_1_49' title='bbox 1572 1214 1709 1300; x_wconf 73' lang='lat' dir='ltr'>olfidmr</span> <span class='ocrx_word' id='word_1_50' title='bbox 1721 1215 1833 1306; x_wconf 84' lang='lat' dir='ltr'>sarrs,</span> <span class='ocrx_word' id='word_1_51' title='bbox 1861 1222 1910 1288; x_wconf 78' lang='lat' dir='ltr'>alii</span> <span class='ocrx_word' id='word_1_52' title='bbox 1929 1245 1974 1290; x_wconf 85' lang='lat' dir='ltr'>rra·</span> 
     </span>
     <span class='ocr_line' id='line_1_7' title="bbox 511 1309 1975 1408; baseline 0.007 -31"><span class='ocrx_word' id='word_1_53' title='bbox 511 1332 587 1382; x_wconf 78' lang='lat' dir='ltr'>uera</span> <span class='ocrx_word' id='word_1_54' title='bbox 598 1309 768 1402; x_wconf 80' lang='lat' dir='ltr'>perentibus</span> <span class='ocrx_word' id='word_1_55' title='bbox 782 1309 936 1388; x_wconf 78' lang='lat' dir='ltr'>tribuunt,</span> <span class='ocrx_word' id='word_1_56' title='bbox 954 1313 1008 1380; x_wconf 77' lang='lat' dir='ltr'>aiii</span> <span class='ocrx_word' id='word_1_57' title='bbox 1022 1314 1136 1403; x_wconf 83' lang='lat' dir='ltr'>pupulis</span> <span class='ocrx_word' id='word_1_58' title='bbox 1146 1333 1226 1402; x_wconf 84' lang='lat' dir='ltr'>genu</span> <span class='ocrx_word' id='word_1_59' title='bbox 1243 1311 1337 1408; x_wconf 77' lang='lat' dir='ltr'>padri</span> <span class='ocrx_word' id='word_1_60' title='bbox 1357 1310 1530 1404; x_wconf 79' lang='lat' dir='ltr'>(applicant.</span> <span class='ocrx_word' id='word_1_61' title='bbox 1583 1312 1641 1383; x_wconf 87' lang='lat' dir='ltr'>Ad</span> <span class='ocrx_word' id='word_1_62' title='bbox 1654 1312 1717 1381; x_wconf 79' lang='lat' dir='ltr'>hec</span> <span class='ocrx_word' id='word_1_63' title='bbox 1738 1314 1822 1406; x_wconf 81' lang='lat' dir='ltr'>pleds</span> <span class='ocrx_word' id='word_1_64' title='bbox 1835 1315 1975 1407; x_wconf 75' lang='lat' dir='ltr'>fidelissi·</span> 
     </span>
     <span class='ocr_line' id='line_1_8' title="bbox 512 1405 1974 1504; baseline 0.006 -29"><span class='ocrx_word' id='word_1_65' title='bbox 512 1407 642 1498; x_wconf 82' lang='lat' dir='ltr'>dignans</span> <span class='ocrx_word' id='word_1_66' title='bbox 661 1413 773 1495; x_wconf 77' lang='lat' dir='ltr'>Regem</span> <span class='ocrx_word' id='word_1_67' title='bbox 787 1409 836 1499; x_wconf 74' lang='lat' dir='ltr'>pia</span> <span class='ocrx_word' id='word_1_68' title='bbox 850 1410 1015 1478; x_wconf 83' lang='lat' dir='ltr'>intentione</span> <span class='ocrx_word' id='word_1_69' title='bbox 1029 1405 1188 1492; x_wconf 73' lang='lat' dir='ltr'>sollicitat,</span> <span class='ocrx_word' id='word_1_70' title='bbox 1214 1409 1360 1503; x_wconf 75' lang='lat' dir='ltr'>pastorem</span> <span class='ocrx_word' id='word_1_71' title='bbox 1381 1415 1510 1500; x_wconf 80' lang='lat' dir='ltr'>peritura</span> <span class='ocrx_word' id='word_1_72' title='bbox 1529 1409 1585 1498; x_wconf 82' lang='lat' dir='ltr'>fibi</span> <span class='ocrx_word' id='word_1_73' title='bbox 1611 1410 1683 1478; x_wconf 74' lang='lat' dir='ltr'>dari</span> <span class='ocrx_word' id='word_1_74' title='bbox 1700 1409 1887 1503; x_wconf 79' lang='lat' dir='ltr'>fimpliriter</span> <span class='ocrx_word' id='word_1_75' title='bbox 1903 1415 1974 1504; x_wconf 72' lang='lat' dir='ltr'>pisa·</span> 
     </span>
     <span class='ocr_line' id='line_1_9' title="bbox 512 1501 1980 1602; baseline 0.003 -26"><span class='ocrx_word' id='word_1_76' title='bbox 512 1507 590 1576; x_wconf 75' lang='lat' dir='ltr'>uns.</span> <span class='ocrx_word' id='word_1_77' title='bbox 605 1503 640 1595; x_wconf 84' lang='lat' dir='ltr'>b)</span> <span class='ocrx_word' id='word_1_78' title='bbox 689 1505 746 1572; x_wconf 84' lang='lat' dir='ltr'>Vn</span> <span class='ocrx_word' id='word_1_79' title='bbox 756 1520 779 1571; x_wconf 81' lang='lat' dir='ltr'>r.</span> <span class='ocrx_word' id='word_1_80' title='bbox 789 1519 810 1572; x_wconf 76' lang='grc' dir='ltr'><strong>Ε</strong></span> <span class='ocrx_word' id='word_1_81' title='bbox 820 1521 902 1574; x_wconf 80' lang='lat' dir='ltr'>rrrr</span> <span class='ocrx_word' id='word_1_82' title='bbox 913 1521 1030 1576; x_wconf 69' lang='lat' dir='ltr'>rurant</span> <span class='ocrx_word' id='word_1_83' title='bbox 1042 1523 1090 1574; x_wconf 84' lang='lat' dir='ltr'>us</span> <span class='ocrx_word' id='word_1_84' title='bbox 1111 1510 1198 1578; x_wconf 88' lang='lat' dir='ltr'>inter</span> <span class='ocrx_word' id='word_1_85' title='bbox 1212 1501 1337 1578; x_wconf 81' lang='lat' dir='ltr'>diffidit</span> <span class='ocrx_word' id='word_1_86' title='bbox 1353 1503 1473 1602; x_wconf 90' lang='lat' dir='ltr'>populi</span> <span class='ocrx_word' id='word_1_87' title='bbox 1488 1503 1589 1578; x_wconf 89' lang='lat' dir='ltr'>Clero</span> <span class='ocrx_word' id='word_1_88' title='bbox 1604 1501 1844 1582; x_wconf 80' lang='lat' dir='ltr'>consentiente</span> <span class='ocrx_word' id='word_1_89' title='bbox 1856 1510 1980 1582; x_wconf 71' lang='lat' dir='ltr'>deuoui-</span> 
     </span>
     <span class='ocr_line' id='line_1_10' title="bbox 469 1596 1973 1698; baseline 0.007 -28"><span class='ocrx_word' id='word_1_90' title='bbox 469 1627 472 1632; x_wconf 93' lang='lat'>·</span> <span class='ocrx_word' id='word_1_91' title='bbox 512 1600 604 1670; x_wconf 85' lang='lat' dir='ltr'>navit</span> <span class='ocrx_word' id='word_1_92' title='bbox 620 1596 850 1681; x_wconf 78' lang='lat' dir='ltr'>Ambrosium,</span> <span class='ocrx_word' id='word_1_93' title='bbox 892 1599 1014 1697; x_wconf 81' lang='lat' dir='ltr'>&amp;ipse</span> <span class='ocrx_word' id='word_1_94' title='bbox 1036 1602 1185 1698; x_wconf 82' lang='lat' dir='ltr'>Populus</span> <span class='ocrx_word' id='word_1_95' title='bbox 1207 1603 1351 1674; x_wconf 86' lang='lat' dir='ltr'>divinam</span> <span class='ocrx_word' id='word_1_96' title='bbox 1375 1602 1459 1675; x_wconf 86' lang='lat' dir='ltr'>hauc</span> <span class='ocrx_word' id='word_1_97' title='bbox 1481 1605 1693 1674; x_wconf 87' lang='lat' dir='ltr'>vocationem</span> <span class='ocrx_word' id='word_1_98' title='bbox 1714 1598 1837 1687; x_wconf 84' lang='lat' dir='ltr'>fuisse,</span> <span class='ocrx_word' id='word_1_99' title='bbox 1866 1608 1973 1680; x_wconf 81' lang='lat' dir='ltr'>derum</span> 
     </span>
    </p>
   </div>
   <div class='ocr_carea' id='block_1_3' title="bbox 508 1692 1972 1868">
    <p class='ocr_par' dir='ltr' id='par_1_3' title="bbox 508 1692 1972 1868">
     <span class='ocr_line' id='line_1_11' title="bbox 512 1692 1972 1799; baseline 0.003 -27"><span class='ocrx_word' id='word_1_100' title='bbox 512 1695 670 1772; x_wconf 82' lang='lat' dir='ltr'>credidit.</span> <span class='ocrx_word' id='word_1_101' title='bbox 696 1692 731 1794; x_wconf 89' lang='lat' dir='ltr'>r)</span> <span class='ocrx_word' id='word_1_102' title='bbox 783 1693 996 1772; x_wconf 82' lang='lat' dir='ltr'>Theodosus</span> <span class='ocrx_word' id='word_1_103' title='bbox 1017 1723 1085 1792; x_wconf 84' lang='lat' dir='ltr'>non</span> <span class='ocrx_word' id='word_1_104' title='bbox 1108 1723 1176 1774; x_wconf 87' lang='lat' dir='ltr'>ram</span> <span class='ocrx_word' id='word_1_105' title='bbox 1195 1698 1303 1799; x_wconf 75' lang='lat' dir='ltr'>juffii,</span> <span class='ocrx_word' id='word_1_106' title='bbox 1336 1723 1438 1798; x_wconf 86' lang='lat' dir='ltr'>quam</span> <span class='ocrx_word' id='word_1_107' title='bbox 1458 1697 1553 1775; x_wconf 76' lang='lat' dir='ltr'>suast</span> <span class='ocrx_word' id='word_1_108' title='bbox 1575 1699 1701 1789; x_wconf 84' lang='lat' dir='ltr'>Clero,</span> <span class='ocrx_word' id='word_1_109' title='bbox 1738 1724 1779 1776; x_wconf 91' lang='lat' dir='ltr'>ut</span> <span class='ocrx_word' id='word_1_110' title='bbox 1796 1706 1972 1779; x_wconf 84' lang='lat' dir='ltr'>Proclomin</span> 
     </span>
     <span class='ocr_line' id='line_1_12' title="bbox 508 1791 907 1868; baseline -0.005 0"><span class='ocrx_word' id='word_1_111' title='bbox 508 1791 705 1868; x_wconf 74' lang='lat' dir='ltr'>cadredrarn</span> <span class='ocrx_word' id='word_1_112' title='bbox 719 1792 907 1866; x_wconf 81' lang='lat' dir='ltr'><strong>collocaret.</strong></span> 
     </span>
    </p>
   </div>
   <div class='ocr_carea' id='block_1_4' title="bbox 555 1932 1057 2044">
    <p class='ocr_par' dir='ltr' id='par_1_4' title="bbox 555 1932 1057 2044">
     <span class='ocr_line' id='line_1_13' title="bbox 555 1932 1057 2044; baseline 0.004 -20"><span class='ocrx_word' id='word_1_113' title='bbox 555 1961 593 2040; x_wconf 83' lang='lat' dir='ltr'>a)</span> <span class='ocrx_word' id='word_1_114' title='bbox 636 1958 769 2044; x_wconf 85' lang='lat' dir='ltr'>Epistol.</span> <span class='ocrx_word' id='word_1_115' title='bbox 785 1961 824 2024; x_wconf 84' lang='lat' dir='ltr'>ad</span> <span class='ocrx_word' id='word_1_116' title='bbox 839 1959 1025 2029; x_wconf 85' lang='lat' dir='ltr'>Orthodox.</span> <span class='ocrx_word' id='word_1_117' title='bbox 1055 1932 1057 1936; x_wconf 23' lang='grc' dir='ltr'>Ι</span> 
     </span>
    </p>
   </div>
   <div class='ocr_carea' id='block_1_5' title="bbox 553 2077 1974 2226">
    <p class='ocr_par' dir='ltr' id='par_1_5' title="bbox 553 2077 1974 2226">
     <span class='ocr_line' id='line_1_14' title="bbox 553 2077 1974 2226; baseline 0.001 -83"><span class='ocrx_word' id='word_1_118' title='bbox 553 2079 593 2163; x_wconf 64' lang='lat' dir='ltr'>a)</span> <span class='ocrx_word' id='word_1_119' title='bbox 612 2077 868 2146; x_wconf 71' lang='lat' dir='ltr'>Panormus</span> <span class='ocrx_word' id='word_1_120' title='bbox 884 2083 918 2144; x_wconf 84' lang='lat' dir='ltr'>in</span> <span class='ocrx_word' id='word_1_121' title='bbox 943 2082 1010 2145; x_wconf 86' lang='lat' dir='ltr'>viro</span> <span class='ocrx_word' id='word_1_122' title='bbox 1033 2077 1182 2226; x_wconf 68' lang='lat' dir='ltr'>slirysop.</span> <span class='ocrx_word' id='word_1_123' title='bbox 1196 2077 1230 2142; x_wconf 74' lang='lat' dir='ltr'>cli</span> <span class='ocrx_word' id='word_1_124' title='bbox 1242 2079 1319 2145; x_wconf 84' lang='lat' dir='ltr'>licat</span> <span class='ocrx_word' id='word_1_125' title='bbox 1330 2079 1481 2146; x_wconf 73' lang='lat' dir='ltr'>Arcadius</span> <span class='ocrx_word' id='word_1_126' title='bbox 1501 2081 1770 2149; x_wconf 83' lang='lat' dir='ltr'>Chrvlostomurn</span> <span class='ocrx_word' id='word_1_127' title='bbox 1785 2084 1944 2168; x_wconf 82' lang='lat' dir='ltr'>delegerit,</span> <span class='ocrx_word' id='word_1_128' title='bbox 1960 2103 1974 2144; x_wconf 88' lang='grc' dir='ltr'>ι</span> 
     </span>
    </p>
   </div>
   <div class='ocr_carea' id='block_1_6' title="bbox 630 2151 1973 2328">
    <p class='ocr_par' dir='ltr' id='par_1_6' title="bbox 630 2151 1973 2328">
     <span class='ocr_line' id='line_1_15' title="bbox 630 2151 1973 2251; baseline 0.003 -26"><span class='ocrx_word' id='word_1_129' title='bbox 630 2160 764 2226; x_wconf 81' lang='lat' dir='ltr'>Socrate</span> <span class='ocrx_word' id='word_1_130' title='bbox 785 2173 891 2228; x_wconf 83' lang='lat' dir='ltr'>tamen</span> <span class='ocrx_word' id='word_1_131' title='bbox 910 2162 1012 2238; x_wconf 81' lang='lat' dir='ltr'>Cleri,</span> <span class='ocrx_word' id='word_1_132' title='bbox 1043 2162 1142 2244; x_wconf 86' lang='lat' dir='ltr'>Popul</span> <span class='ocrx_word' id='word_1_133' title='bbox 1157 2181 1217 2244; x_wconf 90' lang='lat' dir='ltr'>que</span> <span class='ocrx_word' id='word_1_134' title='bbox 1235 2162 1521 2245; x_wconf 75' lang='lat' dir='ltr'>suffragiirelestus</span> <span class='ocrx_word' id='word_1_135' title='bbox 1535 2151 1660 2233; x_wconf 73' lang='lat' dir='ltr'>dicitur.</span> <span class='ocrx_word' id='word_1_136' title='bbox 1703 2164 1746 2237; x_wconf 82' lang='lat' dir='ltr'>L.</span> <span class='ocrx_word' id='word_1_137' title='bbox 1765 2187 1799 2251; x_wconf 84' lang='lat'>5.</span> <span class='ocrx_word' id='word_1_138' title='bbox 1814 2189 1844 2240; x_wconf 85' lang='lat' dir='ltr'>c.</span> <span class='ocrx_word' id='word_1_139' title='bbox 1862 2186 1891 2234; x_wconf 86' lang='lat'>2.</span> <span class='ocrx_word' id='word_1_140' title='bbox 1901 2167 1973 2251; x_wconf 72' lang='lat' dir='ltr'>jug.</span> 
     </span>
     <span class='ocr_line' id='line_1_16' title="bbox 630 2241 1404 2328; baseline 0.001 -21"><span class='ocrx_word' id='word_1_141' title='bbox 630 2241 805 2311; x_wconf 87' lang='lat' dir='ltr'>Sozornen.</span> <span class='ocrx_word' id='word_1_142' title='bbox 824 2244 860 2310; x_wconf 92' lang='lat' dir='ltr'>L.</span> <span class='ocrx_word' id='word_1_143' title='bbox 872 2257 902 2320; x_wconf 86' lang='lat'>8.</span> <span class='ocrx_word' id='word_1_144' title='bbox 920 2266 948 2309; x_wconf 91' lang='lat' dir='ltr'>c.</span> <span class='ocrx_word' id='word_1_145' title='bbox 968 2263 999 2311; x_wconf 83' lang='lat'>2.</span> <span class='ocrx_word' id='word_1_146' title='bbox 1013 2243 1212 2311; x_wconf 86' lang='lat' dir='ltr'>Theodoret.</span> <span class='ocrx_word' id='word_1_147' title='bbox 1226 2244 1262 2309; x_wconf 89' lang='lat' dir='ltr'>L.</span> <span class='ocrx_word' id='word_1_148' title='bbox 1280 2263 1311 2328; x_wconf 82' lang='lat'>5.</span> <span class='ocrx_word' id='word_1_149' title='bbox 1329 2263 1381 2328; x_wconf 81' lang='lat'>25.</span> <span class='ocrx_word' id='word_1_150' title='bbox 1401 2296 1404 2302; x_wconf 93' lang='lat'><strong>.</strong></span> 
     </span>
    </p>
   </div>
   <div class='ocr_carea' id='block_1_7' title="bbox 555 2360 1032 2448">
    <p class='ocr_par' dir='ltr' id='par_1_7' title="bbox 555 2360 1032 2448">
     <span class='ocr_line' id='line_1_17' title="bbox 555 2360 1032 2448; baseline -0.006 -16"><span class='ocrx_word' id='word_1_151' title='bbox 555 2363 586 2445; x_wconf 72' lang='lat' dir='ltr'>c)</span> <span class='ocrx_word' id='word_1_152' title='bbox 607 2360 758 2430; x_wconf 75' lang='lat' dir='ltr'>Socraten</span> <span class='ocrx_word' id='word_1_153' title='bbox 773 2363 842 2432; x_wconf 86' lang='lat' dir='ltr'><strong>Lib.</strong></span> <span class='ocrx_word' id='word_1_154' title='bbox 856 2384 887 2448; x_wconf 85' lang='lat'>4.</span> <span class='ocrx_word' id='word_1_155' title='bbox 901 2383 969 2448; x_wconf 87' lang='lat' dir='ltr'>cap.</span> <span class='ocrx_word' id='word_1_156' title='bbox 982 2382 1032 2446; x_wconf 83' lang='lat'>25.</span> 
     </span>
    </p>
   </div>
   <div class='ocr_carea' id='block_1_8' title="bbox 1065 2606 1427 2709">
    <p class='ocr_par' dir='ltr' id='par_1_8' title="bbox 1065 2606 1427 2709">
     <span class='ocr_line' id='line_1_18' title="bbox 1065 2606 1427 2709; baseline 0.006 -28"><span class='ocrx_word' id='word_1_157' title='bbox 1065 2606 1427 2709; x_wconf 62' lang='lat' dir='ltr'>§.cxxxvur</span> 
     </span>
    </p>
   </div>
   <div class='ocr_carea' id='block_1_9' title="bbox 462 2777 1986 4537">
    <p class='ocr_par' dir='ltr' id='par_1_9' title="bbox 462 2777 1986 4537">
     <span class='ocr_line' id='line_1_19' title="bbox 462 2777 1978 2881; baseline -0.003 -27"><span class='ocrx_word' id='word_1_158' title='bbox 462 2797 465 2810; x_wconf 90' lang='grc'><strong><em>·</em></strong></span> <span class='ocrx_word' id='word_1_159' title='bbox 549 2819 560 2834; x_wconf 93' lang='grc'><em>·</em></span> <span class='ocrx_word' id='word_1_160' title='bbox 634 2779 738 2878; x_wconf 81' lang='lat' dir='ltr'>Apud</span> <span class='ocrx_word' id='word_1_161' title='bbox 753 2785 960 2853; x_wconf 74' lang='lat' dir='ltr'>Francorum</span> <span class='ocrx_word' id='word_1_162' title='bbox 977 2781 1085 2871; x_wconf 85' lang='lat' dir='ltr'>Reges</span> <span class='ocrx_word' id='word_1_163' title='bbox 1101 2779 1155 2848; x_wconf 82' lang='lat' dir='ltr'>vix</span> <span class='ocrx_word' id='word_1_164' title='bbox 1175 2799 1241 2847; x_wconf 91' lang='lat' dir='ltr'>non</span> <span class='ocrx_word' id='word_1_165' title='bbox 1259 2777 1375 2849; x_wconf 82' lang='lat' dir='ltr'>endem</span> <span class='ocrx_word' id='word_1_166' title='bbox 1390 2781 1424 2847; x_wconf 88' lang='lat' dir='ltr'>in</span> <span class='ocrx_word' id='word_1_167' title='bbox 1447 2778 1609 2872; x_wconf 69' lang='lat' dir='ltr'>eligendis</span> <span class='ocrx_word' id='word_1_168' title='bbox 1624 2778 1805 2881; x_wconf 82' lang='lat' dir='ltr'>Episcopis</span> <span class='ocrx_word' id='word_1_169' title='bbox 1827 2780 1978 2878; x_wconf 81' lang='lat' dir='ltr'>disciplina</span> 
     </span>
     <span class='ocr_line' id='line_1_20' title="bbox 516 2872 1978 2969; baseline -0.001 -19"><span class='ocrx_word' id='word_1_170' title='bbox 516 2872 773 2959; x_wconf 79' lang='lat' dir='ltr'>observabatur,</span> <span class='ocrx_word' id='word_1_171' title='bbox 796 2878 946 2952; x_wconf 81' lang='lat' dir='ltr'>&amp;uerba</span> <span class='ocrx_word' id='word_1_172' title='bbox 961 2877 1002 2949; x_wconf 88' lang='lat' dir='ltr'>de</span> <span class='ocrx_word' id='word_1_173' title='bbox 1016 2873 1249 2948; x_wconf 86' lang='lat' dir='ltr'>constitutione</span> <span class='ocrx_word' id='word_1_174' title='bbox 1266 2873 1384 2945; x_wconf 81' lang='lat' dir='ltr'>Dinifii</span> <span class='ocrx_word' id='word_1_175' title='bbox 1401 2874 1617 2969; x_wconf 79' lang='lat' dir='ltr'>&amp;Gregorio</span> <span class='ocrx_word' id='word_1_176' title='bbox 1637 2878 1835 2952; x_wconf 83' lang='lat' dir='ltr'>Turonensr</span> <span class='ocrx_word' id='word_1_177' title='bbox 1852 2882 1978 2965; x_wconf 78' lang='grc' dir='ltr'><strong>(ΧΧΗ.)</strong></span> 
     </span>
     <span class='ocr_line' id='line_1_21' title="bbox 517 2973 1984 3072; baseline -0.001 -26"><span class='ocrx_word' id='word_1_178' title='bbox 517 2975 623 3047; x_wconf 84' lang='lat' dir='ltr'>celata</span> <span class='ocrx_word' id='word_1_179' title='bbox 640 2979 674 3045; x_wconf 93' lang='lat' dir='ltr'>in</span> <span class='ocrx_word' id='word_1_180' title='bbox 690 2980 893 3047; x_wconf 87' lang='lat' dir='ltr'>contrarium</span> <span class='ocrx_word' id='word_1_181' title='bbox 908 3000 949 3048; x_wconf 89' lang='lat' dir='ltr'>eo</span> <span class='ocrx_word' id='word_1_182' title='bbox 963 2976 1073 3045; x_wconf 88' lang='lat' dir='ltr'>minus</span> <span class='ocrx_word' id='word_1_183' title='bbox 1089 2973 1232 3053; x_wconf 88' lang='lat' dir='ltr'>ducunt,</span> <span class='ocrx_word' id='word_1_184' title='bbox 1259 2974 1349 3068; x_wconf 89' lang='lat' dir='ltr'>quod</span> <span class='ocrx_word' id='word_1_185' title='bbox 1369 2977 1422 3045; x_wconf 84' lang='lat' dir='ltr'>uix</span> <span class='ocrx_word' id='word_1_186' title='bbox 1442 2981 1585 3067; x_wconf 83' lang='lat' dir='ltr'>genuina</span> <span class='ocrx_word' id='word_1_187' title='bbox 1605 2976 1724 3049; x_wconf 86' lang='lat' dir='ltr'>haberi</span> <span class='ocrx_word' id='word_1_188' title='bbox 1753 2975 1883 3072; x_wconf 75' lang='lat' dir='ltr'>poffinr,</span> <span class='ocrx_word' id='word_1_189' title='bbox 1915 2999 1984 3045; x_wconf 87' lang='lat' dir='ltr'>cum</span> 
     </span>
     <span class='ocr_line' id='line_1_22' title="bbox 517 3069 1986 3167; baseline 0 -26"><span class='ocrx_word' id='word_1_190' title='bbox 517 3071 737 3153; x_wconf 83' lang='lat' dir='ltr'>Clodovaeus,</span> <span class='ocrx_word' id='word_1_191' title='bbox 759 3076 817 3165; x_wconf 91' lang='lat' dir='ltr'>qui</span> <span class='ocrx_word' id='word_1_192' title='bbox 834 3073 934 3162; x_wconf 84' lang='lat' dir='ltr'>Regis</span> <span class='ocrx_word' id='word_1_193' title='bbox 950 3073 1083 3139; x_wconf 91' lang='lat' dir='ltr'>nomine</span> <span class='ocrx_word' id='word_1_194' title='bbox 1098 3069 1322 3161; x_wconf 84' lang='lat' dir='ltr'>intelligatur,</span> <span class='ocrx_word' id='word_1_195' title='bbox 1352 3095 1394 3142; x_wconf 91' lang='lat' dir='ltr'>eo</span> <span class='ocrx_word' id='word_1_196' title='bbox 1414 3094 1565 3166; x_wconf 92' lang='lat' dir='ltr'>tempore</span> <span class='ocrx_word' id='word_1_197' title='bbox 1587 3074 1655 3167; x_wconf 86' lang='lat' dir='ltr'>jam</span> <span class='ocrx_word' id='word_1_198' title='bbox 1682 3079 1800 3147; x_wconf 80' lang='lat' dir='ltr'>evivit</span> <span class='ocrx_word' id='word_1_199' title='bbox 1818 3070 1986 3144; x_wconf 76' lang='lat' dir='ltr'>discesserit</span> 
     </span>
     <span class='ocr_line' id='line_1_23' title="bbox 517 3165 1984 3262; baseline 0 -25"><span class='ocrx_word' id='word_1_200' title='bbox 517 3169 639 3240; x_wconf 90' lang='lat' dir='ltr'>eodem</span> <span class='ocrx_word' id='word_1_201' title='bbox 661 3170 831 3261; x_wconf 86' lang='lat' dir='ltr'>Gregorio</span> <span class='ocrx_word' id='word_1_202' title='bbox 846 3165 948 3240; x_wconf 87' lang='lat' dir='ltr'>Telle</span> <span class='ocrx_word' id='word_1_203' title='bbox 967 3175 1002 3239; x_wconf 85' lang='lat' dir='ltr'>L.</span> <span class='ocrx_word' id='word_1_204' title='bbox 1024 3194 1055 3240; x_wconf 87' lang='lat'>2.</span> <span class='ocrx_word' id='word_1_205' title='bbox 1077 3166 1192 3258; x_wconf 76' lang='lat' dir='ltr'>Hister.</span> <span class='ocrx_word' id='word_1_206' title='bbox 1206 3192 1267 3262; x_wconf 79' lang='lat' dir='ltr'>rap.</span> <span class='ocrx_word' id='word_1_207' title='bbox 1286 3195 1344 3256; x_wconf 85' lang='lat'>43.</span> <span class='ocrx_word' id='word_1_208' title='bbox 1363 3169 1420 3238; x_wconf 84' lang='lat' dir='ltr'>ulii</span> <span class='ocrx_word' id='word_1_209' title='bbox 1434 3172 1495 3249; x_wconf 87' lang='lat' dir='ltr'>air,</span> <span class='ocrx_word' id='word_1_210' title='bbox 1521 3172 1615 3241; x_wconf 80' lang='lat' dir='ltr'>illuni</span> <span class='ocrx_word' id='word_1_211' title='bbox 1631 3197 1809 3243; x_wconf 91' lang='lat' dir='ltr'>mortuum</span> <span class='ocrx_word' id='word_1_212' title='bbox 1824 3168 1917 3241; x_wconf 84' lang='lat' dir='ltr'>soille</span> <span class='ocrx_word' id='word_1_213' title='bbox 1933 3196 1984 3239; x_wconf 89' lang='lat' dir='ltr'>un·</span> 
     </span>
     <span class='ocr_line' id='line_1_24' title="bbox 518 3263 1982 3365; baseline 0 -30"><span class='ocrx_word' id='word_1_214' title='bbox 518 3265 650 3339; x_wconf 86' lang='lat' dir='ltr'>decimo</span> <span class='ocrx_word' id='word_1_215' title='bbox 671 3292 757 3339; x_wconf 83' lang='lat' dir='ltr'>anno</span> <span class='ocrx_word' id='word_1_216' title='bbox 781 3265 998 3365; x_wconf 80' lang='lat' dir='ltr'>Episcopatus</span> <span class='ocrx_word' id='word_1_217' title='bbox 1025 3269 1123 3336; x_wconf 88' lang='lat' dir='ltr'>chr</span> <span class='ocrx_word' id='word_1_218' title='bbox 1138 3284 1235 3348; x_wconf 75' lang='lat' dir='ltr'>tarr,</span> <span class='ocrx_word' id='word_1_219' title='bbox 1277 3269 1336 3360; x_wconf 89' lang='lat' dir='ltr'>qui</span> <span class='ocrx_word' id='word_1_220' title='bbox 1355 3263 1420 3336; x_wconf 89' lang='lat' dir='ltr'>fuit</span> <span class='ocrx_word' id='word_1_221' title='bbox 1443 3292 1548 3338; x_wconf 87' lang='lat' dir='ltr'>nonus</span> <span class='ocrx_word' id='word_1_222' title='bbox 1569 3270 1780 3341; x_wconf 79' lang='lat' dir='ltr'>Turonensis</span> <span class='ocrx_word' id='word_1_223' title='bbox 1803 3266 1982 3362; x_wconf 80' lang='lat' dir='ltr'>Episcopus.</span> 
     </span>
     <span class='ocr_line' id='line_1_25' title="bbox 517 3361 1982 3457; baseline -0.001 -21"><span class='ocrx_word' id='word_1_224' title='bbox 517 3365 704 3437; x_wconf 86' lang='lat' dir='ltr'>Retinenda</span> <span class='ocrx_word' id='word_1_225' title='bbox 720 3389 801 3457; x_wconf 87' lang='lat' dir='ltr'>crgo</span> <span class='ocrx_word' id='word_1_226' title='bbox 816 3362 908 3445; x_wconf 89' lang='lat' dir='ltr'>sunt,</span> <span class='ocrx_word' id='word_1_227' title='bbox 935 3389 1008 3457; x_wconf 79' lang='lat' dir='ltr'>quae</span> <span class='ocrx_word' id='word_1_228' title='bbox 1025 3364 1194 3457; x_wconf 75' lang='lat' dir='ltr'>antiquior</span> <span class='ocrx_word' id='word_1_229' title='bbox 1209 3361 1315 3434; x_wconf 88' lang='lat' dir='ltr'>edirio</span> <span class='ocrx_word' id='word_1_230' title='bbox 1328 3388 1464 3436; x_wconf 84' lang='lat' dir='ltr'>curante</span> <span class='ocrx_word' id='word_1_231' title='bbox 1482 3363 1670 3439; x_wconf 89' lang='lat' dir='ltr'>Guillelmo</span> <span class='ocrx_word' id='word_1_232' title='bbox 1688 3372 1798 3438; x_wconf 82' lang='lat' dir='ltr'>Parvo</span> <span class='ocrx_word' id='word_1_233' title='bbox 1814 3368 1982 3439; x_wconf 81' lang='lat' dir='ltr'>Ord.l&#39;ra·</span> 
     </span>
     <span class='ocr_line' id='line_1_26' title="bbox 518 3460 1983 3557; baseline -0.001 -23"><span class='ocrx_word' id='word_1_234' title='bbox 518 3462 618 3538; x_wconf 88' lang='lat' dir='ltr'>dicat.</span> <span class='ocrx_word' id='word_1_235' title='bbox 634 3462 818 3554; x_wconf 88' lang='lat' dir='ltr'>Theologo</span> <span class='ocrx_word' id='word_1_236' title='bbox 833 3462 875 3535; x_wconf 90' lang='lat' dir='ltr'>de</span> <span class='ocrx_word' id='word_1_237' title='bbox 889 3486 977 3531; x_wconf 87' lang='lat' dir='ltr'>anno</span> <span class='ocrx_word' id='word_1_238' title='bbox 997 3486 1099 3548; x_wconf 85' lang='lat'><strong>1512.</strong></span> <span class='ocrx_word' id='word_1_239' title='bbox 1125 3460 1364 3556; x_wconf 79' lang='lat' dir='ltr'>exemplarium</span> <span class='ocrx_word' id='word_1_240' title='bbox 1388 3463 1577 3557; x_wconf 89' lang='lat' dir='ltr'>impendio,</span> <span class='ocrx_word' id='word_1_241' title='bbox 1609 3467 1632 3537; x_wconf 91' lang='lat' dir='ltr'>i.</span> <span class='ocrx_word' id='word_1_242' title='bbox 1656 3490 1686 3537; x_wconf 88' lang='lat' dir='ltr'>e.</span> <span class='ocrx_word' id='word_1_243' title='bbox 1708 3465 1865 3556; x_wconf 82' lang='lat' dir='ltr'>diligenti</span> <span class='ocrx_word' id='word_1_244' title='bbox 1886 3487 1983 3535; x_wconf 88' lang='lat' dir='ltr'>manu·</span> 
     </span>
     <span class='ocr_line' id='line_1_27' title="bbox 517 3555 1983 3658; baseline -0.001 -27"><span class='ocrx_word' id='word_1_245' title='bbox 517 3557 723 3658; x_wconf 89' lang='lat' dir='ltr'>scriptorum</span> <span class='ocrx_word' id='word_1_246' title='bbox 746 3561 924 3634; x_wconf 86' lang='lat' dir='ltr'>collatione</span> <span class='ocrx_word' id='word_1_247' title='bbox 943 3555 1039 3637; x_wconf 80' lang='lat' dir='ltr'>saliit,</span> <span class='ocrx_word' id='word_1_248' title='bbox 1069 3555 1135 3629; x_wconf 84' lang='lat' dir='ltr'>ibi:</span> <span class='ocrx_word' id='word_1_249' title='bbox 1167 3564 1338 3629; x_wconf 74' lang='lat' dir='ltr'>undecimus</span> <span class='ocrx_word' id='word_1_250' title='bbox 1361 3562 1516 3649; x_wconf 78' lang='lat' dir='ltr'>Dionysius</span> <span class='ocrx_word' id='word_1_251' title='bbox 1538 3564 1692 3654; x_wconf 76' lang='lat' dir='ltr'>Episcopus</span> <span class='ocrx_word' id='word_1_252' title='bbox 1716 3561 1802 3656; x_wconf 88' lang='lat' dir='ltr'>(seu</span> <span class='ocrx_word' id='word_1_253' title='bbox 1824 3559 1983 3651; x_wconf 68' lang='lat' dir='ltr'>Dinifius‘)</span> 
     </span>
     <span class='ocr_line' id='line_1_28' title="bbox 520 3659 1983 3752; baseline -0.001 -24"><span class='ocrx_word' id='word_1_254' title='bbox 520 3665 556 3740; x_wconf 60' lang='lat' dir='ltr'>[a</span> <span class='ocrx_word' id='word_1_255' title='bbox 576 3661 634 3749; x_wconf 73' lang='lat' dir='ltr'>ipse</span> <span class='ocrx_word' id='word_1_256' title='bbox 647 3683 686 3728; x_wconf 82' lang='lat' dir='ltr'>ex</span> <span class='ocrx_word' id='word_1_257' title='bbox 706 3662 885 3752; x_wconf 73' lang='lat' dir='ltr'>Burgundio</span> <span class='ocrx_word' id='word_1_258' title='bbox 908 3662 1055 3738; x_wconf 81' lang='lat' dir='ltr'>veniens3</span> <span class='ocrx_word' id='word_1_259' title='bbox 1083 3659 1168 3728; x_wconf 79' lang='lat' dir='ltr'>PER</span> <span class='ocrx_word' id='word_1_260' title='bbox 1186 3661 1501 3728; x_wconf 80' lang='lat' dir='ltr'><em>ELECTIONEM</em></span> <span class='ocrx_word' id='word_1_261' title='bbox 1521 3664 1765 3732; x_wconf 77' lang='lat' dir='ltr'><em>FRATRUM</em></span> <span class='ocrx_word' id='word_1_262' title='bbox 1788 3665 1831 3730; x_wconf 75' lang='lat' dir='ltr'>ad</span> <span class='ocrx_word' id='word_1_263' title='bbox 1849 3661 1983 3752; x_wconf 66' lang='lat' dir='ltr'>Epidau·</span> 
     </span>
     <span class='ocr_line' id='line_1_29' title="bbox 519 3750 1980 3851; baseline -0.003 -22"><span class='ocrx_word' id='word_1_264' title='bbox 519 3781 586 3829; x_wconf 89' lang='lat' dir='ltr'>rum</span> <span class='ocrx_word' id='word_1_265' title='bbox 600 3759 726 3849; x_wconf 76' lang='lat' dir='ltr'>acrrffir,</span> <span class='ocrx_word' id='word_1_266' title='bbox 744 3762 790 3827; x_wconf 85' lang='lat' dir='ltr'>tui</span> <span class='ocrx_word' id='word_1_267' title='bbox 805 3758 920 3846; x_wconf 80' lang='lat' dir='ltr'>aliquid</span> <span class='ocrx_word' id='word_1_268' title='bbox 936 3758 973 3823; x_wconf 90' lang='lat' dir='ltr'>de</span> <span class='ocrx_word' id='word_1_269' title='bbox 990 3755 1065 3842; x_wconf 81' lang='lat' dir='ltr'>Fisci</span> <span class='ocrx_word' id='word_1_270' title='bbox 1078 3757 1240 3824; x_wconf 79' lang='lat' dir='ltr'>ditionibus</span> <span class='ocrx_word' id='word_1_271' title='bbox 1254 3755 1297 3845; x_wconf 76' lang='lat' dir='ltr'>cll</span> <span class='ocrx_word' id='word_1_272' title='bbox 1312 3760 1426 3846; x_wconf 73' lang='lat' dir='ltr'>largire</span> <span class='ocrx_word' id='word_1_273' title='bbox 1441 3750 1681 3849; x_wconf 84' lang='lat' dir='ltr'>(Clitodildes)</span> <span class='ocrx_word' id='word_1_274' title='bbox 1704 3763 1853 3848; x_wconf 79' lang='lat' dir='ltr'>deditque</span> <span class='ocrx_word' id='word_1_275' title='bbox 1870 3765 1897 3829; x_wconf 86' lang='lat' dir='ltr'>ei</span> <span class='ocrx_word' id='word_1_276' title='bbox 1914 3777 1980 3851; x_wconf 83' lang='lat' dir='ltr'>piri·</span> 
     </span>
     <span class='ocr_line' id='line_1_30' title="bbox 517 3852 1977 3945; baseline -0.003 -20"><span class='ocrx_word' id='word_1_277' title='bbox 517 3857 626 3945; x_wconf 77' lang='lat' dir='ltr'>(larem</span> <span class='ocrx_word' id='word_1_278' title='bbox 638 3857 770 3942; x_wconf 78' lang='lat' dir='ltr'>faciendi</span> <span class='ocrx_word' id='word_1_279' title='bbox 788 3858 824 3923; x_wconf 84' lang='lat' dir='ltr'>dr</span> <span class='ocrx_word' id='word_1_280' title='bbox 837 3858 882 3922; x_wconf 81' lang='lat' dir='ltr'>uis</span> <span class='ocrx_word' id='word_1_281' title='bbox 899 3854 1001 3933; x_wconf 81' lang='lat' dir='ltr'>rebus,</span> <span class='ocrx_word' id='word_1_282' title='bbox 1018 3875 1078 3943; x_wconf 76' lang='lat' dir='ltr'>qua</span> <span class='ocrx_word' id='word_1_283' title='bbox 1096 3852 1250 3942; x_wconf 78' lang='lat' dir='ltr'>voluiffer.</span> <span class='ocrx_word' id='word_1_284' title='bbox 1299 3856 1345 3921; x_wconf 84' lang='lat' dir='ltr'>Ex</span> <span class='ocrx_word' id='word_1_285' title='bbox 1366 3853 1416 3921; x_wconf 85' lang='lat' dir='ltr'>his</span> <span class='ocrx_word' id='word_1_286' title='bbox 1440 3855 1566 3936; x_wconf 88' lang='lat' dir='ltr'>elucet,</span> <span class='ocrx_word' id='word_1_287' title='bbox 1598 3856 1703 3924; x_wconf 87' lang='lat' dir='ltr'>nullas</span> <span class='ocrx_word' id='word_1_288' title='bbox 1723 3855 1899 3926; x_wconf 83' lang='lat' dir='ltr'>Clodovaei</span> <span class='ocrx_word' id='word_1_289' title='bbox 1919 3852 1977 3925; x_wconf 89' lang='lat' dir='ltr'>reli·</span> 
     </span>
     <span class='ocr_line' id='line_1_31' title="bbox 517 3945 1979 4048; baseline -0.001 -27"><span class='ocrx_word' id='word_1_290' title='bbox 517 3947 683 4043; x_wconf 78' lang='lat' dir='ltr'>giofiffimi</span> <span class='ocrx_word' id='word_1_291' title='bbox 697 3953 797 4044; x_wconf 87' lang='lat' dir='ltr'>Regis</span> <span class='ocrx_word' id='word_1_292' title='bbox 814 3952 874 4020; x_wconf 88' lang='lat' dir='ltr'>hac</span> <span class='ocrx_word' id='word_1_293' title='bbox 888 3952 922 4018; x_wconf 88' lang='lat' dir='ltr'>in</span> <span class='ocrx_word' id='word_1_294' title='bbox 937 3974 974 4020; x_wconf 92' lang='lat' dir='ltr'>re</span> <span class='ocrx_word' id='word_1_295' title='bbox 991 3971 1102 4046; x_wconf 81' lang='lat' dir='ltr'>patres</span> <span class='ocrx_word' id='word_1_296' title='bbox 1120 3945 1230 4029; x_wconf 80' lang='lat' dir='ltr'>fuisse,</span> <span class='ocrx_word' id='word_1_297' title='bbox 1253 3948 1346 4042; x_wconf 84' lang='lat' dir='ltr'>cujus</span> <span class='ocrx_word' id='word_1_298' title='bbox 1367 3949 1475 4042; x_wconf 86' lang='lat' dir='ltr'>major</span> <span class='ocrx_word' id='word_1_299' title='bbox 1487 3975 1559 4022; x_wconf 88' lang='lat' dir='ltr'>erar</span> <span class='ocrx_word' id='word_1_300' title='bbox 1572 3952 1607 4020; x_wconf 92' lang='lat' dir='ltr'>in</span> <span class='ocrx_word' id='word_1_301' title='bbox 1622 3949 1802 4024; x_wconf 81' lang='lat' dir='ltr'>Ecclefiam</span> <span class='ocrx_word' id='word_1_302' title='bbox 1820 3947 1979 4048; x_wconf 59' lang='lat' dir='ltr'>pictam&amp;</span> 
     </span>
     <span class='ocr_line' id='line_1_32' title="bbox 517 4037 1977 4143; baseline 0.001 -26"><span class='ocrx_word' id='word_1_303' title='bbox 517 4052 554 4118; x_wconf 92' lang='lat' dir='ltr'>in</span> <span class='ocrx_word' id='word_1_304' title='bbox 570 4049 832 4141; x_wconf 86' lang='lat' dir='ltr'>S.·Rhcmigium</span> <span class='ocrx_word' id='word_1_305' title='bbox 854 4037 1077 4126; x_wconf 85' lang='lat' dir='ltr'>observantia,</span> <span class='ocrx_word' id='word_1_306' title='bbox 1108 4071 1225 4141; x_wconf 88' lang='lat' dir='ltr'>quam,</span> <span class='ocrx_word' id='word_1_307' title='bbox 1252 4068 1290 4117; x_wconf 89' lang='lat' dir='ltr'>ut</span> <span class='ocrx_word' id='word_1_308' title='bbox 1310 4044 1344 4118; x_wconf 89' lang='lat' dir='ltr'>se</span> <span class='ocrx_word' id='word_1_309' title='bbox 1364 4048 1399 4117; x_wconf 93' lang='lat' dir='ltr'>in</span> <span class='ocrx_word' id='word_1_310' title='bbox 1421 4052 1553 4139; x_wconf 87' lang='lat' dir='ltr'>negotia</span> <span class='ocrx_word' id='word_1_311' title='bbox 1567 4046 1789 4122; x_wconf 77' lang='lat' dir='ltr'>Ecclesiastico</span> <span class='ocrx_word' id='word_1_312' title='bbox 1815 4056 1977 4143; x_wconf 85' lang='lat' dir='ltr'>ingererer·</span> 
     </span>
     <span class='ocr_line' id='line_1_33' title="bbox 516 4142 1979 4243; baseline -0.004 -27"><span class='ocrx_word' id='word_1_313' title='bbox 516 4146 719 4217; x_wconf 86' lang='lat' dir='ltr'>Walthrami</span> <span class='ocrx_word' id='word_1_314' title='bbox 741 4145 964 4218; x_wconf 83' lang='lat' dir='ltr'>testimonium</span> <span class='ocrx_word' id='word_1_315' title='bbox 982 4143 1072 4241; x_wconf 91' lang='lat' dir='ltr'>quod</span> <span class='ocrx_word' id='word_1_316' title='bbox 1087 4147 1220 4224; x_wconf 84' lang='lat' dir='ltr'>attinet,</span> <span class='ocrx_word' id='word_1_317' title='bbox 1244 4142 1403 4239; x_wconf 88' lang='lat' dir='ltr'>probarer</span> <span class='ocrx_word' id='word_1_318' title='bbox 1415 4144 1559 4241; x_wconf 89' lang='lat' dir='ltr'>aliquid,</span> <span class='ocrx_word' id='word_1_319' title='bbox 1592 4143 1615 4219; x_wconf 86' lang='lat' dir='ltr'>fi</span> <span class='ocrx_word' id='word_1_320' title='bbox 1634 4144 1686 4219; x_wconf 84' lang='lat' dir='ltr'>ser</span> <span class='ocrx_word' id='word_1_321' title='bbox 1704 4146 1738 4218; x_wconf 76' lang='lat' dir='ltr'>or</span> <span class='ocrx_word' id='word_1_322' title='bbox 1758 4148 1852 4243; x_wconf 91' lang='lat' dir='ltr'>quod</span> <span class='ocrx_word' id='word_1_323' title='bbox 1872 4143 1979 4220; x_wconf 82' lang='lat' dir='ltr'>excedit</span> 
     </span>
     <span class='ocr_line' id='line_1_34' title="bbox 516 4239 1979 4339; baseline -0.004 -23"><span class='ocrx_word' id='word_1_324' title='bbox 516 4239 644 4316; x_wconf 83' lang='lat' dir='ltr'>saeculis</span> <span class='ocrx_word' id='word_1_325' title='bbox 659 4248 752 4336; x_wconf 88' lang='lat' dir='ltr'>prius</span> <span class='ocrx_word' id='word_1_326' title='bbox 769 4243 876 4315; x_wconf 88' lang='lat' dir='ltr'>lucem</span> <span class='ocrx_word' id='word_1_327' title='bbox 891 4240 1035 4323; x_wconf 80' lang='lat' dir='ltr'>vidisset,</span> <span class='ocrx_word' id='word_1_328' title='bbox 1062 4239 1109 4312; x_wconf 88' lang='lat' dir='ltr'>est</span> <span class='ocrx_word' id='word_1_329' title='bbox 1123 4264 1232 4313; x_wconf 88' lang='lat' dir='ltr'>tamen</span> <span class='ocrx_word' id='word_1_330' title='bbox 1247 4241 1381 4314; x_wconf 86' lang='lat' dir='ltr'>aliunde</span> <span class='ocrx_word' id='word_1_331' title='bbox 1394 4267 1528 4326; x_wconf 90' lang='lat' dir='ltr'>nonum,</span> <span class='ocrx_word' id='word_1_332' title='bbox 1554 4268 1653 4339; x_wconf 90' lang='lat' dir='ltr'>quam</span> <span class='ocrx_word' id='word_1_333' title='bbox 1674 4249 1835 4337; x_wconf 83' lang='lat' dir='ltr'>egregius</span> <span class='ocrx_word' id='word_1_334' title='bbox 1856 4243 1919 4317; x_wconf 86' lang='lat' dir='ltr'>scil.</span> <span class='ocrx_word' id='word_1_335' title='bbox 1935 4246 1979 4312; x_wconf 81' lang='lat' dir='ltr'>Ec·</span> 
     </span>
     <span class='ocr_line' id='line_1_35' title="bbox 518 4335 1977 4436; baseline 0.001 -25"><span class='ocrx_word' id='word_1_336' title='bbox 518 4335 621 4412; x_wconf 85' lang='lat' dir='ltr'>clcfiae</span> <span class='ocrx_word' id='word_1_337' title='bbox 637 4335 749 4411; x_wconf 82' lang='lat' dir='ltr'>fautor</span> <span class='ocrx_word' id='word_1_338' title='bbox 762 4339 886 4421; x_wconf 89' lang='lat' dir='ltr'>fuerit,</span> <span class='ocrx_word' id='word_1_339' title='bbox 912 4365 949 4413; x_wconf 84' lang='lat' dir='ltr'>er</span> <span class='ocrx_word' id='word_1_340' title='bbox 965 4339 1022 4411; x_wconf 90' lang='lat' dir='ltr'>suo</span> <span class='ocrx_word' id='word_1_341' title='bbox 1036 4336 1177 4411; x_wconf 70' lang='lat' dir='ltr'>traslatu</span> <span class='ocrx_word' id='word_1_342' title='bbox 1192 4362 1257 4433; x_wconf 92' lang='lat' dir='ltr'>pro</span> <span class='ocrx_word' id='word_1_343' title='bbox 1273 4344 1424 4411; x_wconf 87' lang='lat' dir='ltr'>Henrico</span> <span class='ocrx_word' id='word_1_344' title='bbox 1440 4347 1482 4413; x_wconf 90' lang='lat' dir='ltr'>V.</span> <span class='ocrx_word' id='word_1_345' title='bbox 1498 4365 1614 4415; x_wconf 86' lang='lat' dir='ltr'>contra</span> <span class='ocrx_word' id='word_1_346' title='bbox 1628 4345 1843 4436; x_wconf 89' lang='lat' dir='ltr'>Gregoriurn</span> <span class='ocrx_word' id='word_1_347' title='bbox 1855 4347 1930 4417; x_wconf 79' lang='lat' dir='ltr'>vll.</span> <span class='ocrx_word' id='word_1_348' title='bbox 1948 4337 1977 4408; x_wconf 72' lang='lat' dir='ltr'>de</span> 
     </span>
     <span class='ocr_line' id='line_1_36' title="bbox 519 4438 1560 4537; baseline 0 -25"><span class='ocrx_word' id='word_1_349' title='bbox 519 4445 634 4514; x_wconf 75' lang='lat' dir='ltr'>uruat.</span> <span class='ocrx_word' id='word_1_350' title='bbox 651 4444 762 4531; x_wconf 73' lang='lat' dir='ltr'>Erilis.</span> <span class='ocrx_word' id='word_1_351' title='bbox 778 4440 916 4532; x_wconf 71' lang='lat' dir='ltr'>consero</span> <span class='ocrx_word' id='word_1_352' title='bbox 935 4438 1025 4537; x_wconf 80' lang='lat' dir='ltr'>apud</span> <span class='ocrx_word' id='word_1_353' title='bbox 1039 4441 1068 4510; x_wconf 83' lang='lat' dir='ltr'>F</span> <span class='ocrx_word' id='word_1_354' title='bbox 1069 4439 1142 4513; x_wconf 81' lang='lat' dir='ltr'>reia.</span> <span class='ocrx_word' id='word_1_355' title='bbox 1162 4461 1184 4513; x_wconf 86' lang='lat' dir='ltr'>t.</span> <span class='ocrx_word' id='word_1_356' title='bbox 1206 4464 1234 4509; x_wconf 88' lang='lat'>1.</span> <span class='ocrx_word' id='word_1_357' title='bbox 1250 4462 1311 4513; x_wconf 87' lang='lat' dir='ltr'>rrr.</span> <span class='ocrx_word' id='word_1_358' title='bbox 1330 4446 1434 4512; x_wconf 84' lang='lat' dir='ltr'>Germ.</span> <span class='ocrx_word' id='word_1_359' title='bbox 1451 4442 1560 4536; x_wconf 83' lang='lat' dir='ltr'>Scripr.</span> 
     </span>
    </p>
   </div>
   <div class='ocr_carea' id='block_1_10' title="bbox 1757 4643 1978 4743">
    <p class='ocr_par' dir='ltr' id='par_1_10' title="bbox 1757 4643 1978 4743">
     <span class='ocr_line' id='line_1_37' title="bbox 1757 4643 1978 4743; baseline -0.041 -16"><span class='ocrx_word' id='word_1_360' title='bbox 1757 4643 1978 4743; x_wconf 73' lang='lat' dir='ltr'>acuum</span> 
     </span>
    </p>
   </div>
   <div class='ocr_carea' id='block_1_11' title="bbox 0 0 2515 5588">
    <p class='ocr_par' dir='ltr' id='par_1_11' title="bbox 0 0 2515 5588">
     <span class='ocr_line' id='line_1_38' title="bbox 0 0 2515 5588; baseline 0 0"><span class='ocrx_word' id='word_1_361' title='bbox 0 0 2515 5588; x_wconf 95' lang='lat' dir='ltr'> </span> 
     </span>
    </p>
   </div>
  </div>
 </body>
</html>
