5017 5592
671 588 885 751 orimus
900 641 1166 725 causiaco
1182 644 1791 734 rutnanmuuuruucuut.
1909 679 1980 758 ης

510 819 586 896 duri
603 823 895 906 communicando,
915 823 1134 923 paratiiiimus
1148 828 1189 901 ad
1215 829 1478 914 emendandum,
1499 830 1598 929 [ique
1611 835 1762 918 veritati,
1779 833 1917 930 aiicujus
1930 835 1984 932 ju·

508 917 698 1092 ribumstrput
715 927 936 999 venerationis
952 923 1071 999 debite
1087 926 1152 1021 legi
1176 931 1343 1003 contraria
1358 925 1486 1004 fuerint
1504 929 1711 1030 deprehensa
1723 932 1876 1035 mihique
1892 957 1983 1019 catur
2126 955 2130 966 '

509 1039 589 1091 mon
658 1041 704 1096 ta.
2053 1043 2061 1056 ‘

1092 1185 1409 1281 &ss

731 1421 1350 1533 Animadversiones
1407 1389 1758 1573 Editoris.-

514 1559 613 1734 Ad
630 1661 666 1740 §-
686 1664 753 1734 111.
777 1670 849 1759 cap.
865 1668 893 1735 1.
917 1662 1076 1735 Formuia
1098 1668 1245 1758 deoipbi
1263 1672 1292 1738 1.
1310 1664 1351 1738 ad
1367 1689 1467 1761 quam
1483 1667 1537 1740 hic
1553 1684 1713 1765 provocet
1725 1657 1989 1757 dudumquem’.

518 1758 697 1830 fldmodum
723 1761 806 1832 eliae
829 1758 1060 1857 subsequentes
1079 1761 1234 1859 usquead
1253 1767 1417 1860 josephum
1434 1772 1480 1839 ΙΙ,
1505 1792 1567 1837 una
1591 1787 1667 1836 cum
1688 1761 1829 1832 lndultis
1847 1751 1989 1838 Pontifiq

518 1860 576 1929 ciis
596 1862 752 1926 continua
768 1855 851 1930 serie
873 1885 958 1929 nunc
980 1883 1089 1930 extant
1111 1861 1199 1955 apud
1222 1866 1449 1934 Wuuowutn
1475 1866 1588 1947 Suissd.
1612 1865 1731 1952 ὡρίσω.
1758 1866 1893 1930 Tame.
1925 1863 1993 1926 Ira·

518 1960 688 2042 delphinatu
704 1951 794 2025 iiiam
810 1951 991 2028 formulam
1012 1981 1195 2054 precesque
1209 1959 1249 2026 ab
1265 1958 1326 2028 hoc
1346 1963 1554 2052 imperatore
1570 1954 1730 2030 conceisas
1746 1951 1865 2026 frustra
1877 1954 1910 2022 in
1928 1949 1992 2022 due

518 2050 610 2124 bium
628 2076 747 2122 vocate
763 2078 850 2123 nunc
866 2053 968 2148 aliqui
984 2077 1162 2134 conantur,
1184 2053 1357 2150 postquam
1377 2057 1466 2151 apud
1488 2052 1729 2128 soletttffimutn
1752 2049 1850 2122 istum
1864 2051 1993 2150 Virum
2046 2093 2055 2110 .

517 2172 603 2222 crtar
626 2149 749 2219 Charta
766 2148 919 2244 putreat
936 2177 953 2221 a
976 2156 1126 2237 Scultett,
1152 2153 1342 2233 connotat,
1366 2159 1496 2224 Staiior's
1512 2176 1543 2224 et
1558 2154 1684 2224 &vibus
1711 2147 1923 2243 Wrmpinetfis
1942 2147 1993 2216 ci·

518 2252 632 2319 vttstis
658 2253 785 2316 Herum
804 2256 850 2318 11.
878 2253 977 2319 Archi
1005 2256 1046 2338 Ep
1060 2250 1139 2339 (topa
1159 2259 1353 2338 Magustana
1376 2274 1462 2319 anno
1490 2258 1593 2328 1286.
1614 2270 1714 2344 atque
1728 2250 1773 2316 ita
1792 2250 1921 2316 vivente
1937 2238 1994 2310 ad·

519 2344 583 2417 huc
612 2349 766 2434 Rudanas
791 2370 853 2440 pto
876 2344 1065 2439 praebenda
1086 2344 1344 2416 concedendam
1369 2344 1509 2417 Ecclcsta
1526 2339 1744 2442 Wintpinenst
1762 2339 1831 2412 filio
1852 2336 1995 2411 Sculteti

521 2437 647 2526 „dian
673 2441 729 2511 ubi
747 2444 787 2511 ad
803 2447 976 2536 primarias
995 2466 1109 2535 preces
1125 2466 1307 2535 provocant
1322 2443 1374 2514 his
1396 2442 1530 2515 verbis:
1559 2468 1596 2513 ec
1616 2447 1716 2514 etiam
1738 2464 1801 2536 pro
1821 2433 1893 2531 ipso
1920 2432 1994 2506 filio

522 2540 682 2623 „Scuitcti
706 2539 846 2633 ptedteii
870 2531 908 2609 tid
930 2536 1103 2610 Ecciefiam
1123 2539 1386 2635 thpineni'em
1409 2565 1470 2634 per
1492 2538 1612 2612 vestras
1627 2539 1740 2609 literas
1767 2538 1844 2604 NB.
1869 2533 1995 2628 prima·

523 2639 611 2720 „rias
628 2659 743 2731 preces
763 2633 903 2709 fundere
918 2635 1092 2720 studeatis,
1116 2634 1204 2709 uode
1217 2638 1346 2728 colligit
1360 2639 1394 2708 in
1411 2661 1488 2708 nota
1511 2633 1655 2726 subjefia
1672 2634 1822 2704 laudatus
1841 2632 1995 2738 Scriptus·
2028 2689 2032 2698 .

524 2727 685 2805 Hennrtt'm
701 2739 734 2803 ia
750 2731 924 2804 commiffis
939 2731 1102 2815 habuiiie,
1117 2756 1155 2805 ut
1168 2737 1304 2806 nomine
1320 2735 1539 2830 Imperatoris
1553 2735 1652 2804 eriam
1668 2728 1708 2800 ad
1721 2724 1876 2799 Ecclestas
1893 2745 1996 2796 ettam

523 2852 613 2903 extra
634 2830 808 2904 Dioeeeio
831 2837 1070 2928 Moguocimm
1094 2828 1168 2907 fitaa
1191 2854 1310 2932 preces
1330 2833 1509 2934 primarias
1533 2854 1599 2931 pro
1628 2823 1780 2931 personia
1809 2819 1868 2898 fibi
1888 2818 1994 2917 gratis
2054 2835 2056 2839 “

525 2950 776 3007 uausmrttcrct.

640 3130 699 3200 Ad
711 3132 804 3220 ejusd.
821 3136 891 3222 cap.
910 3137 937 3220 §.
957 3131 1036 3206 XV.
1085 3124 1202 3198 Altum
1217 3122 1280 3199 esse
1296 3124 1517 3199 iiientiumde
1533 3121 1688 3222 precibus
1705 3120 1831 3196 Alieni
1844 3123 1872 3191 Ι.
1892 3118 1999 3190 Auo-¹

529 3226 575 3318 piri
590 3225 754 3316 Numan,
782 3232 902 3297 thriti
920 3235 995 3303 VII.
1013 3247 1047 3296 et
1063 3230 1213 3295 ludovici
1229 3231 1351 3297 Bavari
1370 3226 1479 3321 inquit
1506 3221 1654 3308 Audiam
1677 3219 1731 3293 sed
1747 3216 1876 3290 fallitur
1898 3213 1999 3286 docu-

530 3326 651 3392 mentis
673 3326 832 3394 nimirum
857 3349 927 3395 tum
951 3322 1092 3393 necdum
1115 3320 1213 3392 editis
1237 3320 1419 3412 destitutus.
1476 3327 1610 3416 Asopos
1630 3319 1768 3417 quidem
1794 3312 1939 3405 Naffuvii
1965 3328 2000 3383 et

533 3424 655 3489 thtt'ti
676 3427 753 3493 VII.
772 3445 886 3515 preces
903 3421 1002 3492 etiam
1022 3443 1086 3489 non
1103 3418 1236 3490 adducit
1257 3425 1491 3490 Wstuuwur
1504 3440 1549 3501 n,
1572 3424 1622 3492 Ν.
1636 3422 1679 3489 11.
1700 3437 1809 3486 tamen
1827 3412 1876 3482 iit.
1897 3406 1929 3481 b.
1943 3405 2004 3477 hs·

531 3513 586 3587 bet
602 3517 715 3587 literas
737 3522 860 3588 Aiietti
875 3525 904 3590 1.
924 3519 963 3588 td
987 3520 1176 3595 Wtcboidtoa
1199 3513 1447 3596 Coloniensem,
1470 3516 1591 3611 quibus
1614 3514 1723 3587 eidem
1749 3511 1804 3578 dat
1818 3511 1851 3577 in
1867 3503 2004 3617 manda&

532 3615 590 3695 tis,
612 3639 654 3682 ne
668 3638 811 3710 propter
827 3616 1035 3709 quorundam
1049 3616 1264 3708 pertinaciam
1280 3637 1396 3706 preces
1412 3611 1483 3705 ejus
1498 3610 1648 3682 fidelitati
1663 3633 1697 3679 er
1712 3603 1896 3715 executioni
1912 3622 2004 3714 com·

535 3708 662 3791 „miffas
679 3709 803 3784 cffeiiu
826 3712 956 3783 destitui
974 3711 1071 3791 stoat,
1097 3708 1270 3803 inquibus
1291 3713 1378 3782 inter
1398 3709 1460 3779 alia
1475 3710 1537 3790 ait,
1559 3710 1617 3778 has
1636 3727 1753 3800 preces
1771 3698 1829 3771 fibt
1850 3722 1890 3770 ex
1910 3720 2003 3810 notr-

536 3830 621 3889 „tate
637 3811 780 3902 jocondo
796 3815 972 3880 creationis
990 3808 1045 3881 suc
1063 3831 1274 3902 competere,
1291 3829 1324 3879 et
1337 3806 1431 3876 dein:
1455 3826 1660 3902 nequeuntes
1675 3804 1779 3894 igitur
1795 3817 1937 3892 propter
1945 3793 2005 3863 alr·
2056 3829 2061 3836 ·

536 3930 702 4001 „quorum
722 3912 935 3999 pertinaciam
949 3908 1003 4001 jus
1025 3903 1173 3977 nostrum
1189 3927 1222 3974 ct
1245 3905 1385 3999 Imperii
1410 3906 1677 3997 pretermittere,
1697 3922 1753 3969 tue
1770 3895 1886 3965 damus
1908 3886 2006 3961 fince-

537 4005 647 4082 „ritati
664 4002 720 4072 sub
736 4004 874 4075 obtentu
889 4008 994 4095 gratie
1011 4003 1121 4075 nostre
1134 4003 1310 4072 autoritate
1324 4001 1426 4091 Regia
1440 4002 1473 4070 in
1491 4000 1675 4077 Mendetis,
1696 4014 1858 4090 quatenus
1873 4011 2007 4101 tamnu·

536 4103 695 4182 „caritate
710 4124 763 4172 tua
779 4104 965 4182 ordinaria,
984 4127 1084 4197 quam
1100 4098 1194 4170 nobis
1211 4123 1274 4192 pro
1288 4095 1417 4193 jurtbus
1434 4095 1552 4168 nostris
1568 4121 1600 4168 et
1615 4093 1755 4185 imperii
1774 4083 2005 4159 conservandis

538 4199 704 4287 „petimus
722 4201 910 4291 impertiri,
934 4224 1033 4295 quam
1056 4203 1155 4269 etiam
1180 4200 1356 4267 autoritate
1383 4196 1503 4284 Regia,
1523 4217 1560 4265 ut
1581 4190 1720 4282 ungulas
1744 4180 1900 4257 Ecclefias
1926 4227 2006 4298 ''..⁰

537 4291 592 4374 „se
609 4291 726 4362 nostris
743 4295 897 4390 precibus
914 4298 990 4390 jure
1005 4293 1128 4365 fulcitis
1151 4297 1408 4371 contumaciter,
1424 4313 1461 4359 ut
1477 4292 1701 4384 premittitur,
1723 4302 1932 4380 opponentes
1944 4299 2009 4347 vrrs

537 4412 592 4471 „et
609 4390 736 4475 modis,
758 4393 878 4486 quibus
896 4418 1009 4464 earum
1024 4393 1165 4462 videatis
1180 4385 1254 4459 fore
1271 4390 1486 4482 pertinaciam
1503 4384 1631 4458 facilius
1644 4377 1903 4473 refringendam,
1917 4398 2008 4445 com·

535 4485 643 4583 pelias
657 4511 688 4557 et
716 4489 850 4561 inducas
872 4514 934 4562 etc.
984 4493 1097 4562 Plures
1125 4482 1286 4557 formulas
1308 4484 1458 4578 ejusdem
1482 4484 1610 4556 olberti
1632 4508 1649 4553 a
1674 4487 2004 4550 wurowatnro

535 4579 668 4658 omiffas
697 4587 830 4656 adducit
853 4597 891 4665 L.
907 4596 946 4664 B.
965 4594 1002 4664 de
1028 4590 1260 4663 Goornus
1283 4586 1356 4660 Cati.
1372 4584 1506 4661 niolam.
1532 4590 1618 4661 Yam.
1634 4608 1667 4656 r·
1684 4601 1715 4676 p·
1731 4594 1815 4670 989·
1838 4569 1880 4644 ad
1908 4565 2009 4659 Capi·

642 4681 768 4761 Tamus
793 4682 842 4765 V.
976 4731 979 4746 ι
1393 4676 1455 4756 Fi
1874 4661 2007 4753 „tulum
2116 4771 2139 4792 ,Ι

508 4757 526 4798 8
