5017 5592
511 597 527 686 i

515 691 531 770 t
647 675 716 753 or
743 674 870 772 Junu
900 674 1166 778 attestato
1195 674 1564 784 antuamauou
1593 677 1811 760 unacurt.
1921 714 1991 788 aa,

511 853 703 945 Scriptores
723 852 881 927 sentiendi
902 854 1071 928 diversitas
1087 856 1204 931 oborta
1218 857 1282 942 ell,
1308 860 1386 932 binc
1403 860 1538 934 demum
1556 860 1666 936 sedem
1694 862 1920 961 Apostolicam
1941 868 1991 938 io·

512 965 564 1028 ter
582 953 612 1021 dt
627 951 735 1021 aulum
749 950 919 1048 cesaream
936 952 1058 1025 semina
1074 954 1313 1029 discordiarum
1329 983 1566 1055 nonnunquam
1581 959 1668 1054 jasta
1689 962 1988 1057 deprehendimus,

509 1073 585 1141 que
603 1052 715 1118 omnia
738 1049 923 1122 luculenter
945 1050 1220 1136 commonstrant,
1243 1078 1298 1125 me
1315 1056 1491 1134 baud'tuto
1509 1064 1595 1129 inter
1613 1079 1662 1129 tot
1678 1056 1855 1134 salebrosas
1870 1057 1986 1131 diffen-

509 1145 634 1224 siones,
653 1142 844 1241 lapidesque
859 1145 1049 1220 offenlionis
1065 1151 1249 1245 procedere
1267 1150 1367 1249 posse,
1384 1151 1442 1226 nist
1457 1179 1495 1226 er
1511 1153 1665 1235 bisto'ria,
1706 1159 1871 1252 reprimis
1886 1156 1990 1231 eccle·¹
2065 1199 2067 1203 ·
2092 1234 2098 1245 ,

511 1239 651 1324 liassica,
676 1245 802 1315 lumine
817 1268 985 1329 mutuato,
1005 1271 1117 1318 veram
1131 1246 1222 1325 illius
1235 1249 1321 1343 juris
1342 1254 1525 1342 originem,
1550 1179 1774 1347 progressum,
1800 1276 1899 1349 atque
1913 1251 1990 1326 sub·

510 1364 602 1410 ortas
618 1343 816 1413 mutationes
831 1343 1014 1436 litesquein
1028 1344 1176 1416 medium
1193 1341 1384 1442 proseramt
1402 1348 1435 1417 id
1452 1348 1542 1442 quod
1559 1350 1638 1420 dum
1651 1347 1889 1429 observavero,
1901 1349 1991 1420 mul-

514 1437 625 1509 taium
650 1434 879 1511 difficultatum
896 1441 1072 1514 elucidatio
1092 1445 1170 1515 inde
1193 1442 1369 1539 exsurget,
1393 1468 1502 1542 neque
1521 1444 1711 1542 periculum
1733 1445 1833 1518 ullius
1854 1443 1990 1520 offense¹

511 1558 569 1606 me
594 1533 803 1607 incursurum
824 1534 967 1610 conlido.
1466 1542 1472 1556 ¹
1877 1567 1884 1574 ·

553 1699 595 1785 a)
617 1701 745 1784 Optime
756 1703 808 1783 jus
823 1707 980 1785 quoddam
997 1724 1037 1770 eo
1063 1706 1200 1770 noscitur
1212 1727 1256 1771 ex
1268 1706 1499 1789 disquisitione,
1521 1708 1591 1790 quis
1603 1708 1699 1772 fuerit
1712 1707 1808 1772 statua
1822 1706 1906 1772 illius
1920 1707 1985 1790 pti-

631 1725 1102 1952 sillztlllsii‘llasffl
1112 1788 1987 1952 llil”illiai'¹insidiiisllldff‘zlasif

633 1947 771 2010 calinnes
786 1947 849 2010 boc
859 1956 911 2014 vel
924 1951 1002 2014 illud
1015 1951 1233 2014 introducendi
1249 1915 1434 2015 extiterint:
1454 1952 1522 2014 baec
1536 1953 1607 2015 sane
1618 1954 1779 2035 ingentem
1791 1915 1985 2015 dbmumve-
2004 1953 2011 1958 ’

633 2034 715 2094 titati
726 2032 825 2091 lucem
837 2031 988 2104 afferunt,
1006 2034 1133 2113 quittiea
1144 2033 1263 2112 dejure
1279 2033 1473 2113 disquiritur,
1495 2034 1539 2096 ita
1554 2047 1590 2096 ut
1605 2038 1746 2116 origines
1761 2035 1794 2096 de
1808 2031 1989 2128 progressus

632 2129 733 2174 rerum
747 2111 1018 2178 ecclesiasticarum
1028 2112 1275 2177 resteevolviss'e
1284 2114 1321 2176 stt
1334 2116 1460 2176 unicum
1472 2117 1609 2178 medium
1617 2117 1655 2176 ad
1668 2116 1794 2179 solidam
1809 2116 1925 2195 jurium
1935 2134 1990 2178 ec-

637 2192 874 2274 clesiasticorum
891 2194 1085 2277 prudentiam
1098 2197 1265 2276 aspirandi,
1278 2196 1365 2276 quod
1377 2196 1400 2257 li
1416 2197 1603 2277 negligitur,
1623 2195 1847 2279 superficiaria,
1857 2200 1922 2272 imo
1931 2195 1989 2260 ste-

637 2296 675 2360 pe
686 2273 718 2336 u
733 2274 915 2358 plerumque
927 2275 1000 2360 salsa
1019 2277 1091 2341 inde
1107 2278 1240 2340 nascitur
1251 2278 1406 2340 eruditio:
1428 2275 1500 2342 Vid.
1517 2275 1676 2339 Boebmeti
1690 2273 1868 2341 Dissertatio
1883 2275 1986 2358 praeli·

637 2357 760 2418 minatis
776 2358 815 2419 de
831 2355 1008 2420 neceffitate
1021 2358 1054 2418 dc
1069 2357 1205 2419 utilitate
1215 2357 1305 2419 studii
1318 2356 1456 2419 historiae
1470 2356 1733 2421 Ecclella'llicaein
1743 2357 1819 2437 jutla
1834 2356 1989 2419 Ecclesia·

633 2437 701 2502 llici
716 2440 897 2517 prudentia,
914 2439 1187 2502 observationibus
1202 2438 1322 2502 selectis
1334 2440 1371 2500 ad
1383 2437 1514 2506 Patride
1525 2439 1628 2502 blatta
1640 2439 1748 2518 Libros
1759 2440 1797 2501 de
1809 2439 1990 2502 Concordia

638 2519 851 2582 sacerdotii&
865 2519 989 2602 lmperii
1025 2517 1168 2582 tarmilla:
1182 2519 1301 2583 confer.
1315 2519 1503 2598 prodromos
1513 2538 1601 2582 meus
1614 2519 1987 2585 ac'ademicusdeveto&

638 2601 782 2671 laudabili
791 2602 987 2668 historiarum
999 2542 1146 2671 beclefiae
1157 2599 1189 2665 de
1205 2593 1374 2688 Imperiiin
1385 2601 1488 2670 Sacris
1499 2599 1533 2668 de
1546 2598 1686 2686 profanis
1702 2602 1869 2685 disciplinis
1880 2600 1946 2666 usu.

1070 2849 1076 2857 .
1180 2780 1319 2875 eu.

641 2917 757 2986 Preces
770 2914 863 2986 tario
877 2911 1057 3007 significatu
1071 2916 1185 2990 venite
1209 2912 1384 2986 indubium
1400 2909 1464 2997 en,
1492 2915 1529 3008 a)
1545 2914 1580 2985 in
1600 2907 1692 2985 sensu
1711 2908 2000 2984 sacratioribus

522 3014 688 3086 cntionem
705 3014 788 3092 Dei,
810 3037 875 3106 qua
890 3011 974 3083 botta
988 3010 1051 3081 sive
1070 3016 1222 3108 corporis
1242 3009 1306 3084 lite
1321 3014 1437 3083 animae
1454 3009 1549 3084 abeo
1570 3012 1734 3107 petimus,
1754 3008 1805 3082 vel
1827 3007 1913 3079 mala
1927 3005 1988 3080 de·¹

525 3135 719 3205 precamur,
741 3108 915 3200 invulgati
936 3109 1158 3205 appellatione
1174 3107 1431 3205 supplicationes
1452 3109 1509 3180 leu
1531 3105 1660 3180 libellos
1685 3104 1850 3204 supplices
1873 3103 1914 3176 ab
1935 3107 1988 3174 in·

526 3206 705 3279 feriortbus
727 3206 767 3275 ad
790 3203 977 3303 superiores
997 3203 1161 3288 cirenas,
1182 3207 1216 3276 in
1238 3209 1378 3301 propius
1399 3207 1439 3277 ad
1465 3202 1612 3277 nollrum
1638 3208 1784 3301 Scopum
1813 3200 1990 3274 accedente

524 3301 760 3397 fignificatione
784 3327 838 3374 rec
898 3303 1142 3374 mendationem
1158 3326 1213 3374 aut
1228 3303 1341 3374 literas
1362 3299 1635 3373 intettclliottales
1652 3327 1670 3371 a
1687 3298 1931 3398 potentioribus
1945 3296 1989 3369 ad

526 3405 605 3473 alios
631 3404 770 3493 gratiam
786 3308 950 3495 quomam
972 3398 1036 3471 stre
1058 3397 1256 3471 beneficium
1282 3396 1476 3471 conserendi
1490 3399 1544 3496 jus
1566 3398 1723 3471 habentes
1746 3422 1809 3494 pro
1836 3392 1987 3493 personia

527 3503 628 3592 gratis
656 3494 864 3593 interpositas
885 3496 1064 3579 denotant;
1091 3497 1171 3568 tales
1191 3492 1295 3567 solent
1316 3501 1564 3593 Imperatores,
1589 3499 1698 3586 Reges
1717 3546 1724 3573 ‚
1754 3496 1925 3588 Principes
1949 3514 1987 3562 ac

528 3595 674 3693 personae
689 3595 759 3663 alite
774 3591 960 3664 illuslrioris
983 3593 1181 3664 conditionis
1198 3592 1382 3674 adbibere,
1404 3592 1484 3664 dum
1507 3591 1570 3663 sue
1593 3588 1794 3686 protestioui
1815 3614 1851 3660 ac
1872 3589 1987 3680 gratiae

526 3692 793 3764 commendatum
809 3691 953 3785 quodam
974 3686 1152 3773 beneficio,
1171 3692 1223 3762 vel
1238 3693 1362 3783 gratia,
1390 3689 1483 3782 cujus
1505 3683 1663 3758 concessio
1687 3687 1727 3756 ad
1742 3686 1824 3756 alios
1848 3683 1986 3777 dejure

527 3788 667 3886 spellat,
694 3788 915 3859 condecorare
933 3787 1118 3858 intendunt.
1179 3792 1258 3858 Hoc
1280 3786 1381 3857 modo
1402 3791 1624 3878 Imperatores
1646 3785 1838 3856 Germanici
1859 3780 1988 3874 sequio·
2109 3801 2114 3806 ·

526 3889 618 3959 ribus
641 3884 876 3981 temporibus,
900 3884 1006 3955 literis
1034 3884 1349 3955 recommendatitiis
1372 3883 1413 3953 ad
1435 3880 1617 3980 Episcopus
1643 3883 1792 3977 aliosque
1813 3875 1990 3949 beneficio·

528 4010 601 4055 rum
625 3978 915 4052 ecclesisticorum
929 3980 1105 4058 collatores
1122 3980 1222 4064 datis,
1242 3982 1304 4053 bos
1320 3980 1566 4062 demulcebant,
1588 4002 1623 4051 ut
1639 3972 1785 4074 personis
1808 3974 1988 4046 nominatis

529 4078 725 4152 beneficium
746 4101 862 4148 vacans
879 4100 936 4148 aut
954 4101 1148 4149 vacaturum
1162 4074 1372 4159 conferrent,
1398 4076 1514 4172 &quo
1534 4101 1581 4148 ete
1602 4100 1717 4171 preces
1742 4075 1991 4169 promptiorem

529 4177 728 4250 sortirentur
744 4172 920 4257 effebum,
936 4172 1092 4271 promissa
1108 4178 1213 4267 gratia
1231 4176 1265 4246 dt
1284 4172 1493 4272 proteslione
1517 4170 1652 4244 casarea
1672 4196 1729 4243 eos
1749 4171 1906 4241 inducere
1922 4192 1991 4239 ten·

531 4276 660 4347 tabant:
683 4274 770 4343 unde
783 4273 852 4366 jam
868 4272 986 4343 Seculo
1006 4275 1098 4343 Xlll.
1121 4296 1260 4367 precum
1274 4276 1408 4343 nominc
1428 4269 1560 4342 caesares
1577 4267 1622 4341 ust
1647 4264 1758 4350 suere,
1779 4270 1811 4340 dt
1832 4269 1989 4360 deinceps

531 4373 563 4444 id
585 4368 785 4443 vocabulum
800 4368 883 4438 adeo
897 4370 1052 4449 invaluit,
1075 4392 1130 4450 ut,
1150 4370 1227 4439 licet
1239 4368 1292 4462 jus
1308 4365 1498 4466 perfeslum
1512 4368 1591 4445 inde
1606 4363 1642 4439 stt
1658 4390 1790 4451 natum,
1811 4366 1994 4440 hodienum

532 4493 641 4542 tamen
660 4490 798 4561 precum
814 4467 1072 4562 appellationem
1095 4467 1247 4537 retineat.
1686 4501 1688 4505 >

569 4606 609 4683 a)
632 4598 706 4667 Vid.
721 4596 771 4659 Du
784 4596 892 4661 Frelne
905 4595 1035 4664 Gloffar.
1050 4616 1124 4663 voc.
1136 4613 1257 4680 preces.

654 4713 780 4793 Tamus
805 4712 853 4793 V.
1399 4710 1427 4782 Ρ
1676 4759 1679 4764 .
1732 4781 1737 4789 ,
1880 4701 1913 4799 p.
1932 4695 1996 4778 111.
