5017 5592
492 615 496 623 '
604 612 745 746 tet*
847 597 851 608 ’
1044 614 1624 725 ots‘sonrnrto
1748 749 1750 756 Ι

599 851 671 922 quo
688 827 811 925 partim
826 851 864 898 er
884 824 1107 899 instrumento
1129 829 1163 897 P.
1180 831 1234 898 W.
1253 824 1307 921 jos
1324 848 1461 921 preeunt
1476 822 1692 903 deduximus,
1713 823 1936 899 Protellantes
1957 830 2075 922 tangit,

603 924 742 998 &clare
755 926 918 997 evincitur
931 949 969 995 ex
986 931 1061 994 Art.
1075 928 1118 997 V.
1142 920 1172 1019 d.
1193 937 1245 1002 18·
1268 923 1300 995 dt
1323 932 1379 993 2⁶.
1401 921 1456 993 ubi
1474 945 1537 1018 pro
1559 919 1709 993 Ecclesia
1733 922 1976 997 Protellanticis
1995 951 2075 998 nor·

601 1046 658 1092 ota
679 1024 826 1094 exercitii
844 1021 932 1092 illius
955 1021 1038 1114 juris
1061 1018 1201 1092 Cesarci
1226 1018 1273 1090 esi
1294 1043 1413 1096 mutuo
1437 1015 1672 1114 paciscentium
1693 1016 1850 1092 consensu
1872 1021 2078 1119 praescripta,

601 1114 692 1215 juxta
705 1142 806 1216 quam
827 1115 1046 1189 Proteslantea
1068 1142 1185 1215 preces
1209 1114 1373 1189 Caesoteaa
1390 1115 1568 1190 admittere
1589 1139 1761 1203 tenentur,
1783 1118 1907 1192 etiamfi
1930 1124 2082 1195 anterior

382 1213 407 1317 .¹
488 1264 490 1270 ·
603 1218 740 1313 antiqua
752 1212 956 1289 consuetudo
970 1241 1037 1288 non
1057 1209 1267 1313 praeceffetit.
1805 1231 1815 1244 '

644 1379 684 1466 a)
705 1376 754 1445 Ita
771 1381 872 1446 literae
888 1380 1061 1450 Clementia
1071 1381 1130 1450 xt.
1153 1381 1193 1450 ad
1212 1379 1388 1469 capitulum
1404 1380 1595 1448 Hildeliense
1609 1383 1692 1447 datae
1709 1380 1874 1466 perhibent
1886 1379 2079 1456 inseruit:

719 1463 872 1529 “Verum
891 1483 963 1529 cum
979 1468 1067 1546 eiua,
1088 1471 1128 1532 de
1164 1484 1204 1531 ua
1221 1469 1342 1548 agitur,
1365 1466 1541 1548 prebendae
1561 1465 1740 1550 dispositio·
1767 1468 1810 1528 ob
1829 1466 2032 1540 uacationem
2047 1466 2082 1528 io

716 1545 822 1610 toeose
844 1547 938 1610 noble
965 1548 1126 1612 reservato
1157 1561 1301 1617 motam,
1328 1548 1366 1609 ad
1387 1567 1447 1610 nos
1467 1546 1629 1612 manifeste
1650 1546 1789 1631 spestet,
1809 1548 1909 1631 palam
1928 1546 1990 1618 est,
2012 1566 2081 1608 non

717 1626 815 1690 licere
833 1630 929 1692 vobia
954 1632 1071 1698 aliena.
1105 1630 1207 1692 nostra
1229 1648 1310 1691 vero
1332 1630 1522 1712 praesertim,
1561 1632 1741 1713 attingere.
1778 1648 1881 1711 oeque
1895 1627 2081 1694 hucteietsl

719 1707 808 1789 posse
821 1729 945 1792 praees,
968 1713 1121 1794 imperiali
1133 1712 1306 1794 diplomate
1318 1721 1497 1774 contentas.
1513 1754 1533 1785 ,‚

647 1837 682 1922 l)
701 1813 803 1904 Extat
814 1860 852 1903 ea
866 1840 899 1903 io
910 1839 1051 1905 Bullario
1064 1841 1237 1906 clamantia
1249 1835 1308 1905 XI.
1322 1859 1394 1926 pag.
1411 1859 1481 1922 ¹04·
1497 1839 1604 1924 astque
1618 1856 1703 1902 aaoo
1718 1856 1806 1922 17¹¹·
1823 1839 1992 1924 publicata.

1250 2050 1283 2152 t.
1334 2053 1452 2130 xttt.

724 2198 895 2275 Postremo
918 2200 1057 2276 slrislim
1084 2202 1316 2299 explicandum
1339 2205 1455 2284 venit,
1484 2200 1617 2298 quando
1643 2205 1834 2300 Imperator
1855 2201 1889 2275 dt
1910 2200 2085 2297 quomodo

607 2297 662 2395 joa
691 2301 927 2396 primariorum
949 2326 1086 2395 precum
1109 2325 1264 2372 exercere
1286 2324 1396 2395 queat.
1447 2300 1547 2396 Quod
1570 2324 1702 2396 ternpus
1723 2303 1870 2373 exercitii
1894 2302 1983 2371 illius
2007 2326 2086 2373 con·

460 2496 462 2500 Ι
545 2423 549 2432 “
609 2399 732 2479 ceruit,
755 2421 822 2468 non
841 2394 886 2468 est
909 2398 1068 2479 dubium,
1090 2398 1179 2494 apud
1200 2396 1421 2470 Procedantes
1444 2396 1550 2468 slatirn
1577 2396 1649 2494 post
1668 2398 1849 2487 legitimam
1867 2395 2003 2468 Caesaris
2018 2398 2085 2468 ele·

610 2487 757 2565 {dionem
785 2497 978 2567 exercitium
1002 2495 1101 2590 hujus
1119 2496 1205 2590 juris
1227 2495 1405 2574 obtinere,
1430 2495 1493 2563 hoc
1519 2518 1661 2589 namque
1692 2493 1950 2565 lnllrumentum
1972 2497 2006 2564 Ρ.
2027 2499 2085 2564 W.

611 2584 718 2662 solum
732 2590 774 2662 ad
789 2612 882 2661 antea
904 2592 1055 2665 habitum
1076 2593 1271 2663 exercitium
1288 2615 1472 2686 provocans
1491 2593 1616 2671 innuit,
1640 2589 1806 2662 &diserte
1827 2589 2084 2662 Protcslantium

610 2685 861 2785 pubiicistarum
880 2687 1048 2771 dostrina,
1068 2691 1179 2760 omnia
1200 2685 1346 2759 Cesarea
1359 2687 1434 2781 jura
1448 2711 1488 2756 ex
1509 2688 1671 2759 cicilione
1695 2688 1947 2782 deducentium.
1964 2685 2086 2759 confir·

612 2808 700 2856 mat:
714 2786 746 2871 a)
771 2786 860 2879 apud
880 2786 1070 2858 catholicos
1089 2785 1197 2870 maior
1215 2783 1260 2855 cil
1284 2780 1469 2855 difficultas.
1521 2788 1604 2855 Sunt
1624 2780 1760 2879 quidem
1780 2809 1847 2855 non
1869 2788 1966 2881 pauci
1988 2809 2086 2857 cano·

614 2877 704 2953 nistae
719 2878 756 2977 l)
783 2886 840 2976 qui
859 2881 1093 2954 nen-eleslum
1108 2887 1351 2977 Imperatorem
1368 2879 1474 2951 slatim
1498 2884 1624 2977 primas
1644 2907 1758 2977 preces
1777 2883 1815 2953 ad
1835 2879 1990 2952 Ecclesiae
2006 2881 2087 2953 diri·

546 3033 558 3042 ..
616 3001 697 3069 gete
711 2976 825 3075 posse,
850 2980 1069 3060 arbitrantur,
1091 2980 1192 3075 idque
1208 2978 1252 3049 ob
1278 2982 1443 3070 cognitam
1466 2978 1701 3069 benignitatem
1724 2978 1929 3049 summorum
1948 2975 2086 3049 Pontifi-

616 3077 789 3168 cum,'qui
806 3077 970 3148 indultum
988 3076 1113 3163 literis,
1132 3073 1188 3148 etii
1211 3072 1374 3172 pollecius
1392 3076 1495 3156 datis,
1517 3100 1582 3146 non
1598 3076 1792 3147 dubitantur
1813 3071 2010 3154 concessuri,
2030 3072 2087 3162 sic·

617 3194 684 3267 que
698 3171 909 3243 ratihabituri
929 3177 1172 3245 nominationes
1187 3174 1228 3245 ad
1252 3171 1428 3254 beneficia,
1447 3176 1514 3262 jam
1535 3196 1627 3242 antea
1648 3168 1762 3244 fallas.
1809 3178 1938 3244 Ver'unt
1960 3173 2015 3242 alii
2032 3171 2087 3244 uel

616 3266 702 3359 nihil
717 3268 772 3337 hic
787 3269 959 3354 decidunt,
980 3277 1013 3364 t)
1038 3272 1088 3342 vel
1110 3271 1208 3367 plane
1221 3295 1294 3343 eant
1309 3266 1498 3341 facultatem
1513 3293 1588 3339 ante
1602 3273 1817 3370 impetratum
1835 3271 2001 3340 indultum
2017 3272 2090 3341 Ct-

617 3361 682 3438 sati
706 3390 772 3435 non
794 3390 986 3465 competere
1011 3364 1162 3440 asserunt.
1184 3366 1225 3464 u)
1252 3372 1290 3438 ln
1314 3368 1375 3438 hac
1397 3370 1553 3448 materia,
1578 3365 1687 3463 (quod
1709 3391 1771 3459 ego
1800 3367 1936 3462 quidem
1959 3363 2089 3456 sentio)

618 3486 687 3533 non
707 3484 775 3533 tam
797 3462 1040 3561 respiciendum
1062 3464 1126 3546 est,
1155 3466 1237 3558 quid
1261 3460 1382 3560 possit,
1406 3488 1507 3560 quam
1529 3465 1609 3558 quid
1633 3460 1705 3535 fieri
1727 3465 1899 3559 expediat:
1924 3461 1947 3534 si
1970 3463 2091 3537 exinde

619 3554 749 3631 scissura
764 3564 989 3635 Sacerdotiidt
1005 3566 1142 3660 Imperii
1159 3566 1334 3639 timeatur,
1352 3586 1418 3632 non
1434 3558 1480 3630 cll
1495 3560 1613 3630 Cesari
1633 3559 1852 3643 suadendum,
1869 3586 1906 3631 ut
1916 3585 1988 3630 rem
1996 3558 2090 3633 suam

548 3715 554 3723 .
620 3657 661 3727 ad
678 3661 804 3750 apicem
820 3660 922 3754 juris,
941 3657 1055 3757 siquod
1073 3663 1132 3731 ltac
1146 3662 1179 3728 in
1197 3684 1233 3730 re
1248 3658 1364 3738 habet,
1389 3659 1571 3750 provehat.
1588 3662 1738 3751 quamuis
1759 3659 1791 3728 dt
1808 3656 1957 3729 Pontifici
1973 3671 2090 3729 arcum

449 3810 451 3813 ψ
517 3821 521 3826 .
619 3758 719 3827 nimis
736 3754 937 3845 adstringere
955 3756 1131 3852 propenso
1146 3760 1179 3826 in
1200 3754 1360 3826 cesarem
1376 3754 1568 3849 supremum
1586 3752 1733 3825 Ecclefiae
1752 3760 1906 3825 Romane
1923 3750 2092 3850 proteslo·

621 3877 693 3923 tem
718 3849 906 3922 diffitadeat.
957 3857 1101 3922 Modum
1118 3854 1200 3940 iuris
1218 3855 1307 3922 illius
1327 3843 1500 3921 exciccndi
1521 3853 1609 3947 quod
1635 3849 1777 3947 l'pellat,
1804 3858 1830 3922 Ι.
1849 3850 1956 3924 Cesar
1972 3874 2112 3948 preces

608 3950 664 4019 'ad
680 3974 775 4018 vetos
795 3949 971 4019 collatores
987 3947 1049 4018 siue
1069 3950 1255 4019 collatrices
1278 3952 1416 4043 Imperii
1440 3947 1633 4018 Germanici
1655 3950 1802 4041 dirigere
1821 3950 1936 4031 debet,
1961 3973 2027 4046 qua
2049 3948 2093 4020 de
2124 3957 2129 3962 '

624 4043 717 4116 causa
739 4049 772 4114 in
794 4045 1030 4141 diplomatibus
1052 4068 1189 4134 precum
1211 4047 1280 4116 haee
1300 4041 1444 4114 formula
1467 4044 1661 4115 adhibetur:
1686 4053 1861 4138 conjunilim
1879 4053 1935 4118 vel
1955 4046 2092 4137 divisim,

624 4144 746 4235 quae'id
762 4167 938 4238 operatur.
959 4166 1011 4225 ut,
1032 4140 1054 4212 li
1072 4139 1160 4214 forre
1183 4138 1296 4232 singuli
1316 4166 1355 4212 ex
1378 4145 1552 4211 canonicis
1568 4142 1621 4235 jus
1646 4145 1717 4213 vice
1738 4144 1874 4238 capituli
1894 4138 2094 4216 conserendi

624 4236 782 4318 habeant,
803 4242 902 4310 veluti
919 4242 1099 4320 Turnarii‚
1116 4236 1327 4335 postmodum
1344 4242 1495 4331 excipere
1512 4263 1694 4333 nequeant:
1719 4241 1808 4311 aliud
1829 4242 1965 4334 quidem
1982 4240 2094 4311 dicen·

624 4331 780 4414 domest,
800 4332 821 4401 li
838 4359 874 4404 et
890 4337 1048 4428 dignitate
1064 4335 1119 4407 sua
1135 4336 1186 4407 vel
1201 4337 1263 4405 alia
1281 4340 1409 4405 ratione
1425 4334 1501 4427 jure
1522 4332 1716 4407 conferendi
1738 4336 1895 4408 beneficia
1917 4337 2095 4430 gaudeant,

625 4452 696 4504 tum
718 4433 913 4501 nominatim
929 4432 969 4502 ad
984 4458 1041 4504 eos
1064 4458 1179 4530 preces
1202 4430 1276 4503 sunt
1295 4432 1487 4523 dirigendo.
1520 4436 1552 4501 ll
1585 4431 1682 4504 semel
1705 4459 1832 4504 tantum
1858 4433 2013 4530 precibus
2034 4457 2095 4506 eos

624 4550 766 4602 onerare
780 4525 904 4625 potesl,
918 4524 994 4598 corn
1009 4531 1096 4599 aliud
1117 4528 1354 4603 consuetudine
1370 4555 1435 4600 non
1451 4526 1489 4599 lit
1502 4527 1739 4601 introdusium.
1775 4537 1838 4605 ill.
1855 4531 2012 4625 personas
2026 4554 2097 4602 me·

549 4629 551 4635 ’
625 4628 694 4716 rito
714 4622 857 4715 scientio
875 4624 912 4702 ἀ
930 4626 1064 4724 pietatis
1083 4626 1353 4724 speutbtltt,.in
1381 4651 1449 4724 quo
1473 4629 1524 4699 rei
1544 4627 1647 4700 cardo
1670 4628 1703 4701 dr
1729 4627 1853 4701 utilitas
1875 4627 2098 4703 Ecclessarum

1855 4789 1866 4813 ,
1997 4724 2099 4800 ’κει
