5017 5592
754 652 825 734 DE
856 651 1156 756 rovocans
1189 653 1595 746 achsstss‘stcts.
1713 593 1717 606 Ι
1796 585 1919 784 ¹477

494 867 528 929 t,
554 841 648 920 urbis
658 846 839 932 Romane,
863 840 983 941 Populi
1006 840 1039 916 dt
1061 841 1259 918 Pontificum
1283 867 1379 944 crant
1399 846 1607 944 protellores
1629 849 1910 958 defensoresquet

502 942 639 1018 elessitii
661 943 693 1015 dr
716 942 860 1036 pallitii,
888 967 954 1013 non
982 966 1020 1012 cx
1043 939 1154 1015 officio
1178 943 1211 1016 dt
1234 970 1373 1018 munere
1392 947 1519 1038 Regi03
1553 954 1630 1046 quia
1653 957 1754 1027 etiam
1777 965 1913 1033 Arianis

493 1043 600 1115 tribus
617 1067 655 1112 ex
671 1038 732 1111 nll'e
748 1041 850 1110 dediti
874 1036 1173 1130 Langobardorum
1195 1046 1323 1135 Reges,
1357 1043 1641 1139 quemadmodum
1665 1050 1852 1125 Theodor·
1880 1058 1918 1135 dr

498 1143 640 1213 alaricus
657 1139 781 1236 aliique
797 1142 830 1216 in
847 1138 1049 1210 Patricius&
1068 1134 1268 1213 Defensores
1285 1145 1453 1214 Romanos
1471 1143 1625 1217 adsersus
1643 1149 1782 1222 Graecos
1796 1154 1917 1226 Eccle-

499 1237 641 1322 invism,
658 1261 852 1335 ¹eorumque
868 1239 1033 1307 Rauennae
1050 1237 1233 1309 Euarchus:
1261 1238 1294 1310 dt
1317 1262 1432 1311 contra
1446 1243 1568 1314 iterum
1585 1246 1761 1327 Exarcbae,
1792 1273 1911 1325 contra

493 1336 672 1430 agobardus
690 1337 818 1406 Patritii
835 1361 851 1403 a
867 1336 1144 1410 Romaniscreati
1161 1336 1194 1409 u
1210 1333 1340 1410 salutari
1360 1333 1515 1426 fuerunt,
1546 1365 1650 1438 prout
1677 1343 1838 1420 nimirum
1858 1370 1918 1424 na·

493 1433 554 1507 itas
571 1435 603 1507 dc
619 1436 782 1530 temporis
802 1436 887 1505 ratio
905 1429 1067 1522 exigebat.
1911 1424 1919 1436 ’
1971 1424 1980 1434 ’

543 1573 607 1644 lv.
633 1571 854 1641 Cnuotus
876 1568 982 1659 igitur
998 1587 1093 1639 antea
1116 1562 1222 1639 solum
1236 1569 1307 1640 Rex
1326 1569 1554 1650 Francorum,
1585 1576 1792 1648 nuncetiam
1815 1550 1915 1656 Occi.

494 1670 537 1741 ris
552 1673 742 1759 Imperator
756 1663 857 1736 alacri
874 1666 1006 1746 animo,
1032 1688 1134 1761 quam
1151 1662 1369 1762 gelferatjam
1383 1690 1495 1750 antea,
1521 1663 1599 1742 fidei
1620 1672 1651 1742 dt
1672 1672 1820 1749 Eccleliae
1835 1682 1909 1753 Ro·
2034 1751 2037 1756 .

492 1793 533 1839 rae
548 1764 764 1876 Advocariam
780 1758 938 1858 suscepit:
966 1762 1106 1930 &quod
1122 1788 1194 1835 rem
1209 1761 1296 1836 serio
1311 1761 1461 1857 gesturus
1478 1760 1575 1849 effer,
1608 1767 1667 1841 sub
1682 1774 1911 1869 Jurisjurandi

492 1855 575 1936 nula
590 1857 750 1959 (maximo
768 1858 943 1952 &integra
959 1861 1012 1956 pri
1029 1884 1145 1933 rorum
1160 1859 1344 1958 religione)
1361 1862 1511 1954 obligare
1536 1860 1568 1936 se
1588 1867 1705 1941 voluit.
1768 1874 1913 1958 Formica,

496 1964 677 2155 lssqqqqtiiqsa
689 1958 874 2128 qqlalqeqqum
893 1971 973 2039 800·
993 1981 1129 2032 enarrat
1150 1985 1190 2030 ex
1210 1964 1314 2033 ordine
1332 1967 1485 2045 nomano,
1517 1957 1573 2036 seu
1595 1963 1684 2039 libro
1706 1968 1845 2044 Riruum
1865 1975 1911 2049 R.

492 2213 503 2256 1
519 2191 650 2258 nomine
664 2186 776 2252 Christi
795 2186 954 2271 spondeo,
974 2196 1069 2269 atque
1080 2185 1238 2268 polliceor
1250 2205 1314 2269 ego
1327 2185 1461 2251 Carolus
1477 2186 1654 2271 Imperator
1667 2212 1774 2261 coram
1788 2197 1859 2263 Deo
1873 2200 1911 2268 dr

542 2274 578 2338 B.
593 2273 685 2336 Petro
702 2270 875 2353 Apostolo,
898 2292 948 2333 me
964 2270 1180 2333 Protettorem
1200 2289 1237 2331 ac
1262 2269 1463 2333 Defensorem
1478 2270 1547 2334 lore
1567 2273 1662 2356 liujus
1679 2274 1709 2340 S.
1734 2278 1826 2346 Rom.
1845 2283 1904 2348 Ee·

546 2354 647 2501 ἓξὲξ
663 2356 857 2520 qnoqueqtquqqqs
878 2354 1086 2426 utilitatibus,
1103 2361 1259 2435 qnatenus
1276 2354 1388 2416 divino
1401 2351 1501 2417 fultus
1515 2354 1607 2418 luero
1625 2357 1798 2439 adjutorio,
1811 2375 1910 2447 prout

542 2560 587 2629 V.
617 2560 736 2626 Tenor
757 2551 1002 2649 jurisjurandi,
1041 2574 1109 2648 quo
1126 2555 1351 2625 communiter
1369 2550 1547 2626 Neaetefti
1573 2558 1670 2630 Rom.
1691 2563 1800 2656 Reges
1816 2562 1909 2648 send

492 2651 578 2725 leliae
599 2654 631 2726 dt
656 2653 748 2724 Sedis
766 2654 922 2722 Romanae
943 2649 1187 2747 proteitiooem
1213 2649 1504 2746 defensionemque
1528 2651 1730 2747 astringunt,
1761 2654 1912 2738 eontine-

498 2757 534 2825 in
548 2747 730 2823 Pontificsli
749 2752 919 2828 Romano,
950 2748 1105 2845 illudque
1123 2749 1277 2822 Clemens
1299 2752 1388 2845 Papa
1409 2753 1454 2824 V.
1481 2751 1515 2820 in
1537 2747 1602 2823 suis
1617 2753 1908 2835 constitutionibus

491 2849 660 2923 :retalibus
683 2848 816 2917 adducit
838 2845 1067 2942 sequentibus:

491 2985 544 3067 {go
564 2981 634 3047 NN.
652 2981 865 3044 Romanorum
882 2978 972 3050 Rex,
1006 2991 1164 3043 aunuente
1189 2978 1331 3042 Domino
1349 2976 1475 3041 futurus
1496 2977 1690 3065 Imperator,
1728 2989 1906 3069 promitto,

543 3065 682 3147 spondeo
696 3063 728 3125 dr
743 3064 914 3143 polliceor,
937 3073 1031 3144 atque
1047 3063 1119 3141 juro
1137 3082 1243 3124 coram
1257 3062 1329 3124 Deo
1345 3061 1378 3123 dr
1395 3059 1429 3125 13.
1446 3060 1556 3132 Petro.
1581 3087 1631 3128 me
1646 3068 1686 3129 de
1699 3082 1817 3133 caeteto
1829 3071 1907 3136 Pto-

543 3147 718 3211 testorern.
750 3144 988 3206 Procuratorem
1010 3144 1043 3206 dc
1061 3144 1265 3206 Deleusmem
1288 3143 1359 3205 lore
1385 3142 1505 3206 Summi
1532 3144 1714 3225 Pontilicis,
1752 3152 1786 3215 dr
1808 3155 1905 3237 hujus

543 3229 668 3295 Santlae
684 3228 774 3289 Rom.
791 3226 938 3289 Ecclesiae
954 3228 1147 3288 inmunibus
1164 3225 1393 3287 necetlitatibus
1418 3225 1450 3286 ἃ
1465 3227 1655 3293 utilitatibus
1676 3232 1759 3309 suia,
1797 3240 1905 3301 culto·

543 3308 707 3375 diendo&
725 3308 941 3370 conservando
959 3305 1178 3388 poll'esstones,
1203 3305 1391 3368 honores&
1409 3307 1477 3386 jora
1499 3307 1592 3384 Eius,
1618 3327 1768 3398 quantum
1789 3319 1904 3382 dleno

543 3393 689 3458 luliultus
703 3392 862 3471 adiutorio
878 3389 991 3460 lucro,
1014 3389 1181 3451 secundum
1200 3388 1275 3450 scite
1290 3387 1322 3450 dt
1338 3387 1423 3469 polIe
1436 3408 1560 3466 meum,
1580 3395 1665 3457 retia
1681 3393 1714 3457 dt
1728 3414 1805 3478 pura
1820 3398 1904 3465 fider

545 3474 599 3540 Sic
614 3495 663 3538 ane
678 3475 761 3537 tteus
778 3473 927 3554 adiuvet,
948 3468 980 3532 ἃ
1001 3470 1071 3533 mec
1085 3470 1197 3535 Sandla
1211 3470 1270 3533 Dei
1287 3470 1474 3552 Evangelia.

596 3593 668 3675 Cap.
691 3590 823 3655 Ronconi
840 3590 993 3672 Principes
1014 3587 1040 3655 Ι.
1059 3592 1092 3652 iu
1108 3588 1298 3653 Clementiana
1312 3585 1347 3650 de
1359 3583 1538 3672 &arando

542 3718 607 3787 VI.
630 3719 761 3785 Tantus
778 3711 953 3806 Princeps,
978 3707 1085 3804 qualis
1103 3731 1174 3780 erat
1192 3708 1333 3781 Carolus
1353 3705 1521 3799 Augullus
1536 3707 1729 3805 neutiquam
1753 3712 1835 3799 ltoc,
1862 3716 1907 3793 de

490 3843 497 3883 t
517 3816 662 3904 agimus,
681 3806 878 3881 Proteilorii
896 3806 1057 3878 Adnotati
1074 3830 1195 3878 nomen
1210 3806 1320 3904 pala'm
1336 3808 1517 3901 praedicare
1530 3805 1680 3892 erubuit,
1714 3816 1795 3908 quin
1820 3815 1904 3890 adeo

490 3934 522 3982 ut
543 3908 599 3981 fibi
618 3912 771 4005 apprime
786 3903 967 3996 gloriosum
990 3904 1062 3974 aliis
1086 3900 1151 3973 suis
1174 3905 1279 3976 titulis
1301 3905 1500 4000 adjungere,
1533 3929 1641 4000 eoque
1663 3913 1796 3985 nomine
1819 3915 1907 3987 mul.

490 4034 500 4078 t
519 4009 654 4099 gloriari
671 4003 757 4077 ausus
775 4001 837 4082 est,
864 4003 953 4098 quod
969 4002 1077 4071 Dauid
1095 4000 1283 4099 Hoppinclc
1297 4007 1404 4099 JCrus
1426 4003 1635 4073 Lutheranus
1652 4030 1766 4076 verum
1783 4009 1824 4081 de
1843 4015 1906 4083 Ca·

490 4102 660 4199 >scripio
697 4100 765 4196 ipsc
786 4101 868 4171 adeo
894 4096 1071 4171 Goldallus
1096 4120 1168 4169 rona.
1194 4126 1225 4188 3.
1244 4125 1273 4194 p.
1296 4127 1328 4180 5·
1347 4103 1470 4190 [riarum
1496 4101 1620 4185 Condit.
1649 4108 1725 4196 Imp.
1751 4104 1907 4194 rellatur,

490 4204 520 4275 td
536 4199 641 4276 novus
659 4201 714 4272 ille
731 4196 993 4270 OccidentisSol
1012 4196 1042 4267 dt
1060 4199 1248 4291 lmperator
1264 4196 1381 4270 ediclis
1398 4194 1462 4268 fuit
1477 4196 1652 4292 prefigere
1669 4208 1846 4277 amaverit:

710 4331 844 4476 §quotus
860 4329 1000 4392 devotus
1014 4326 1137 4392 Santtae
1153 4325 1302 4390 Eccleliae
1319 4327 1490 4401 Defensor,
1512 4325 1704 4414 humiliaque
1715 4333 1856 4418 Adiutot
1869 4340 1901 4405 iu

645 4434 731 4478 omna
756 4433 803 4476 ns.

600 4530 702 4596 Item:
723 4530 857 4595 Carolus
872 4526 968 4592 Filius
981 4547 1018 4590 ac
1037 4523 1191 4590 Defensor
1205 4523 1310 4591 Sacrae
1325 4524 1358 4589 dr
1372 4525 1524 4590 Romauae
1535 4522 1694 4594 Ecclefiae.

489 4646 619 4727 tfutioni
635 4652 900 4749 capitularium,
924 4673 997 4745 quae
1011 4671 1048 4724 er
1063 4644 1160 4722 diilis
1177 4643 1250 4821 sqqat
1269 4642 1421 4722 colletlio
1443 4652 1573 4746 Legum
1593 4643 1902 4735 Eccleliailicarum,

1248 4770 1309 4820 oo
1334 4770 1354 4844 3
1548 4789 1554 4794 -
1861 4772 1902 4826 ex
