5017 5592
615 592 686 684 ε..
896 573 1234 658 otssnnantio
1285 517 1807 678 cenomannorum

617 767 776 844 saeculari
793 763 855 842 esse
872 770 1053 851 immunes,
1074 767 1260 844 nullatenus
1273 793 1355 842 vero
1372 767 1564 852 ostendunt,
1591 765 1680 866 ipsos
1696 768 1798 843 eriam
1821 767 1963 844 ratione
1978 789 2102 868 tempn-

603 869 738 946 ¹talium
757 866 891 938 suorum
910 867 966 938 tali
983 871 1192 941 immunitate
1209 867 1249 940 ab
1270 867 1341 964 ipso
1359 873 1434 940 Deo
1458 864 1554 940 fuisse
1571 865 1764 950 instructos,
1793 871 1867 940 imo
1885 872 2006 966 potius
2022 867 2101 966 ipsae

619 966 705 1038 adca
726 962 911 1038 sacerdotes
930 971 974 1036 V.
989 969 1068 1038 T.a
1091 967 1237 1058 Regibus
1256 965 1462 1062 dependisse,
1487 964 1595 1061 abque
1613 966 1665 1037 hia
1688 965 1764 1062 ipsa
1787 967 1899 1038 modo
1923 965 2102 1050 inslitutos,

618 1067 721 1137 modo
736 1061 902 1159 dcpofitos
917 1061 959 1133 ab·
974 1059 1084 1134 officio
1101 1063 1157 1134 luo
1177 1060 1288 1145 fuisse,
1311 1091 1349 1136 ex
1367 1067 1481 1136 maltis
1497 1067 1619 1134 veteris
1637 1061 1822 1160 scripturae
1837 1061 1962 1138 sacrae
1976 1065 2103 1159 larisa)

619 1163 746 1236 ollendi
763 1161 887 1252 potest,
912 1187 950 1232 ex
965 1188 1032 1257 quo
1049 1161 1216 1257 sequitur,
1242 1163 1473 1256 multomagis
1499 1162 1698 1258 temporalia
1720 1166 1843 1234 veteris
1870 1161 2042 1236 Ecclestac
2056 1163 2104 1258 ju·

621 1261 732 1330 dnicae
749 1257 900 1354 poteslati
919 1285 1029 1352 regnae
1044 1286 1105 1356 per
1121 1265 1231 1332 omitia
1252 1257 1418 1334 subfuisse.
1471 1264 1524 1333 Sic
1547 1265 1676 1355 pariter
1697 1257 1852 1332 Christus
1871 1262 1908 1330 in
1933 1286 2024 1334 nova
2040 1262 2102 1354 lege

620 1356 768 1452 expresse
783 1355 959 1452 Apollolus
975 1356 1150 1452 litosjubet
1166 1359 1307 1431 reddere
1322 1355 1485 1431 tributum
1499 1357 1629 1430 Caesari
1643 1360 1693 1446 b),
1720 1357 1812 1452 quod
1830 1357 1869 1428 dt
1886 1355 2036 1454 ipsemet
2050 1357 2103 1430 sol-

619 1459 669 1531 vit
682 1454 733 1552 c);
754 1483 792 1528 ex
808 1456 927 1550 quibus
942 1463 1052 1551 itaque
1068 1453 1221 1528 omnihus
1239 1456 1414 1539 illucescit,
1434 1451 1562 1528 nullum
1579 1480 1643 1554 pro
1656 1457 1874 1544 immunitate
1888 1455 2105 1532 Ecclesiatanr

622 1557 801 1651 temporali
819 1553 1016 1647 praesidium
1033 1555 1154 1649 injure
1175 1559 1288 1626 daacino
1304 1558 1460 1651 reperiri.

612 1735 615 1742 .
744 1675 868 1764 Neque
883 1667 988 1740 obllar
1004 1692 1031 1737 c.
1046 1697 1078 1740 4.
1097 1672 1132 1736 de
1153 1673 1303 1741 ianmnnit.
1321 1673 1431 1754 Ecclel,
1452 1674 1482 1738 in
1499 1679 1531 1740 6.
1553 1690 1662 1762 neque
1683 1691 1708 1740 c.
1723 1693 1784 1762 43.
1809 1672 1947 1740 Cantilii
1966 1675 2105 1744 tannae.

620 1763 675 1856 {ab
691 1774 794 1838 lnnrac.
813 1775 879 1839 ΙΙΙ.
896 1771 1010 1846 habiti,
1033 1789 1142 1860 neque
1160 1771 1243 1861 Seffia
1260 1795 1293 1852 9.
1316 1775 1431 1844 concil.
1451 1773 1600 1840 satanan.
1617 1770 1672 1856 [aab
1688 1772 1787 1838 Leonte
1798 1769 1846 1838 X.
1864 1771 2035 1850 celebrati,
2060 1791 2106 1842 na·

621 1885 689 1958 que
710 1872 872 1936 concilium
893 1869 1104 1936 Tridentium
1124 1866 1193 1956 Stff.
1212 1895 1229 1936 ι
1235 1893 1270 1948 5·
1293 1891 1317 1935 a.
1340 1892 1399 1938 ιο.
1421 1869 1458 1934 de
1478 1867 1636 1956 reformat.
1658 1862 1715 1935 ubi
1741 1865 1948 1937 immunitas
1968 1863 2105 1938 ecclesa·

623 1961 702 2033 llica
721 1962 805 2056 jutis
825 1964 928 2033 divini
951 1959 1014 2032 esse
1036 1956 1198 2036 asseritur.
1247 1965 1406 2060 inprimis
1426 1963 1515 2040 enim
1538 1958 1561 2033 fi
1582 1961 1646 2032 laci
1669 1963 1759 2033 citati
1780 1960 2036 2060 inspiciuntur,
2060 1959 2106 2036 illi

625 2058 668 2129 de
683 2061 772 2131 nulla
789 2062 851 2130 alia
866 2057 924 2132 nih
943 2061 984 2130 de
1000 2083 1092 2128 mere
1106 2060 1269 2155 lpiriruali
1290 2065 1517 2141 immunitate,
1543 2063 1578 2128 in
1599 2081 1760 2155 quantum
1783 2059 1869 2132 haec
1885 2055 2006 2158 ipsum
2021 2061 2108 2133 mini·
2132 2055 2137 2070 '

521 2160 523 2164 ’
623 2153 760 2230 sterium
784 2161 934 2232 divinum
951 2158 1159 2229 elericorum
1175 2161 1362 2239 concernit,
1386 2158 1591 2249 intelligendi
1613 2152 1705 2238 suot,
1731 2176 1787 2228 aut
1806 2156 1935 2253 quodsi
1951 2164 2053 2232 etiam
2069 2159 2107 2232 de

622 2255 836 2328 immunitate
860 2253 1077 2329 Ecclesarum
1108 2256 1287 2350 temporali
1316 2255 1523 2351 loquuntur,
1562 2277 1642 2327 tunc
1669 2255 1871 2326 alterutrum
1901 2255 1956 2328 est
1979 2281 2107 2340 aerum,

625 2349 749 2424 scilicet
765 2379 803 2425 ea
818 2355 869 2424 vel
890 2355 1029 2425 eaodem
1053 2350 1176 2424 habere
1198 2354 1453 2434 authoritatem,
1480 2377 1581 2451 quam
1602 2350 1725 2424 habent
1742 2353 1947 2427 Decreralea
1965 2353 2109 2428 llldoria·

623 2474 704 2530 nae,
720 2456 759 2545 d)
783 2451 904 2546 quihus
926 2453 1137 2532 innituntur,
1168 2450 1222 2522 vel
1240 2448 1363 2546 liquam
1388 2449 1528 2532 habeut,
1566 2472 1604 2520 ea
1626 2475 1692 2521 non
1713 2453 1757 2522 ita
1780 2447 1845 2523 esse
1867 2453 2108 2546 intelligenda,

625 2545 717 2720 ponsa
740 2554 985 2624 immunitatem
1011 2543 1228 2620 Eccle'fiarum
1250 2548 1471 2644 temporalem
1494 2573 1512 2619 a
1534 2551 1610 2620 Deo
1630 2571 1844 2644 praeceptam
1869 2549 1907 2622 dr
1934 2549 2109 2624 slahilitarn

501 2691 503 2696 ·
643 2643 722 2719 uisse
735 2648 941 2720 credideriut
954 2669 1010 2719 aut
1021 2642 1251 2731 definiverint,
1275 2645 1331 2720 sed
1347 2669 1475 2719 tantum
1490 2647 1581 2741 quod
1597 2668 1741 2741 aequum
1753 2641 1849 2718 fuisse
1861 2646 2110 2741 judicaverint,

625 2744 805 2819 Ecclesiam
829 2743 952 2819 Christi
969 2771 1035 2818 noo
1061 2745 1220 2818 deteriori
1238 2745 1429 2818 conditione
1453 2743 1588 2826 haberi,
1611 2767 1649 2816 ac
1665 2743 1756 2814 illam
1773 2742 1930 2840 Moysaa,
1960 2749 2017 2822 cui
2032 2747 2127 2821 adea·

626 2841 668 2916 ab
685 2844 826 2916 ethnicis
841 2844 992 2937 regibus,
1019 2846 1067 2914 uti
1082 2843 1254 2915 Pharaone
1276 2847 1385 2932 Genes.
1404 2868 1429 2914 t.
1446 2869 1504 2923 47.
1528 2841 1561 2914 dt
1584 2847 1763 2913 Artaxerxe
1783 2867 1812 2914 1.
1835 2847 1936 2917 Esdr.
1954 2871 1983 2919 c.
2000 2874 2036 2926 7.
2052 2847 2110 2918 ira-

531 2983 535 2990 ·
625 2946 771 3016 munitas
787 2945 896 3038 quoad
907 2942 992 3014 bona
1009 2942 1079 3035 ejus
1097 2940 1296 3036 temporalia
1309 2937 1374 3012 fuit
1389 2935 1535 3012 concessa
1549 2942 1592 3028 r),
1610 2938 1644 3010 id
1657 2939 1748 3034 quod
1761 2937 2092 3018 nemodiffitebitut.

669 3074 709 3152 a)
728 3089 755 3131 a.
777 3068 854 3149 Reg.
875 3090 922 3133 10.
936 3072 1032 3133 etiarn
1047 3070 1180 3135 Levitae
1195 3072 1275 3153 Regi
1291 3072 1366 3136 Saul
1379 3071 1592 3154 subiiciuntnr.
1611 3069 1673 3143 Jos.
1690 3092 1720 3152 3.
1732 3070 1768 3134 dt
1779 3073 1808 3136 6.
1830 3071 1935 3146 Josne
1953 3078 2055 3142 etiarn
2069 3077 2110 3142 R·

742 3152 925 3214 cerdotibua
940 3166 1102 3235 praecepta
1116 3155 1212 3216 dedit.
1234 3177 1264 3238 3.
1276 3154 1352 3235 Reg.
1363 3173 1392 3220 2.
1403 3176 1436 3218 v.
1449 3158 1499 3218 26.
1522 3155 1675 3219 Salomon
1686 3153 1832 3236 deposuit
1848 3175 2012 3239 magnum
2022 3161 2112 3225 sacer·

741 3234 850 3295 dotem
875 3233 1042 3314 Abjathar,
1066 3238 1159 3319 inque
1174 3237 1243 3316 ejua
1270 3237 1377 3301 locum
1404 3238 1539 3302 instituit
1553 3235 1688 3302 sadoch
1703 3255 1733 3302 α.
1751 3236 1948 3322 Paralipom,
1968 3262 2021 3326 ¹9·
2045 3255 2112 3321 aee.

742 3315 892 3400 Jolaphat
903 3315 972 3381 Rex
987 3318 1121 3383 institnit
1132 3318 1264 3385 Levites
1284 3317 1318 3383 dt
1330 3320 1529 3386 Sacerdotes.

669 3436 707 3526 l)
726 3434 839 3501 Matth.
857 3455 907 3502 22.
925 3458 958 3504 v.
978 3458 1028 3502 21.
1048 3438 1184 3513 reddite,
1209 3458 1290 3522 quae
1304 3431 1540 3512 soutCaesaria,
1561 3436 1702 3511 Caesari,
1716 3435 1751 3500 dt
1766 3440 2024 3519 qaaesuatDei,
2037 3443 2114 3512 Deo.
2145 3445 2147 3450 ’

742 3517 823 3582 Item
845 3522 881 3581 ad
898 3519 1093 3601 Roman.13.
1111 3540 1144 3585 v.
1161 3544 1191 3605 7.
1207 3521 1328 3585 reddite
1341 3521 1488 3585 omnibus
1503 3520 1625 3598 debita,
1655 3521 1709 3587 cui
1729 3522 1912 3602 tributura,
1945 3527 2114 3604 tabutata,

744 3604 796 3666 cui
814 3604 968 3685 vestigal,
990 3603 1139 3686 vectigal.

669 3719 702 3802 a)
723 3719 837 3786 llatth.
856 3741 901 3806 17.
922 3723 958 3783 ad
978 3741 1070 3801 qoem
1090 3722 1199 3784 locam
1222 3718 1253 3785 S.
1273 3721 1456 3785 Ambrosius
1479 3743 1507 3785 c.
1531 3728 1582 3794 28.
1600 3718 1700 3786 Canll'.
1727 3739 1775 3784 11.
1801 3737 1832 3802 q.
1856 3737 1889 3786 t.
1916 3721 2055 3808 lnquit:
2086 3723 2115 3791 st

744 3801 829 3866 silius
852 3804 913 3867 Dei
926 3806 1049 3866 censum
1065 3804 1178 3877 solvit,
1202 3806 1273 3885 quis
1286 3813 1321 3867 tu
1339 3815 1446 3867 tantus
1460 3825 1517 3879 ea,
1542 3805 1596 3887 qui
1612 3823 1678 3869 non
1691 3815 1782 3888 putea
1797 3801 1860 3867 esse
1871 3803 2101 3872 solveodnanl

670 3918 705 3995 d)
724 3919 845 3986 Primus
861 3923 1025 3996 omniunt,
1046 3923 1099 4004 qui
1113 3924 1328 3986 immunitates
1343 3921 1551 3986 Ecclesiarum
1570 3923 1763 4006 temporales
1782 3920 1846 4000 jori
1860 3922 1987 3988 divino
2007 3926 2113 3991 adseri·

742 4001 819 4086 psrt,
842 4017 909 4064 erat
925 4002 1085 4078 Ifidotua,
1106 4005 1179 4087 qui,
1199 4025 1272 4068 cnon
1286 4007 1325 4067 ad
1348 4005 1480 4069 tuendae
1499 4007 1663 4088 magiaque
1681 4004 1866 4080 firmandas,
1908 4009 1963 4072 uti
1984 4012 2109 4091 agebat,

742 4088 960 4150 immunitates
970 4085 1176 4150 Ecclefiarum
1190 4088 1383 4169 temporales
1400 4088 1513 4166 injure
1527 4088 1640 4151 divino
1649 4085 1767 4169 scripto
1779 4087 1976 4231 praesidium
1992 4093 2108 4155 nullon

743 4166 968 4243 adinvenisset,
985 4171 1093 4252 primis
1109 4173 1281 4252 primorum
1290 4169 1417 4251 jamjam
1427 4183 1564 4252 quatuor
1572 4170 1767 4233 saeculorum
1803 4169 2109 4238 ontificibusdeere·

742 4250 825 4313 talea
845 4251 996 4328 adfinxit,
1019 4253 1260 4336 supposuitque,
1283 4263 1318 4315 ut
1332 4253 1530 4326 ostenderet,
1553 4274 1596 4316 ex
1607 4255 1710 4316 verbo
1722 4251 1782 4316 Del
1794 4249 1905 4315 saltem
1920 4255 2045 4320 tradita
2054 4259 2106 4320 int·

745 4335 918 4396 munitates
936 4334 1008 4398 lstaa
1028 4333 1090 4398 effe
1106 4336 1305 4400 derivandae.
1363 4336 1426 4398 Dio
1448 4337 1458 4398 i
1484 4338 1655 4398 norabatur
1675 4334 1791 4397 falsatae
1812 4333 1945 4398 istarum
1972 4339 2106 4403 decreta

745 4412 842 4481 lium.
865 4416 917 4478 din
932 4418 1005 4480 illae
1019 4437 1077 4501 pto
1095 4417 1156 4480 basi
1169 4417 1201 4480 dr
1218 4436 1329 4479 norma
1350 4419 1431 4480 circa
1449 4355 1539 4500 p‘dura
1562 4415 1719 4481 Ecclesiae
1739 4419 1870 4497 negotia
1891 4417 2074 4486 definienda
2089 4437 2104 4484 a

744 4493 898 4559 Conciliia
914 4497 948 4560 dr
965 4498 1170 4565 Pontificibus
1182 4499 1428 4575 adhibebantur,
1450 4499 1526 4581 quid
1546 4519 1625 4584 ergo
1644 4499 1719 4567 inde
1733 4497 1958 4567 nifierrorea?

671 4614 704 4700 e)
724 4611 797 4686 Van
811 4611 914 4703 Elpeo
926 4625 1008 4702 part,
1027 4638 1059 4692 2.
1076 4619 1126 4693 rit,
1142 4635 1194 4705 35.
1211 4616 1542 4703 c.a.n,26,&seqq.
1902 4681 2105 4801 §xxm
