5017 5592
483 623 559 698 ,592
646 589 1016 674 uissettTnTto
1044 519 1179 688 Jtlnts
1198 579 1392 666 PUBLlCl
1411 559 1783 668 Eccuusmsrt'ct
1879 563 1883 572 ¹

490 779 737 852 Chnoutttn
748 795 775 844 m
792 763 903 868 nuper
915 771 1088 863 allegatam
1104 767 1198 842 limul
1210 767 1359 867 junilam
1376 767 1509 868 speciali
1518 769 1711 853 Decretali,
1725 793 1765 844 ut
1778 793 1888 857 vocat,
1900 793 1965 850 eret

426 889 434 902 ’
490 877 620 962 cotona
640 895 725 940 anno
746 874 964 941 mcccxcl.
988 871 1076 940 edita
1097 869 1286 964 adoptauit,
1305 872 1341 952 b)
1366 895 1401 940 ac
1422 867 1494 964 ejus
1517 891 1653 966 quoque
1675 871 1876 966 exemplum
1900 875 1966 948 onii

492 967 626 1044 versilis
645 969 768 1066 Synodi
790 964 1041 1038 constantiensis
1061 971 1190 1046 Patres,
1213 990 1249 1035 ac
1264 963 1336 1061 poll
1354 990 1427 1038 eam
1441 963 1624 1038 absolutam
1640 971 1682 1038 M
1692 987 1745 1038 att
1759 988 1809 1038 ‘rt
1823 987 1916 1040 trus
1929 973 1967 1046 Υ.

495 1068 536 1140 sd
556 1065 738 1162 reparanda
765 1063 949 1135 schismatis
974 1066 1123 1136 diuturni
1146 1065 1345 1135 detrimenta
1370 1066 1489 1134 imitati
1512 1063 1596 1134 lunt.
1614 1063 1651 1154 c)
1676 1064 1847 1138 Similiter
1866 1067 1900 1136 dr
1918 1070 1968 1138 Be·

364 1191 366 1198 ·
495 1162 668 1242 hleenses,
700 1184 774 1232 utut
798 1159 923 1234 funesta
947 1163 987 1232 iis
1013 1183 1166 1255 tempora
1191 1161 1345 1255 captandi
1371 1166 1570 1252 Magnarum
1602 1157 1728 1232 favoris
1753 1161 1968 1238 neceffitateut
2017 1213 2019 1234 t

494 1257 742 1332 incluclabtlem
763 1254 1008 1353 imposuissent,
1034 1257 1073 1326 ab
1091 1261 1208 1327 harum
1226 1282 1336 1328 tamen
1352 1257 1635 1328 Cooilitutionum
1651 1261 1890 1356 imperialium
1903 1285 1977 1336 cm,

497 1355 685 1430 firmatione
703 1357 734 1426 dr
752 1358 899 1447 urgenda
917 1359 1108 1426 executione
1125 1353 1286 1427 abstinete
1310 1357 1441 1450 penitus
1458 1356 1546 1426 haud
1563 1379 1757 1450 potuerunt.
1776 1361 1816 1448 d)
1852 1363 1970 1456 Neque

352 1474 356 1498 ’
496 1465 616 1554 p'arum
636 1455 791 1524 conducit
814 1454 935 1524 horum
956 1454 1185 1523 Conciltorunt
1205 1453 1389 1523 authoritas
1403 1451 1443 1521 sd
1466 1477 1665 1548 perpetuam
1683 1454 1749 1524 illis
1766 1453 1901 1547 legibus
1915 1461 1969 1528 lm·

498 1555 585 1652 perii
604 1553 645 1624 de
672 1551 824 1620 libertate
846 1545 1062 1622 Eccleliorum
1087 1549 1297 1620 stabilitatem
1318 1549 1571 1620 conciliandam.
1629 1549 1693 1644 lpst
1712 1557 1848 1648 quippe
1872 1558 1972 1652 impa-

500 1673 628 1724 ratores
648 1673 683 1718 ac
700 1650 780 1720 varii
805 1649 944 1742 imperii
960 1651 1085 1728 Status,
1105 1644 1300 1743 autperti,
1324 1669 1381 1717 aur
1395 1669 1457 1741 per
1477 1649 1619 1738 Legatos
1643 1645 1736 1742 litos,
1761 1654 1928 1722 Oratores
1941 1675 1972 1722 ar

407 1807 411 1822 ,.
500 1747 690 1840 Deputatas
712 1738 957 1824 interfuerant,
984 1740 1107 1838 suaque
1133 1742 1305 1838 prasentia
1338 1744 1471 1814 easdem
1498 1768 1724 1835 agnoverunt,
1749 1749 1975 1820 innotatoad·

476 1883 481 1888 -
503 1841 597 1913 l'enl'u
616 1835 839 1920 roborar'unt,
864 1864 1046 1934 earumque
1062 1841 1365 1935 promulgationem
1382 1839 1655 1922 &executionem
1670 1843 1918 1938 adprobatum.
1940 1847 1976 1916 lit

503 1936 573 2036 ipsa
590 1941 687 2007 etiarn
706 1939 773 2007 hacc
791 1937 1019 2008 Consiliorum
1041 1937 1269 2034 promulgatio
1286 1963 1352 2007 non
1374 1937 1571 2040 propriso&
1591 1937 1814 2010 Ecclesiastico
1839 1939 1976 2014 foliati·

505 2033 686 2132 potestate,
707 2031 761 2106 scd
785 2035 815 2106 dt
839 2037 1054 2128 imperatoria
1076 2036 1278 2108 authoritate
1293 2035 1425 2106 decreta
1440 2030 1529 2118 fuit3
1558 2035 1731 2131 Siquidem
1755 2035 1901 2134 ipsemet
1921 2043 1979 2110 lm·

481 2147 489 2160 ‘
506 2156 644 2231 perator
670 2119 727 2204 Ch
740 2149 888 2202 nouus
913 2129 973 2203 tv.
995 2129 1034 2202 ad
1050 2132 1181 2226 plenam
1198 2130 1281 2224 legis
1304 2130 1367 2202 sust
1390 2136 1540 2205 notitiam
1557 2128 1686 2204 facilius
1705 2133 1749 2204 ad
1770 2159 1893 2210 omnes
1907 2159 1978 2232 pro·

507 2231 693 2325 pagandam
716 2229 991 2322 Metropolitanis
1016 2227 1169 2299 omnibus
1193 2229 1225 2300 ἃ
1251 2225 1422 2324 Episcopis
1448 2229 1978 2326 ejusdem'promulgationemiu

509 2328 663 2396 omuibus
679 2322 743 2396 suis
758 2325 900 2422 Synodis
919 2323 1054 2422 posthac
1071 2325 1276 2398 celebrandis
1301 2322 1486 2398 faciendam
1500 2328 1535 2400 in
1551 2328 1713 2400 mandetis
1736 2329 1843 2402 dedit.
1861 2331 1899 2427 c)

628 2457 728 2528 Unde
750 2453 874 2527 fatiam
891 2454 954 2536 cll,
984 2480 1021 2528 ut
1035 2456 1075 2527 ab
1097 2483 1138 2529 eo
1159 2453 1231 2534 fere
1253 2481 1407 2548 tempore
1429 2459 1483 2528 vir
1501 2458 1692 2532 Concilium
1713 2462 1890 2558 quoddam
1910 2467 1991 2538 Pto

510 2556 650 2630 vincialc
667 2555 780 2625 videre
796 2551 849 2634 stt,
875 2554 966 2654 quod
981 2579 1047 2624 non
1063 2555 1208 2651 aliquam
1226 2561 1401 2652 utriusque
1420 2553 1671 2628 Constitutionis
1685 2561 1885 2657 imperialis
1897 2585 1975 2634 meu·

512 2655 639 2725 tionem
669 2647 805 2750 feccrit,
830 2674 928 2746 atque
959 2657 1188 2724 executionem
1210 2651 1366 2724 adversus
1387 2676 1604 2765 quoscunque
1625 2657 1807 2746 Magnetes
1825 2657 1861 2730 dr
1877 2663 1976 2732 Pmre·

513 2775 567 2825 res
587 2752 793 2846 preceperit.
846 2760 956 2844 Atque
981 2774 1021 2820 ne
1043 2748 1284 2833 infinitusstm,
1311 2751 1517 2820 Prouinciale
1544 2754 1787 2841 Mogontinum
1807 2755 1843 2826 dt
1865 2763 1974 2829 Wirce·
2017 2787 2019 2808 =

512 2845 675 2941 burgense
693 2843 920 2919 Direcesonum
934 2872 1019 2920 anno
1033 2851 1271 2928 muecctu.
1292 2851 1407 2946 paucis
1425 2844 1524 2920 instar
1538 2855 1690 2922 omnium
1712 2851 1886 2930 recenseo.
1896 2855 1937 2948 f)

1147 3032 1175 3118 i.
1224 3029 1356 3106 xxil.

633 3153 672 3220 itt
694 3148 779 3218 vlam
798 3144 916 3229 redeo,
942 3141 1021 3214 dum
1038 3143 1078 3214 ad
1092 3146 1329 3218 authoritatem
1346 3146 1484 3242 Imperii
1501 3144 1534 3215 dt
1557 3147 1778 3241 imperatoris
1796 3146 1897 3220 coaeri
1913 3151 1974 3218 Ma·

517 3244 666 3344 jessotcm
683 3245 867 3336 regredior.
917 3245 1240 3333 Stoismutiuus
1266 3248 1394 3341 quippe
1417 3268 1484 3316 non
1508 3267 1635 3315 tantum
1665 3242 1916 3320 constitutiones
1934 3269 1979 3312 an·

1949 3363 1976 3411 ib

559 3456 592 3534 b)
611 3453 683 3524 Vid.
699 3455 848 3518 Goion
860 3474 874 3516 s
887 3473 919 3517 r.
934 3453 1028 3518 Toni.
1040 3473 1068 3518 2·
1083 3474 1154 3537 Pug-
1168 3473 1220 3537 95·
1240 3453 1274 3517 dc
1290 3455 1462 3555 Bullatium
1476 3455 1571 3519 Toni.
1585 3454 1610 3520 I.
1630 3475 1701 3538 pag,
1721 3473 1796 3542 275·
1853 3340 1947 3417 ‘edla

560 3577 590 3652 c)
618 3571 691 3638 Vid.
718 3571 849 3636 Hnnn.
875 3571 972 3636 Cotto.
990 3571 1084 3635 Totn.
1102 3585 1132 3648 8.
1155 3574 1279 3637 Colum.
1297 3592 1369 3655 923.
1388 3573 1421 3636 dc
1441 3572 1615 3636 Bulltrium
1639 3574 1735 3637 Tum.
1749 3573 1773 3639 I.
1794 3595 1868 3658 pag.
1882 3594 1951 3659 300.

560 3692 599 3775 d)
623 3690 941 3837 lqdqilsqnlo'prn.
963 3685 1058 3760 Toto.
1080 3694 1134 3757 cit.
1150 3703 1178 3766 8.
1197 3690 1267 3764 Col.
1286 3703 1375 3776 1483.
1398 3694 1430 3756 iu
1455 3693 1537 3775 App.
1562 3690 1656 3758 Coos.
1671 3692 1768 3758 etiam
1797 3692 1861 3775 §§.
1874 3687 1983 3759 XVIII.

667 3794 715 3844 ,0.
746 3795 762 3833 u
788 3820 795 3836 .
823 3793 908 3845 ,1,1.

561 3891 596 3974 e)
618 3888 647 3954 V
652 3889 691 3951 id.
710 3888 742 3967 §.
755 3887 809 3952 Vl.
843 3889 1002 3954 Volumus
1020 3889 1135 3959 etiam,
1157 3888 1321 3953 hortamur
1339 3887 1374 3951 dt
1393 3892 1579 3973 requirimus
1602 3888 1685 3972 ipsos
1707 3885 1865 3952 Praelatos
1887 3887 1984 3952 Eccita

639 3972 797 4039 littlliros,
824 3985 859 4031 ut
880 3970 959 4032 hane
974 3972 1108 4040 nostram
1129 3971 1247 4052 Legem
1268 3971 1302 4032 dt
1328 3971 1594 4038 constitutionem
1609 3974 1640 4034 in
1665 3969 1807 4052 Synodis
1827 3971 1863 4034 ἂ
1885 3971 1986 4036 Eccle-

638 4052 688 4114 liis
704 4053 853 4130 publicari
875 4064 1061 4134 procurent,
1082 4051 1116 4114 dc
1132 4053 1269 4134 requilitl
1288 4059 1513 4118 executionem
1532 4071 1694 4138 poenarum
1710 4051 1745 4116 dt
1770 4051 1986 4117 sententiatum

639 4135 850 4205 denuncient,
867 4155 905 4196 ne
920 4138 950 4197 in
966 4134 1123 4214 praemissis
1144 4137 1337 4201 excedentes
1354 4156 1409 4221 per
1422 4136 1596 4200 limulatarn
1618 4136 1837 4218 ignorantiam
1853 4131 1920 4199 suas
1932 4154 1988 4198 tm·

640 4215 728 4277 licias
750 4218 877 4279 valeant
899 4217 1058 4281 excusare.

561 4329 605 4414 s)
628 4332 802 4412 Antiquom
826 4335 990 4418 exemplar
1010 4333 1142 4417 poffidet
1171 4334 1368 4399 Bibliotheca
1397 4335 1491 4418 hujus
1520 4336 1625 4400 Almat
1649 4330 1879 4400 Univeriltatis
1896 4332 1991 4407 Julio·

560 4419 565 4430 '
641 4413 790 4483 llttcslis.
813 4421 900 4495 quod
923 4418 986 4480 vid.
1009 4436 1080 4497 pag.
1094 4435 1143 4497 23.
1165 4419 1217 4480 ubi
1243 4417 1412 4482 Psrnus
1440 4416 1524 4480 titali
1553 4418 1658 4481 saneti
1687 4415 1808 4481 Vitalis
1836 4415 1991 4496 Presbyter

639 4493 856 4557 cardinalis&
880 4500 904 4560 li
927 4499 1052 4577 iscnpus
1073 4500 1275 4578 Augustanus
1290 4522 1331 4568 ex
1351 4500 1460 4564 illustri
1473 4499 1599 4564 familia
1620 4519 1670 4562 or
1692 4496 1993 4562 Scrcauatastto

641 4578 772 4637 eandem
790 4579 983 4642 tranamtfisse
997 4581 1158 4653 laudatur,
1183 4591 1277 4663 atque
1289 4586 1319 4646 in
1336 4582 1398 4650 stne
1413 4601 1483 4668 pag.
1498 4601 1551 4668 90.
1577 4582 1631 4650 sub
1647 4578 1781 4650 nomine
1800 4579 1833 4650 N
1841 4593 1994 4652 Icum

642 4657 683 4735 V.
704 4657 795 4748 Papae
815 4660 922 4733 denuo
940 4662 1125 4731 consternata
1143 4663 1271 4750 legitur.
