5017 5592
513 653 586 730 DE
599 651 745 730 vulto
761 649 831 727 ET
844 647 1086 725 GENUlNO
1103 645 1299 726 LlBERT.
1314 645 1461 730 'ECCL
1486 651 1647 731 GERM.
1663 649 1905 732 FUNDAM.
1921 659 1991 735 611
2107 674 2111 682 ·

512 857 632 916 mero,
658 833 859 932 prudentem
876 828 1105 904 existimarunt
1121 832 1251 928 antiqui
1272 836 1325 906 lan
1350 855 1481 907 erantcs
1505 829 1782 934 ampliffitnorutn
1798 833 1832 908 dt
1850 829 1991 935 opulan-

513 930 714 1004 tiliimornm
736 934 932 1023 Regnorum
959 931 1123 1013 Domini,
1150 857 1394 1003 luminaribus
1420 931 1522 1005 hodie
1545 935 1724 1006 territoriis
1752 938 1887 1032 ingenti¹
1904 930 1992 1036 saepe

541 1035 652 1103 iorum
670 1035 738 1102 Cot
765 1053 863 1100 orum
879 1027 1093 1108 multitudiue
1109 1028 1354 1102 abundantibus
1369 1033 1552 1129 impietatis
1567 1036 1641 1128 quis
1651 1056 1793 1124 arguere
1804 1031 1909 1106 aulici
1931 1039 1990 1108 Li·

511 1055 633 1201 benur
647 1151 717 1200 tum
733 1054 844 1200 Xtctat
863 1127 1028 1199 bonorum
1044 1130 1078 1197 in
1096 1123 1254 1200 Ecclelias
1270 1125 1371 1201 semel
1391 1130 1591 1201 collatorum
1606 1132 1639 1200 in
1655 1153 1772 1201 manus
1790 1129 1889 1204 laicas
1903 1133 1992 1207 tedi-

511 1249 592 1308 tua,
606 1227 798 1322 largiusque
813 1222 892 1320 ipsas
907 1224 1054 1317 Regibus
1069 1249 1105 1297 ac
1126 1226 1376 1324 Imperantibua
1391 1227 1433 1300 de
1449 1229 1490 1298 iis
1507 1251 1572 1323 pro
1594 1222 1777 1308 neceli‘ttate
1795 1227 1827 1301 dt
1842 1230 1993 1326 indigen-

510 1328 562 1398 tia
583 1327 694 1396 Status
715 1322 764 1396 sui
790 1324 836 1394 dil
864 1322 986 1394 nnendi
1010 1318 1166 1404 facultas,
1192 1348 1266 1421 qua
1289 1317 1470 1401 hodie'aec
1488 1322 1566 1425 iplis
1591 1329 1693 1401 etiam
1715 1321 1891 1430 Episcopia
1916 1330 1993 1428 lege

510 1422 724 1496 alienationis
738 1349 944 1521 prohibitiva
956 1417 1123 1494 oblitiilia
1146 1418 1307 1521 supetast.

630 1559 679 1627 Ex
694 1554 747 1627 his
763 1552 947 1628 rationibus
966 1552 1112 1628 libertati
1130 1549 1282 1628 Ecclesta
1294 1579 1363 1628 non
1447 1578 1551 1649 agnat
1565 1581 1733 1632 novorum
1745 1556 1914 1632 bonorum
1931 1558 1996 1638 im·

510 1645 693 1726 mobilium
710 1655 744 1724 in
760 1677 814 1725 eas
831 1653 1079 1726 translationem
1098 1651 1131 1725 dt
1147 1650 1397 1749 acquilitiontm
1427 1678 1481 1725 tne
1494 1651 1629 1753 speciali
1646 1659 1741 1730 venia
1756 1658 1866 1742 Ptinci
1895 1659 1922 1729 ia
1938 1655 1996 1733 de·

511 1747 616 1846 super
637 1751 864 1848 impetranda,
891 1776 965 1848 quae
986 1753 1195 1824 amortizatio
1217 1751 1358 1838 dicitur,
1384 1749 1586 1848 probiberc3
1612 1778 1690 1826 cum
1712 1754 1841 1830 &nece
1867 1776 1928 1828 stas
1953 1779 1994 1828 ac

509 1850 641 1922 utilitas
658 1874 714 1923 aut
729 1848 847 1922 Cultus
864 1850 968 1920 diaini
985 1851 1086 1923 decor
1102 1851 1225 1947 aliique
1242 1847 1321 1922 usus
1336 1849 1379 1921 de
1391 1846 1424 1922 l'e
1442 1846 1574 1946 piilstmi
1587 1848 1665 1924 suot
1686 1852 1831 1926 babeant
1849 1853 1972 1926 limites
1979 1876 1993 1940 3

509 1944 749 2021 abundantiam
764 1972 846 2021 vero
863 1944 1101 2044 superductus
1118 1949 1215 2021 iritus
1236 1945 1385 2022 Eccleliae
1405 1945 1605 2034 abborteat;
1629 1950 1837 2049 Reipublicoe
1857 1971 1996 2026 eoonma

510 2045 702 2145 plurimum
718 2045 844 2119 interfit
858 2069 956 2121 venas
971 2044 1061 2129 luas,
1083 1973 1165 2118 abacto
1177 2045 1220 2118 ad
1233 2069 1358 2144 corpus
1373 2043 1636 2122 Eccleballieum
1650 2043 1994 2134 solumdefertantitr,

509 2167 583 2218 aton
597 2144 786 2236 exhauriri,
809 2169 869 2217 nec
883 2142 1004 2240 opibus
1021 2143 1283 2239 temporalibus,
1303 2167 1462 2237 tanquam
1481 2141 1603 2240 spiritu
1622 2142 1685 2218 suo
1706 2148 1817 2233 vitali,
1841 2170 1881 2220 ut
1898 2170 1995 2222 vocat

511 2245 724 2325 Ltrstus,
740 2246 776 2335 l)
802 2240 953 2323 destitui,
979 2241 1044 2313 stne
1066 2239 1187 2337 quibus
1205 2265 1269 2313 nec
1292 2237 1464 2314 subistere
1486 2245 1698 2340 Principem,
1714 2270 1784 2332 ,nec
1806 2269 1912 2321 onera
1932 2269 1994 2342 pu·
2137 2307 2145 2320 ,

510 2339 600 2414 blica
617 2341 648 2414 dt
665 2339 873 2414 securitatem
891 2364 927 2411 ac
944 2336 1141 2423 felicitatem
1158 2340 1282 2412 citium
1298 2336 1482 2413 sustentate
1493 2342 1563 2414 erit
1581 2337 1745 2440 poll'tbile·
1796 2339 1996 2442 Aequilitio·
2055 2409 2058 2414 .

510 2463 591 2511 netn
605 2443 709 2532 igitur
722 2441 824 2511 totius
837 2437 918 2510 duan
934 2441 1093 2537 Princeps
1107 2433 1223 2510 saltem
1239 2441 1274 2510 in
1291 2440 1392 2510 certis
1409 2437 1666 2513 circumstantiis
1681 2463 1720 2514 ac
1740 2436 1809 2513 linc
1828 2443 1925 2516 venia
1936 2438 1995 2514 l'ua

509 2537 698 2636 prohibete
716 2535 843 2634 potest,
868 2538 944 2632 quis
965 2560 1058 2617 eant,
1086 2559 1152 2633 qua
1171 2535 1254 2607 alias
1278 2533 1484 2634 Reipublicae
1506 2534 1653 2630 obligata
1673 2535 1826 2621 fucrant,
1849 2561 1995 2618 onettun

511 2634 727 2736 publicorum
745 2658 875 2735 pattetn
890 2630 948 2706 sabi
962 2631 1185 2733 praesctvaodi
1197 2656 1255 2710 aut
1266 2634 1510 2735 retinendiJus
1524 2635 1635 2711 eidem
1649 2635 1851 2732 denegabit?
1862 2638 1896 2734 t)

1110 2832 1143 2923 ᾗ.
1188 2826 1392 2905 XXXIV.
1533 2901 1538 2910 ,

628 2969 786 3064 Denique
805 2964 975 3038 libertates
999 2960 1068 3036 istas
1090 2964 1244 3064 tegulam
1270 2985 1401 3038 tanturn
1426 2961 1652 3049 conllituunt,
1680 2987 1759 3064 quae
1782 2985 1895 3082 tamen
1921 2961 1996 3040 sun
2031 2933 2035 2938 Ι

511 3069 615 3144 ‘¹⁵¹³'
637 3066 1277 3235 ‘llll‘'ll“ll‘ltl‘lillll‘3·
1303 3063 1695 3235 alllll‘lnll?
1717 3061 1997 3236 XXXX

511 3163 873 3345 Xibltbfibibiismfbten
902 3187 1146 3330 bontrosctlbas
1167 3210 1281 3339 veto:
1299 3282 1373 3353 quae
1398 3258 1488 3330 ltine¹
1504 3211 1583 3332 inde
1609 3260 1651 3331 de
1671 3211 1773 3332 ebriis
1818 3187 1997 3333 uibucbnn

510 3359 763 3460 exceptionibus
786 3384 827 3432 eo
847 3354 1094 3447 pettinentibus
1109 3355 1296 3427 etiamnum
1311 3377 1507 3435 mouentur,
1531 3353 1671 3428 definire
1693 3379 1710 3424 a
1731 3285 1884 3452 praeXenti
1906 3354 1996 3428 inlli-

511 3483 588 3534 tuto
604 3455 740 3558 prorsus
755 3458 914 3529 alienum.
961 3458 1025 3525 Eas
1039 3454 1196 3526 duntarat
1212 3447 1352 3523 llriflin
1368 3449 1562 3547 percensere
1572 3455 1702 3525 animus
1715 3450 1779 3537 cll,
1796 3478 1870 3551 quae
1882 3452 1996 3551 quoad
2120 3495 2132 3512 ι

509 3583 619 3632 onera
642 3558 745 3631 realia
768 3553 1004 3649 superioritati
1024 3551 1242 3625 Tctritotiali
1268 3553 1304 3620 in
1330 3545 1455 3621 calibua
1476 3551 1748 3622 extraotdinariia
1774 3548 1867 3623 saltat
1896 3551 1998 3623 teliu·

510 3659 677 3756 quuntur.
727 3658 811 3729 Sunt
833 3675 946 3725 autem
968 3650 1053 3735 illae,
1077 3675 1159 3749 quas
1178 3645 1321 3722 Ecclesta
1343 3644 1484 3742 ipsamet
1503 3651 1538 3721 in
1559 3669 1706 3746 ustoque
1726 3648 1880 3722 Concilio
1900 3654 1997 3721 Late·

1237 3747 1318 3819 Hlt
1340 3746 1402 3819 lab
1429 3769 1455 3820 a
1867 3745 1999 3822 ranenli

540 3911 547 3925 '
628 3919 800 3986 Eccleliatn
813 3917 937 3982 traditae
951 3915 1043 3990 sunt,
1066 3924 1124 3979 ant
1141 3913 1310 3979 reddantur
1327 3914 1463 4000 propriis
1478 3913 1682 3989 baetedibna,
1701 3925 1760 3981 aut
1778 3916 1834 4002 qui
1847 3915 1997 3984 eatreti-

629 4006 752 4077 nnetit,
771 4003 860 4067 illum
875 4000 998 4065 ceulam
1012 3998 1182 4082 persolvat.
1225 3995 1329 4062 Item:
1352 3998 1534 4082 quicunque
1549 4011 1662 4061 tertam
1674 4001 1890 4073 tributariam,
1910 4000 1997 4066 unde

630 4089 785 4151 tributum
801 4085 839 4146 ad
857 4096 975 4164 pattetn
989 4080 1124 4144 nostram
1138 4081 1229 4144 exite
1241 4080 1381 4153 solebat,
1400 4081 1456 4143 vel
1470 4081 1510 4144 ad
1527 4079 1715 4153 Ecclesiam,
1737 4082 1792 4144 vel
1805 4083 1938 4147 collibet
1950 4084 1998 4148 al·

475 4229 478 4234 .
631 4172 690 4233 teri
707 4167 888 4239 tradidetit,
908 4169 954 4237 is,
973 4165 1026 4244 qui
1042 4184 1109 4226 eam
1124 4162 1308 4245 susceperit,
1328 4165 1502 4236 tributum,
1514 4163 1600 4243 quod
1615 4164 1688 4225 inde
1701 4165 1892 4239 solvebatur,
1906 4167 1997 4232 oanni

631 4252 780 4313 modoad
797 4261 916 4331 pattetn
935 4246 1069 4310 nostram
1090 4245 1248 4326 persolvat
1262 4266 1273 4320 3
1296 4245 1351 4307 nist
1367 4244 1453 4308 forte
1467 4244 1562 4306 talem
1578 4243 1761 4310 firmitatem
1772 4247 1815 4309 de
1826 4262 1915 4328 parte
1927 4249 1999 4311 Do·

632 4335 746 4399 uinica
764 4333 887 4405 babeat,
900 4347 955 4414 pet
968 4347 1061 4411 quatu
1076 4329 1229 4391 tributum
1244 4328 1344 4411 ipsum
1360 4327 1426 4405 fibi,
1440 4328 1648 4410 petdouatum
1663 4326 1758 4412 poliit
1770 4331 1944 4396 ostendere.
1953 4372 1977 4408 „

558 4453 596 4543 b)
617 4451 654 4516 ln
677 4449 787 4516 θοᾶν.
807 4449 879 4514 Civ.
897 4445 965 4510 Lib.
989 4466 1019 4528 5.
1039 4444 1074 4509 C.
1087 4443 1119 4510 ό.

555 4573 590 4662 a)
615 4570 709 4634 Conl.
736 4571 789 4650 qui
813 4568 852 4630 de
867 4564 983 4647 juliitia
1004 4565 1084 4645 legis
1112 4563 1369 4627 amoninationis
1388 4561 1547 4644 prolixius
1574 4561 1767 4644 scripserunt.
1822 4561 1996 4626 Praesertim

501 4675 515 4710 .·
634 4653 842 4718 (iuraras
863 4649 1032 4712 Anatotnia
1051 4644 1187 4719 Jutidica
1207 4646 1324 4724 Quaest.
1343 4664 1371 4708 2.
1390 4645 1425 4708 dt
1522 4648 1718 4730 ntubttutt
1732 4644 1997 4727 willihianum

635 4665 1545 4816 &claritattatadintellmiltttttuatlatttbillta,
2018 4765 2025 4778 ι
