5017 5592
505 651 578 739 194
692 624 1188 731 uissaitrn‘rioioius
1211 629 1405 710 vnacici
1426 579 1801 710 seccasiasrici
1901 647 1904 652 ·
1979 619 1984 626 ·

504 819 734 917 adjumentum
757 816 789 890 dt
815 770 1076 913 impertiendum
1098 811 1261 885 saecularia
1287 809 1416 885 brachii
1440 812 1601 885 auxilium
1624 809 1870 910 Principibus,
1891 815 1982 887 Duci-

436 945 440 954 ·
506 915 797 1003 bramancionus,
811 913 1014 1012 Batonibus,
1026 909 1236 994 Consulibus,
1250 909 1450 983 Reslocibus
1465 935 1521 984 aut
1537 910 1755 1009 potestatibus
1771 913 1963 1008 injunxitl)

622 1049 725 1121 Unde
755 1045 956 1120 concludere
976 1045 1055 1118 licet
1078 1045 1208 1118 nullum
1225 1041 1289 1118 esse
1309 1044 1501 1118 libertatum
1525 1042 1678 1118 Ecclesie
1702 1045 1911 1130 articulum,
1931 1045 1977 1118 cui

506 1173 575 1222 uon
589 1147 701 1247 aliqua
715 1147 816 1254 hujus
837 1142 1080 1218 constitutionis
1102 1149 1504 1219 Simusuunntnss
1525 1169 1606 1244 pars
1632 1139 1853 1237 suffragetur.

1126 1371 1161 1457 §.
1209 1366 1368 1443 XXlll.
1453 1391 1464 1419 1

623 1499 791 1575 Mutarim
808 1501 934 1574 interea
950 1500 1131 1576 admodum
1151 1498 1245 1574 fuisse
1262 1497 1406 1572 sormam
1423 1524 1459 1571 ac
1482 1496 1619 1596 syllema
1636 1500 1778 1598 Imperii
1799 1449 1979 1598 publicum,

414 1687 416 1696 Ι
507 1625 608 1677 nemo
629 1600 692 1685 cst,
718 1603 776 1696 q‘ui
798 1602 948 1692 ignoret;
972 1602 1053 1672 dum
1077 1607 1229 1674 Statuum
1246 1604 1279 1670 in
1303 1597 1523 1692 singularibus
1547 1600 1741 1671 Ditionibus
1759 1597 1830 1670 suis
1850 1595 1981 1693 poteslas

506 1699 623 1775 sensim
649 1704 791 1769 maxima
816 1700 907 1791 cepit
932 1700 1152 1781 incrementa,
1177 1721 1278 1795 atque
1298 1697 1464 1790 inillpd,
1486 1721 1554 1793 quo
1575 1722 1663 1769 nunc
1689 1699 1922 1794 Superiorirar
1944 1699 1982 1776 ia
2008 1773 2011 1778 ,

508 1797 597 1872 dan
615 1796 850 1870 Tetricorialis
865 1793 1047 1891 Majeslatit
1063 1798 1182 1869 emula
1203 1800 1345 1877 eminet,
1362 1791 1531 1887 fastigium
1548 1795 1690 1868 emersit.
1737 1801 1818 1865 lmo
1835 1791 1982 1867 &Nobi-

505 1900 581 1971 litas
598 1898 736 1991 Imperii
756 1893 948 1965 immediata
962 1896 1098 1968 eosdem
1119 1894 1232 1968 saltem
1256 1891 1396 1966 effeslus
1417 1918 1494 1965 cum
1510 1893 1652 1988 reliquis
1675 1890 1828 1980 Staribus
1845 1917 1983 1966 eommu-

374 2057 381 2084 ,
506 2001 565 2069 nes
582 2019 643 2091 per
660 1994 750 2086 leges
770 1994 870 2061 eiiam
894 1990 1043 2086 publicas
1065 1991 1199 2067 assertos
1218 1990 1353 2088 poslbac
1372 1989 1547 2063 consecuta
1571 1988 1647 2065 fnit.
1711 1996 1794 2090 Qio
1807 1997 1927 2084 ⁸iniistis
1942 2013 1982 2062 ts·

470 2147 480 2162 r
506 2120 583 2168 men
601 2089 739 2164 Ecclesia
766 2093 956 2163 Germaniae
979 2092 1097 2163 iisdem
1124 2096 1263 2163 omnino
1286 2085 1560 2161 vicissitudinibus
1584 2089 1617 2160 di
1641 2085 1719 2160 fatis
1741 2114 1823 2160 cum
1847 2091 1982 2161 multuo

506 2191 554 2264 sui
571 2192 773 2304 detrimenqo
792 2189 1040 2283 implicaretur,
1064 2193 1182 2286 primis
1200 2188 1332 2283 semper
1349 2190 1487 2257 inauris
1505 2193 1692 2260 numeravit
1707 2191 1915 2280 imperium.

496 2385 499 2392 .
623 2325 778 2419 Antiqnae
793 2321 858 2415 jam
873 2319 1046 2393 divisiones
1065 2325 1203 2420 lmperii
1217 2317 1313 2392 fasta
1331 2317 1506 2402 Ecclesiam
1523 2323 1555 2388 iri
1571 2319 1725 2391 omnibus
1743 2315 1890 2402 salvam,
1905 2319 1981 2414 ejus·
1997 2399 2009 2412 ⁸

480 2455 482 2466 ·
505 2419 723 2522 quesyslema
740 2420 972 2512 Regiminis&
1001 2424 1111 2493 Status
1133 2424 1258 2500 externi
1280 2423 1448 2512 integrum
1477 2415 1706 2514 intaslumque
1728 2415 1978 2515 preservatum,

503 2545 608 2622 prout
626 2523 748 2594 chartae
771 2514 939 2589 divisionis
958 2521 1045 2592 inter
1069 2525 1313 2593 Luuuvicr
1339 2520 1409 2590 Pii
1447 2513 1533 2588 filios
1556 2514 1708 2615 superius
1735 2516 1810 2612 jam
1838 2517 1975 2612 allegare

503 2619 658 2723 pluribus
682 2618 925 2708 courtisans)

617 2754 720 2826 Unde
736 2755 860 2822 mirum
879 2774 945 2820 non
961 2745 1024 2831 ell,
1047 2748 1098 2821 bis
1114 2750 1215 2820 etiam
1239 2747 1467 2845 temporibus,
1494 2747 1549 2820 ubi
1570 2751 1756 2842 imperium
1775 2749 1813 2820 in
1837 2770 1886 2821 tot
1904 2768 1972 2822 tem·

505 2879 572 2953 que
589 2851 732 2924 diversas
752 2852 904 2927 lacinias,
926 2851 958 2917 in
976 2871 1025 2917 rot
1040 2851 1157 2942 Capita
1175 2846 1300 2942 majora
1322 2847 1354 2918 di
1373 2852 1501 2917 minora
1519 2846 1631 2918 l'ensm
1657 2841 1828 2918 discissum
1850 2843 1928 2926 fuit,
1944 2845 1970 2913 in

504 2956 667 3024 unitatem
684 2973 793 3019 tamen
818 2969 845 3015 c.
866 2947 1076 3015 concordiam
1103 2952 1266 3035 integram
1287 2946 1503 3026 Ecclesarnin
1522 2953 1554 3014 in
1578 2944 1714 3014 diverlis
1740 2945 1822 3016 licet
1839 2941 1969 3041 parribus

504 3051 645 3143 Imperii
669 3044 724 3115 dis
743 3043 889 3115 ersarnm
906 3066 967 3135 per
984 3042 1087 3111 editas
1105 3044 1200 3113 hasce
1218 3047 1457 3138 imperatorias
1475 3046 1563 3136 leges
1582 3046 1710 3138 antiqui
1734 3040 1874 3142 semper
1888 3036 1970 3139 sylle-

504 3148 604 3226 mstis
619 3071 769 3216 colludas
789 3143 998 3230 invigilatum
1018 3137 1124 3212 fuisse.
1428 3176 1433 3188 ·

1900 3275 1969 3344 Hes

546 3443 582 3526 d)
606 3441 690 3530 Quin
709 3442 808 3503 immo
826 3444 927 3521 magis
951 3441 1103 3529 volumus
1120 3439 1153 3503 dr
1169 3421 1418 3505 mandimus'sub
1436 3444 1540 3506 banno
1559 3442 1592 3507 bc
1614 3464 1706 3522 poena
1732 3447 1885 3527 proxime
1897 3442 1968 3590 supra

618 3527 721 3595 dista,
742 3542 778 3586 ut
798 3523 972 3606 Principes,
993 3524 1118 3594 Duces,
1136 3525 1297 3596 Comites,
1323 3526 1477 3600 Ramnes,
1502 3527 1702 3600 Comitatus,
1727 3529 1904 3602 Consules,
1941 3548 1967 3586 e·

618 3606 743 3678 stores,
760 3628 797 3669 ac
812 3608 842 3669 in
865 3607 998 3679 olliciis,
1018 3606 1213 3670 dominiis&
1238 3608 1444 3687 potestatibus
1467 3611 1624 3691 praeditlis
1643 3609 1832 3684 constituti,
1853 3613 1968 3696 quirun·

619 3707 681 3770 qne
694 3689 732 3751 ab
753 3688 1031 3770 impedimentis&
1047 3688 1291 3771 usucapionibus
1310 3709 1412 3754 rerum
1426 3691 1459 3754 dt
1480 3696 1637 3754 bonorum
1660 3693 1851 3758 relistorutu
1876 3693 1969 3774 hujus·

618 3772 724 3840 modi,
746 3769 779 3832 dr
795 3792 811 3832 a
829 3767 984 3852 praediitii
1006 3773 1159 3835 violentis
1179 3771 1469 3853 hospitalitatibus,
1490 3773 1720 3857 vestigalibus,
1739 3775 1906 3851 serviciis,
1923 3793 1969 3838 ex·

618 3853 816 3923 astionibus,
846 3851 878 3914 δι
901 3855 1107 3935 petitionibus
1128 3854 1314 3935 hujusmodi
1335 3858 1526 3919 colonorum
1548 3855 1581 3919 dr
1604 3857 1805 3922 subditorum
1824 3855 1965 3922 Ecclelit·

617 3935 761 3999 sticarum
782 3935 1001 4011 personarum,
1026 3936 1059 3999 dr
1078 3939 1116 4000 ab
1137 3939 1369 4019 impedimentis
1391 3937 1424 4000 dt
1446 3941 1734 4021 perturbationibus
1759 3939 1970 4006 Ecclefiiltiie

617 4018 848 4101 jurisdictionis
870 4021 1002 4078 omnino
1015 4017 1180 4081 desiliant:
1212 4020 1279 4084 Nec
1303 4035 1413 4101 captos
1433 4041 1491 4084 neo
1511 4021 1663 4084 abduslos
1683 4023 1822 4087 rebelles
1846 4039 1969 4106 repetem

507 4175 510 4183 Ι
618 4102 672 4164 vel
691 4103 788 4183 repeti
803 4100 905 4162 facete
923 4103 1108 4182 praesumant
1125 4121 1132 4162 t
1158 4103 1224 4164 Nec
1243 4121 1307 4162 non
1322 4103 1458 4183 requisiti
1474 4107 1553 4165 tntis
1569 4109 1689 4167 viribus
1706 4105 1862 4184 persinas
1876 4105 1968 4169 berle·

617 4183 749 4246 ssallicas
767 4188 796 4244 in
821 4183 998 4265 praemissis,
1021 4206 1056 4244 ac
1074 4185 1324 4263 jurisditlinoam
1345 4186 1527 4266 hujusmodi
1554 4185 1804 4252 Ecclesiasticsm
1830 4206 1968 4253 exerces·

616 4281 683 4338 tea,
703 4267 875 4348 adjuvent,
895 4265 928 4326 ἃ
948 4266 1115 4346 diligenter
1128 4267 1189 4328 line
1202 4270 1289 4330 omni
1307 4269 1459 4332 dilatione
1477 4269 1643 4332 adhibeant
1659 4268 1692 4330 dr
1709 4287 1878 4352 apponant
1888 4271 1966 4332 anxi·

616 4349 694 4411 liutai
710 4350 825 4410 brachii
841 4349 1000 4418 secularis,
1022 4363 1055 4410 nt
1072 4350 1198 4412 libertis
1221 4349 1432 4413 Ecclesiastico
1459 4365 1740 4425 manuteneantur,
1760 4352 1798 4417 uc
1812 4367 1850 4418 ut
1868 4348 1969 4417 subditi

617 4431 766 4496 rebelles,
790 4430 947 4493 criminosi
964 4429 997 4492 dr
1019 4433 1256 4512 delinquentes,
1278 4436 1381 4496 modis
1402 4433 1541 4514 praelatis
1557 4434 1718 4505 sutilius,
1745 4451 1849 4520 prout
1865 4437 1968 4501 eisdeu

617 4510 871 4586 Juriaditttonem
894 4511 1136 4576 Ecclesiasticam
1158 4517 1381 4579 exercentibus
1402 4516 1598 4596 conjunclim
1613 4518 1668 4582 vel
1686 4519 1817 4584 divisim
1834 4517 1969 4606 expeditt

616 4594 797 4663 videbitur,
823 4597 916 4675 digna
941 4596 1210 4660 animadversione
1232 4596 1457 4681 confligamus.

541 4715 578 4796 a)
598 4711 830 4778 Dissertatiouia
845 4711 1006 4798 praeseutls
1025 4717 1058 4796 s.
1070 4713 1176 4784 xvil.
1191 4715 1253 4781 Lit.
1268 4737 1298 4782 a.
