5017 5592
361 727 363 732 ,
504 664 574 742 572
689 623 1029 709 utsstttarto
1050 623 1185 722 rutra
1207 621 1401 700 tuomet
1421 621 1791 732 accttstnstrct
1873 693 1880 702 .

501 820 643 902 effertur
658 834 714 888 aut
727 808 895 891 asseritur,
914 809 1057 879 Decreta
1071 828 1110 877 ex
1130 802 1332 876 authoritate
1349 805 1542 902 Principum
1558 801 1711 904 profesio
1725 803 1811 894 eise3
1834 810 1971 884 netolic

411 997 415 1008 ,
501 943 614 997 tamen
630 917 681 987 hia
697 912 798 986 etiam
820 907 937 1003 opinio
953 898 1017 976 fuit
1033 928 1072 975 ex
1087 900 1155 999 ipsa
1171 927 1209 974 ea
1230 901 1419 974 celebrandi
1434 909 1565 978 rarione
1581 905 1615 978 dt
1630 929 1746 978 rerum
1768 907 1888 982 indole
1902 906 1973 982 satia

409 1011 411 1016 ¹
502 1011 689 1118 perspeiia.
739 1006 823 1080 nliae
838 1005 973 1076 demum
990 999 1083 1082 sunt,
1105 1025 1178 1097 quat
1194 998 1234 1069 ab
1250 997 1426 1096 Episcopia
1443 1001 1474 1073 dr
1491 1001 1628 1073 summis
1651 999 1873 1079 Pontificibus
1888 1003 1975 1104 ipsis·

501 1111 627 1192 mersu
656 1129 746 1180 rema
766 1101 858 1174 stmul
882 1099 1083 1171 authoritate
1102 1097 1280 1193 temporali
1302 1097 1452 1192 preditis
1478 1096 1791 1195 proficiscebantur,
1814 1127 1975 1200 querum

390 1273 393 1280 .
502 1136 696 1289 Canonissua
710 1196 860 1274 Ecclesiae
880 1196 981 1288 vulgo
1004 1191 1147 1267 confuse
1167 1196 1396 1290 reperiuntur.
1447 1199 1532 1268 Haec
1557 1201 1644 1269 ratio
1662 1201 1751 1271 inter
1776 1224 1834 1272 eaa
1852 1204 1974 1274 nonin·

503 1307 583 1384 fima
605 1301 773 1378 numerari
798 1291 923 1393 potest,
946 1316 1050 1387 quare
1068 1318 1134 1363 non
1152 1314 1280 1362 tantum
1305 1288 1501 1375 Pontifices,
1522 1291 1578 1365 sed
1603 1294 1809 1369 &Concilio
1826 1299 1862 1370 in
1885 1301 1975 1372 Occi·

502 1410 619 1487 dente,
638 1405 672 1474 in
683 1396 868 1474 'Germania
883 1415 919 1462 ac
936 1393 1051 1461 Romae
1068 1391 1237 1486 precipue
1254 1387 1367 1460 habita
1381 1390 1457 1487 pius
1472 1392 1647 1489 quidpiam
1662 1397 1750 1464 circa
1764 1418 1821 1465 rea
1836 1394 1984 1492 ejusmo-

403 1533 405 1538 ·
480 1506 538 1580 'di
554 1501 671 1577 statum
692 1501 791 1568 etiam
806 1489 983 1561 Politicum
999 1511 1077 1559 cum
1098 1482 1321 1559 Ecclesrasiice
1346 1487 1556 1583 implicantes
1580 1486 1637 1560 sibi
1656 1487 1879 1587 sumpserint,
1900 1497 1974 1592 quin

532 1601 669 1676 rimatio
690 1588 822 1687 semper
844 1582 1064 1665 intenderint,
1083 1608 1122 1656 ut
1140 1583 1257 1654 om'nea
1280 1581 1446 1677 ejusmodi
1466 1589 1622 1657 Canonea
1645 1593 1799 1660 omnium
1827 1593 1975 1664 Scatuunt

502 1629 772 1776 ghrissianotum
789 1685 880 1776 leget
894 1681 1088 1762 evaderent,
1112 1677 1169 1752 nisi
1188 1681 1239 1753 vel
1257 1683 1473 1754 Summorum
1489 1685 1682 1779 Principum
1694 1685 1763 1780 jam
1784 1685 1975 1762 consensum

503 1781 858 1898 praeceffisse'oossenr,
880 1801 937 1851 aur
959 1778 1047 1849 hunc
1069 1801 1187 1850 eorum
1213 1775 1384 1872 presentia
1411 1781 1462 1849 vei
1487 1804 1549 1874 per
1572 1778 1604 1851 se
1624 1781 1676 1855 rei
1699 1807 1762 1880 per
1786 1787 1975 1878 Legatoritr

504 1891 667 1969 Conciliia
685 1879 806 1956 diserte
825 1876 1025 1973 explicatum
1047 1873 1253 1956 obtinerent,
1277 1899 1333 1946 aut
1349 1876 1390 1946 de
1407 1873 1618 1948 subsecuturo
1636 1878 1818 1954 admodum
1835 1881 1975 1958 confide·

503 2011 599 2072 rent,
621 2005 722 2085 quem
736 1976 806 2076 ipsa
825 1973 902 2050 dein
920 1977 1050 2068 Legum
1072 1972 1235 2070 ejusmodi
1252 1977 1401 2070 receptio
1425 1998 1462 2048 ac
1482 1974 1639 2050 diuturna
1661 1973 1873 2054 observantia
1891 1979 2010 2096 tesia-q

502 2112 538 2167 tt
553 2083 629 2165 suit.

601 2247 605 2256 ,
1165 2171 1199 2262 §.
1245 2165 1315 2242 x1.

622 2311 708 2386 Non
723 2329 822 2383 unam
837 2297 980 2402 proinde
992 2293 1231 2376 esselibettatis
1246 2297 1464 2376 Ecclesrarum
1481 2306 1513 2376 in
1531 2301 1631 2380 reitua
1650 2329 1716 2380 tem
1744 2309 1897 2386 oralibua
1936 2315 1976 2388 ri.

507 2409 671 2506 vilegiatae
693 2405 837 2485 satiem,
859 2402 1085 2498 eandemque,
1113 2399 1323 2472 latitudinem
1347 2404 1380 2472 in
1405 2402 1559 2474 omnibus
1581 2333 1818 2492 Natiomzua,
1840 2409 1896 2482 sed
1912 2337 1976 2510 1piro

405 2555 411 2566 ·
507 2529 700 2628 temporum
722 2503 753 2576 dr
779 2499 930 2612 iocorum
951 2497 1188 2612 Regnorumre
1212 2493 1487 2613 vicisstudiniirua
1515 2524 1587 2572 eam
1611 2506 1738 2575 rariore
1761 2505 1923 2602 potuisse,
1942 2535 1976 2582 er

507 2612 563 2686 hta
578 2603 676 2721 secde
698 2598 940 2712 consequitur..
971 2601 1057 2668 Cum
1072 2620 1161 2709 emm
1184 2601 1370 2763 imperium
1385 2593 1422 2666 stt
1438 2623 1470 2710 tp
1492 2596 1649 2712 scelesta,
1677 2600 1709 2674 ἃ
1731 2603 1883 2720 ιῑςςιεῃ,Ι
1897 2631 1975 2704 quo,

508 2731 576 2807 ‘¹⁰‘
591 2703 629 2778 n
643 2729 676 2775 ¹⁰
691 2705 787 2866 ¹⁹¹¹?
790 2717 1061 2863 ‘dissitis'
1064 2715 1213 2861 'iiis‘
1253 2691 1566 2864 dissidii?
1582 2695 1654 2768 nn
1672 2721 1759 2865 '⁰³⁰5
1774 2699 1808 2868 ii
1824 2703 1975 2870 '‘¹¹⁸3‘2’

507 2803 810 3003 lpterssipassorsttitns·
828 2891 1021 2997 Germanici
1052 2815 1300 2959 recommodata
1325 2885 1393 2970 est,
1415 2815 1773 2964 Iioniidesarpewsdsir'acit
1790 2823 1974 2994 ‚³¹:1¹3an

509 3006 670 3168 pqimaeva
686 2986 835 3156 Ecqlcstae
857 2981 1050 3150 Christipnae
1071 2986 1268 3059 incunabula
1282 2985 1412 3071 redire,
1433 3012 1489 3061 aut
1504 2988 1545 3060 ad
1560 2989 1639 3061 aiiaa
1653 3012 1744 3064 extra
1760 2995 1974 3068 Germanum

554 3099 677 3166 aciones
694 3111 729 3159 re
744 3107 857 3182 prcere
873 3105 958 3176 opus
986 3102 1023 3153 rt.

1160 3181 1189 3270 §.
1242 3177 1334 3255 ΧΗ.

571 3295 575 3304 ’
625 3305 734 3406 Ipsam
745 3305 816 3400 ejus
832 3305 997 3395 originem
1011 3303 1044 3375 in
1060 3304 1242 3376 Germania
1257 3298 1356 3373 firmo
1373 3298 1447 3373 satis
1463 3296 1681 3374 fundamento
1704 3304 1885 3404 principiis
1900 3329 1974 3400 prc-

509 3403 643 3486 ssrussis
659 3411 801 3478 maxime
822 3397 990 3474 conformi
1012 3404 1107 3472 inniti
1126 3400 1350 3471 indubitatum
1373 3398 1429 3471 est,
1482 3405 1608 3494 Neque
1622 3403 1711 3472 enim
1732 3401 1789 3475 hic
1813 3409 1856 3476 ad
1875 3403 1975 3477 solum

511 3513 572 3607 Jua
588 3508 775 3577 Romanum
792 3499 899 3573 Civile
914 3497 977 3571 stre
993 3496 1206 3596 Jussianaeum
1230 3497 1469 3569 recurrendum
1485 3496 1580 3568 nobis
1595 3497 1651 3570 est.

555 3737 563 3754 ι
627 3640 766 3748 Quippe
791 3631 963 3748 infirmum
986 3632 1050 3703 hoc
1075 3630 1250 3727 permultis
1274 3627 1462 3744 presidium
1484 3626 1547 3702 esse
1570 3629 1723 3714 videtur,
1747 3630 1806 3716 dt,
1838 3631 1977 3730 speum

509 3726 1977 3928 distinxisset,‘rdiirzinsiiissrs“35:33Js'g‘2‘r2‘305332⁰33321

418 3963 422 3974 *
511 3953 603 4006 runt.
654 3938 699 4002 At
715 3950 797 4000 vero
811 3949 848 3997 ex
861 3947 957 3996 tuero
975 3946 1112 4018 recepto
1127 3922 1211 3994 illud
1233 3921 1401 4015 obligandi
1419 3927 1485 3994 vim
1503 3919 1645 4004 habere,
1670 3927 1757 3994 inter
1773 3949 1896 3999 omnes
1908 3951 1977 4002 con·

510 4030 614 4102 renit.
664 4026 766 4097 Unde
790 4044 1021 4119 quemcunque
1035 4021 1277 4114 Legislarorem
1297 4042 1354 4090 aut
1376 4023 1503 4091 Statum
1520 4023 1658 4115 Imperii
1682 4021 1792 4092 cidem
1810 4046 1877 4119 per
1892 4027 1973 4118 teger

507 4127 667 4223 proprias
685 4121 905 4195 Provinciaiea
922 4121 1104 4190 contrarias
1118 4118 1280 4210 derogare
1296 4113 1404 4213 posse,
1423 4113 1601 4190 necessario
1622 4116 1849 4215 consequitur.
1880 4127 1976 4220 Spon-

512 4243 610 4293 tanea
626 4225 753 4318 quippe
768 4220 857 4293 illius
879 4219 1071 4313 receptione
1094 4211 1165 4286 suaa
1187 4213 1246 4286 srbi
1270 4237 1386 4284 manus
1406 4215 1510 4307 ligare
1527 4213 1665 4288 voluisse
1690 4223 1791 4290 nemo
1836 4217 1975 4292 resunti-

515 4340 583 4394 tur.
634 4326 746 4412 Atque
762 4314 830 4415 ipsa
846 4315 902 4387 iiia
920 4315 1069 4411 receptio
1092 4314 1203 4409 potius
1227 4315 1341 4394 tacite,
1365 4312 1398 4383 dr
1420 4336 1482 4409 per
1500 4309 1688 4384 Doiiorum
1706 4317 1738 4383 in
1767 4241 1901 4389 sciolis
1921 4339 1977 4390 rre-

513 4414 675 4488 ditionem
695 4413 728 4486 dt
749 4417 1038 4508 provocationem,
1064 4436 1101 4490 ac
1116 4406 1349 4483 succedancam
1367 4411 1605 4483 Tribunaiium
1626 4413 1857 4510 Judtcumque
1877 4415 1973 4513 appii·

513 4517 679 4586 cationem
707 4507 1014 4607 observantiamque
1034 4506 1147 4583 sensim
1172 4503 1456 4606 propagamini,
1481 4531 1581 4609 quam
1598 4534 1661 4609 per
1677 4506 1921 4589 Ordinationes
1934 4512 1974 4583 di

514 4609 617 4689 sertas
634 4606 838 4708 ungulorum
853 4612 1125 4691 Tetricoriorum
1141 4603 1293 4685 stabilita.

1910 4708 1974 4784 Sin·
