5017 5592
1816 441 1828 480 κ
1943 439 1946 445 t

563 611 635 688 no
661 610 729 687 ro
748 610 897 712 Quot)
912 609 1114 709 Jusrun
1134 608 1226 686 usu
1246 575 1806 695 crncnoouortnrnoo.
1826 618 1894 700 oe.
1925 628 1994 723 sit

511 788 602 866 forte
617 815 696 865 runc
711 788 882 863 nesiorum
899 816 949 866 tot
965 798 1127 866 Patronus
1143 796 1345 866 inmunitatis
1366 790 1430 866 suae
1452 798 1561 880 retiis,
1593 818 1676 894 quot
1699 823 1786 873 nunc
1807 799 1906 877 hebet
1927 804 1997 880 Ad·

511 890 688 967 versarint.
739 892 802 963 Sed
820 893 860 962 de
878 892 940 965 hoc
959 892 1095 966 uberius
1111 888 1209 966 insto.
1689 929 1693 934 ·
1854 889 1857 896 ’

627 1044 835 1144 Hypothests
853 1050 914 1116 iV.
964 1048 1131 1140 Nettffitas
1147 1050 1220 1139 reip.
1236 1071 1317 1121 vent
1333 1048 1463 1116 ciericos
1486 1048 1522 1121 sd
1534 1048 1604 1139 jure
1625 1069 1739 1117 nature
1759 1045 1791 1120 dr
1818 1050 1927 1126 divine
1947 1054 1993 1123 at

509 1146 675 1242 pressanda
692 1154 765 1240 reip.
784 1146 1065 1237 {trifidiuulsringir
1090 1151 1124 1221 ii
1145 1148 1268 1238 obligat.
1319 1144 1413 1215 Solus
1436 1146 1525 1214 enim
1551 1145 1637 1240 reip.
1663 1143 1863 1217 &Eccicsae
1881 1149 1926 1217 its
1948 1144 1996 1220 est

511 1247 630 1319 innexa
649 1245 680 1314 dt
698 1245 885 1342 implicata,
912 1267 947 1312 ut
963 1243 1065 1313 astera
1082 1270 1147 1314 non
1162 1239 1312 1313 consistat
1329 1240 1395 1313 stne
1411 1242 1524 1313 altero.
1574 1250 1687 1336 Atque
1701 1246 1734 1313 in
1751 1244 1814 1314 hoc
1830 1241 1996 1316 neceffitt·
2066 1329 2072 1338 ¹

509 1345 552 1414 tis
571 1365 626 1413 out
641 1339 840 1414 discriminis
863 1337 1098 1437 praesentissimi
1116 1338 1189 1412 casu
1211 1340 1418 1413 revolvimur
1433 1340 1473 1411 od
1497 1342 1695 1435 primevum
1710 1364 1836 1413 nature
1859 1341 1992 1427 sistunt.

512 1444 549 1512 in
573 1466 640 1538 quo
666 1443 809 1535 aequaies
830 1464 965 1520 omnes,
999 1439 1081 1510 nihil
1104 1464 1218 1511 meum
1240 1461 1428 1519 cortuum,
1462 1438 1552 1509 nulio
1579 1437 1771 1534 privilegia,
1811 1445 1996 1536 exemptio·-

513 1563 573 1612 nes
595 1539 657 1611 dte.
707 1544 832 1634 Neque
850 1539 1019 1634 Principes
1040 1537 1094 1608 hic
1110 1535 1300 1632 uguntjure
1325 1534 1532 1628 magistratus
1552 1557 1609 1607 out
1625 1538 1763 1633 imperii
1777 1539 1811 1608 in
1827 1538 1995 1625 Clericus.¹

512 1633 566 1709 sed
578 1659 717 1709 utuntur
735 1632 889 1707 stenhore
906 1661 922 1704 o
939 1659 1054 1706 natura
1069 1632 1233 1717 concessa,
1250 1659 1315 1730 qur
1333 1637 1519 1733 perniciem
1535 1637 1619 1729 reip.
1638 1635 1852 1707 amoliuntur.
1881 1635 1996 1708 insur·

510 1739 560 1829 git
579 1739 632 1806 hic
649 1738 830 1805 Recentior
846 1735 981 1829 quidum
1003 1730 1173 1805 noviffime
1186 1736 1219 1804 in
1238 1733 1303 1804 hoc
1319 1755 1517 1825 argumento
1532 1733 1699 1803 versatus:
1728 1738 1787 1805 Sed
1802 1741 1921 1826 quando
1937 1739 1995 1806 ati·

508 1836 551 1922 eli
572 1840 620 1904 tde
642 1830 723 1919 tusus
744 1837 942 1928 neteffitutis?
969 1838 1104 1925 nunquid
1119 1856 1207 1913 tunc,
1232 1856 1298 1903 cunt
1312 1837 1409 1902 omnia
1425 1834 1501 1901 bonu
1516 1831 1650 1918 stabilia.
1674 1831 1802 1917 [subditis
1821 1836 1994 1904 Laicustbnt

508 1938 626 2004 omnint
641 1938 820 2013 mutuatis,
845 1935 886 2000 ad
901 1956 1020 2023 terpora
1036 1936 1235 2023 privilegiata
1251 1931 1373 2021 suerint
1395 1935 1570 2000 translata?
1599 1951 1636 2013 un.
1649 1933 1795 2001 Petimus
1810 1928 1851 2000 ab
1865 1929 1993 2002 Adver·

510 2027 625 2112 scriis,
649 2055 690 2101 ne
714 2029 816 2101 crude
839 2028 921 2099 odeo
941 2026 1112 2125 crassoque
1127 2026 1218 2100 sensu
1242 2029 1263 2098 h
1292 2024 1445 2122 potheses
1465 2025 1592 2098 nosirrs
1612 2030 1796 2121 occipiunt3
1821 2027 1996 2102 versemur

509 2131 547 2200 in
572 2129 740 2200 Themste
766 2128 899 2204 morosi,
959 2131 1174 2223 Tempnrum
1199 2130 1308 2208 eriis,
1345 2149 1383 2197 ut
1407 2123 1555 2206 diversa,
1591 2127 1638 2196 itu
1661 2125 1801 2197 delicato
1826 2125 1890 2209 esi,
1931 2151 1994 2202 nes

511 2232 639 2325 potitur
656 2227 785 2321 semper
801 2229 833 2296 io
848 2225 1100 2322 pericusisreip.
1118 2220 1306 2321 exspesirre
1320 2246 1528 2295 momentum
1544 2218 1643 2293 seroie
1660 2223 1692 2294 dt
1707 2226 1994 2319 peremptorium.

511 2331 641 2420 Neque
662 2326 725 2396 hoc
742 2350 759 2393 o
776 2323 872 2396 nobis
888 2319 1056 2404 asseritur,
1082 2320 1136 2395 sed
1152 2321 1342 2395 Adversarii
1359 2323 1450 2393 idecs
1464 2326 1498 2393 in
1513 2320 1653 2394 cerebro
1676 2320 1733 2393 suo
1758 2324 1850 2392 nates
1866 2320 1923 2394 fibi
1943 2317 1993 2396 ef·

511 2422 662 2516 fingunt,
687 2424 782 2493 nobis
803 2419 974 2512 affingunt.
1029 2425 1113 2517 Qtre
1137 2445 1326 2516 quantoque
1347 2420 1387 2491 cd
1408 2421 1472 2492 hoc
1493 2418 1658 2492 nereshtrs
1680 2422 1889 2515 requiretur,
1923 2423 1995 2506 rei,

511 2522 598 2601 ioci,
625 2524 807 2618 temporis,
832 2517 1050 2616 personarum
1070 2525 1175 2602 ratio,
1204 2519 1344 2615 periculi
1368 2519 1532 2611 gravitas,
1573 2514 1751 2590 difficultas
1772 2516 1994 2591 recursus'od

511 2616 709 2691 Pontificem
726 2619 844 2688 melius
864 2619 1012 2699 deridet,
1038 2642 1138 2715 quom
1157 2618 1223 2689 uilo
1245 2615 1315 2698 lex,
1345 2617 1460 2709 reguis
1484 2640 1540 2688 rut
1560 2642 1684 2698 canon,
1711 2615 1894 2712 praesertim
1914 2641 1993 2689 cum

509 2714 680 2788 necessitas
697 2715 785 2807 seges
801 2712 885 2786 serat
902 2717 934 2786 dt
954 2715 1111 2809 abroget3
1136 2714 1205 2813 ipss
1220 2716 1328 2807 legem
1344 2739 1410 2785 non
1434 2712 1562 2787 hubert.
1594 2707 1597 2712 ¹
1621 2718 1739 2807 Itaque
1762 2713 1903 2807 gradum
1927 2716 1994 2786 hu-

506 2813 565 2913 jus
581 2809 774 2884 necessitatis
789 2839 854 2883 noti
870 2814 1087 2911 expendimus
1106 2815 1147 2887 sd
1160 2812 1312 2886 stateram
1327 2810 1493 2900 aurificis,
1518 2811 1573 2886 sed
1592 2813 1750 2913 populari
1771 2815 1913 2899 trutino,
1945 2809 1993 2885 se·
2056 2860 2058 2864 «

511 2910 685 3012 pieoribus
701 2909 832 2992 usitato,
858 2914 1029 2983 metimur.

631 3042 840 3140 Hypothesrs
862 3050 926 3132 V„
974 3054 1061 3118 Bona
1077 3047 1304 3142 stabilimur
1324 3050 1538 3119 dtvoivuntut
1558 3049 1601 3118 ati
1615 3047 1776 3131 fictitius,
1803 3050 1926 3120 tributis
1944 3070 1995 3123 at·
2099 3135 2104 3148 Ι

513 3168 572 3237 qut
586 3149 721 3213 inertius
737 3150 890 3236 antiquis,
912 3168 994 3215 terra
1009 3171 1042 3212 ac
1061 3169 1204 3238 perperna
1219 3153 1283 3238 iege
1299 3151 1531 3230 determinetis,
1555 3169 1678 3218 munient
1686 3149 1833 3239 judiciis.
1882 3154 1995 3232 Anne,

515 3239 636 3311 &limus
653 3242 737 3311 hanc
751 3243 877 3310 caeteris
892 3238 1108 3335 hypothesin:
1136 3259 1201 3311 nott
1217 3243 1306 3336 quod
1328 3266 1417 3314 certo
1433 3240 1472 3314 stt
1493 3243 1524 3315 ἃ
1547 3239 1750 3325 inconcussa,
1781 3270 1856 3315 cum
1880 3272 1896 3317 a
1921 3247 1995 3342 plu·

514 3334 980 3433 rimisgrarishmisquevtris
997 3341 1030 3406 io
1047 3336 1355 3420 donominatum,
1385 3335 1439 3407 sed
1461 3340 1551 3432 quod
1570 3363 1643 3408 eam
1666 3342 1719 3410 hit
1737 3363 1810 3412 tuto
1831 3339 1993 3436 possimus

490 3440 492 3446 '
515 3433 708 3531 supponere
724 3459 838 3508 contro
858 3461 934 3517 eos,
961 3439 1018 3531 qui
1034 3433 1118 3506 bono
1137 3435 1358 3509 Ecclefitrum
1375 3438 1584 3507 novis'etiom
1599 3437 1757 3508 oneribus
1784 3436 1994 3513 subssernunt

518 3533 811 3607 &immunitatem
829 3536 914 3605 circo
931 3534 1016 3604 bonu
1035 3560 1054 3604 e
1076 3535 1205 3605 Schoiis
1227 3533 1260 3606 dr
1284 3559 1354 3630 rep.
1378 3535 1510 3629 penitus
1531 3533 1712 3625 relegatam
1734 3535 1859 3607 volunt.
1922 3541 1993 3609 Cur

514 3655 626 3705 eutem
652 3631 849 3727 hypothefio
865 3629 1059 3726 premissam
1074 3657 1238 3716 tueamur,
1255 3657 1355 3729 utque
1372 3633 1411 3702 od
1430 3629 1566 3726 systema
1583 3635 1844 3705 amortizationis
1859 3632 1993 3708 firman·

516 3731 597 3803 dum
618 3732 833 3825 edomemus,
852 3730 922 3803 fuse
938 3757 1003 3800 non
1022 3730 1213 3826 persequor.
1264 3732 1425 3802 Pttcriore
1441 3728 1632 3822 Wagnereit
1649 3757 1686 3801 ex
1704 3736 1815 3805 innoc.
1836 3736 1870 3803 io
1890 3758 1917 3806 c.
1932 3761 1993 3806 non

515 3837 631 3902 minus:
659 3826 758 3921 glossa
774 3832 806 3898 in
827 3854 900 3922 cop.
918 3830 1056 3920 presens?
1082 3829 1254 3900 &ibidem
1270 3834 1415 3925 Joannes
1433 3832 1585 3910 Andren‚
1612 3834 1767 3903 Panorm.
1792 3833 1824 3902 in
1847 3857 1875 3902 c.
1898 3855 1927 3902 r.
1949 3831 1993 3910 de

517 3923 672 4000 ceoshn
704 3934 736 4000 6.
755 3927 786 3997 dt
808 3953 840 4017 7.
863 3926 1002 4023 Sylvesi.
1028 3955 1057 3998 v.
1075 3932 1267 4007 immunitos
1287 3955 1315 3998 r.
1331 3952 1364 4022 q.
1384 3953 1415 4016 ς.
1475 3927 1594 4018 Augei.
1617 3930 1735 3999 eodem
1759 3927 1839 3999 verb
1875 3955 1909 4005 n.
1934 3937 1992 4023 36.

514 4030 573 4121 qui
591 4026 658 4095 duo
677 4049 737 4121 per
751 4051 851 4096 onero
869 4027 970 4096 realis
986 4025 1106 4097 diserte
1121 4026 1311 4118 intelligunt
1329 4024 1452 4096 tributa
1468 4028 1592 4121 quaevis
1616 4051 1632 4095 s
1650 4030 1802 4119 Principe
1824 4025 1888 4098 five
1912 4032 1991 4100 Ma·
2089 4095 2092 4106 ,

516 4120 654 4217 gisirntu
670 4121 818 4218 imposito
843 4124 964 4215 &iege
981 4149 1142 4219 perpetuo
1165 4125 1198 4194 st
1217 4122 1401 4194 invariabili
1426 4125 1661 4207 determinata3
1694 4123 1804 4205 resse,
1842 4128 1991 4220 inquam,

519 4219 672 4291 observat
687 4247 761 4302 cos,
788 4225 844 4314 qui
862 4220 946 4291 bona
965 4248 1078 4292 recens
1097 4246 1190 4319 porto
1205 4222 1245 4292 ab
1264 4220 1413 4292 Ecciefiis
1435 4226 1573 4291 omnino
1595 4225 1742 4291 eximunt
1761 4221 1801 4291 ab
1825 4227 1883 4306 tis,
1915 4247 1991 4321 quae

514 4321 615 4391 realia
630 4320 785 4390 dicuntur
798 4345 835 4391 ac
851 4316 955 4389 fundo
970 4316 1079 4402 affixa,
1105 4317 1283 4401 oneribus,
1308 4318 1437 4390 causam
1455 4318 1553 4415 ipsius
1564 4315 1711 4389 Etcsestae
1728 4320 1913 4403 vulnerare,
1930 4347 1991 4395 nec

513 4418 603 4487 niiud
629 4416 782 4512 pressare
804 4420 960 4498 cterics,
993 4444 1011 4489 e
1034 4417 1155 4513 quibus
1174 4443 1297 4510 corpus
1321 4419 1567 4511 privilegiatum
1586 4440 1643 4486 out
1662 4415 1788 4488 sacrum
1815 4418 1991 4504 conflatur,

516 4513 576 4585 nist
591 4540 627 4586 ut
649 4541 764 4586 eurum
780 4518 963 4614 „privilegio
980 4514 1257 4588 Adversariorum
1280 4516 1434 4585 dentibus
1458 4514 1577 4585 misere
1601 4513 1764 4611 discerpta
1788 4519 1907 4586 invidia
1931 4541 1992 4612 pu·

514 4611 601 4687 biict
619 4611 836 4708 conflagrent.
873 4617 966 4688 Hinc
982 4620 1072 4690 enim
1088 4613 1259 4714 splendida
1277 4614 1333 4683 iiio
1350 4613 1567 4688 Politicorum
1582 4611 1722 4690 diiierie
1738 4614 1771 4687 dr
1787 4613 1990 4712 aphorismi:

1093 4747 1102 4759 s
1196 4714 1250 4783 Ss
1275 4734 1371 4790 ssa
1884 4711 1989 4789 Pen'et
