5017 5592
948 587 1526 709 o'rssnnrarro

575 814 584 825 ⁸
611 812 750 869 cretur.''
798 806 1419 895 synadae1¹arifienns111.an00557.
1446 811 1509 873 Can
1541 811 1629 876 Vlil.
1659 811 1821 891 probibuit
1848 809 1977 877 admitti

610 889 805 971 Episcopus,
838 895 890 970 qui
913 893 996 973 regia
1016 883 1288 957 nominationes&
1314 897 1590 957 commendatione
1609 890 1817 976 grassarentur
1837 896 1875 958 ad
1898 894 1978 978 Epi·

612 971 776 1052 scopatus,
800 991 865 1033 non
882 993 899 1033 a
914 974 1052 1056 populu,
1077 994 1143 1046 uon
1159 997 1177 1036 a
1194 977 1298 1046 clero,
1331 997 1397 1039 nou
1415 978 1452 1039 ab
1467 974 1632 1059 Episcopis
1651 976 1763 1047 elesii,
1788 976 1821 1040 dt
1842 978 1979 1057 religio·

611 1052 721 1117 lillnne
745 1056 893 1135 antiquos
918 1076 1057 1119 canones
1080 1056 1239 1120 observari
1261 1077 1362 1138 praece
1385 1061 1410 1122 it
1438 1077 1496 1141 pro
1520 1060 1634 1120 tuenda
1659 1059 1797 1141 eligendi
1819 1058 1978 1127 libertate.

613 1135 687 1199 Vid.
710 1136 899 1220 pluraapud
921 1136 1159 1203 thomassinum
1183 1140 1318 1205 Perbll.
1371 1152 1416 1203 et.
1442 1140 1475 1202 dt
1497 1139 1586 1204 Nov.
1606 1138 1693 1204 Eccl.
1713 1140 1830 1223 discipl.
1845 1139 1915 1206 Lib.
1936 1139 1980 1207 Π.

615 1238 682 1300 cap.
700 1217 790 1281 Xlll.
808 1227 835 1291 t.
850 1218 872 1282 l.
889 1218 928 1282 ll.
944 1220 1001 1285 lll.
1016 1220 1049 1283 dc
1065 1221 1145 1303 seqq.

538 1339 574 1418 d)
596 1337 737 1416 At'rerur
754 1335 933 1401 Commeat.
953 1339 992 1402 de
1006 1340 1076 1421 jure
1095 1342 1217 1422 primur.
1239 1356 1366 1419 precum
1383 1359 1449 1422 cap.
1468 1337 1494 1401 l.
1516 1337 1643 1419 prolixe
1663 1336 1835 1399 monstrare
1853 1337 1980 1412 nititur,

615 1419 790 1497 Episcopus
814 1422 932 1500 absque
952 1422 1087 1503 jullioue
1113 1423 1317 1505 lroperatnria
1340 1421 1395 1483 v'el
1425 1422 1508 1502 regia
1533 1435 1599 1482 turn
1620 1419 1700 1501 apud
1724 1420 1875 1490 Graecos,
1911 1432 1982 1483 tum

615 1504 695 1584 apud
716 1500 851 1584 Frapros
873 1522 937 1564 non
957 1502 1017 1565 else
1038 1517 1161 1567 creatos
1180 1523 1187 1564 ε
1222 1500 1271 1563 sed
1288 1504 1369 1582 ¹quid
1390 1505 1462 1565 inde
1482 1506 1519 1563 ad
1540 1504 1592 1585 jua
1614 1504 1826 1585 primariorum
1849 1521 1983 1584 precum¹

615 1597 722 1666 aptum
740 1586 931 1647 concludere
949 1586 1049 1655 velit,
1075 1587 1157 1647 baud
1175 1586 1297 1646 video:
1335 1586 1406 1647 aliae
1424 1587 1506 1647 enirn
1527 1585 1666 1647 rationes
1685 1596 1753 1646 tuan
1772 1583 1983 1666 indisciplina

615 1670 696 1729 circa
721 1667 894 1730 electiones
920 1666 1168 1750 Episcoporum,
1200 1687 1292 1747 quam
1309 1669 1391 1729 circa
1407 1666 1634 1730 beneficiorum
1651 1667 1857 1729 collationem
1876 1668 1984 1750 obve-

615 1751 767 1810 niebaot:
803 1768 872 1810 narn
894 1769 966 1812 curn
991 1765 1142 1812 votorum
1166 1749 1278 1831 populi
1294 1749 1326 1811 io
1346 1751 1383 1811 iia
1402 1750 1568 1812 haberetur
1586 1751 1686 1818 ratio,
1712 1767 1782 1809 cum
1802 1745 1905 1829 major
1924 1748 1982 1810 ad-

617 1832 679 1893 lruc
707 1833 919 1911 optimatum,
962 1852 1027 1894 noo
1051 1843 1177 1913 poterat
1202 1851 1269 1891 noo
1289 1828 1394 1894 baberi
1414 1850 1526 1911 magna
1550 1829 1780 1910 Imperatorum
1798 1829 1830 1890 dc
1853 1829 1981 1911 Regum

616 1912 883 1978 Christianorum:
915 1914 987 1977 dein
1003 1914 1172 1994 plurimum
1188 1930 1300 1974 eorum
1320 1916 1487 1984 intererat,
1511 1923 1547 1973 ut
1559 1912 1668 1974 fideles
1684 1911 1833 1974 haberent
1848 1908 1985 1996 Episc07

527 2109 534 2121 .
616 1996 783 2138 {linit
806 1992 1986 2158 :blitildis’dti⁰32,diti”ibiibi-‘liblifts:3¹22

618 2159 764 2241 Episcopi
781 2161 818 2221 ad
837 2160 964 2223 consilia
982 2160 1147 2224 secretiora
1165 2159 1246 2222 aulae
1258 2157 1407 2222 Caesareae
1421 2160 1561 2239 regiaeve
1577 2159 1727 2220 advocati
1742 2156 1775 2220 dt
1795 2156 1834 2218 td
1851 2157 1987 2221 comitia

620 2245 709 2323 regni
723 2242 839 2304 admilli
854 2242 945 2304 lant:
975 2244 1098 2323 iusuper
1111 2245 1194 2305 bona
1210 2239 1418 2325 Episcopatus
1434 2242 1638 2322 temporalia,
1661 2258 1731 2321 quae
1748 2241 1786 2303 iis
1801 2240 1989 2302 committe-

618 2327 749 2396 bantur,
775 2325 859 2406 regia
881 2344 975 2387 manu
995 2326 1047 2386 vel
1065 2324 1181 2386 donata
1204 2322 1273 2384 lunt
1295 2324 1348 2388 vel
1390 2319 1569 2385 rotedlione
1588 2319 1730 2393 defensa,
1760 2320 1868 2402 quidni
1885 2321 1987 2403 grati·

620 2405 736 2467 tudinis
755 2407 841 2468 uires
854 2405 992 2487 Regibus
1008 2406 1041 2468 dr
1062 2406 1306 2485 imperatoribus
1316 2408 1353 2467 ab
1364 2344 1500 2466 danielli
1512 2403 1648 2484 impendi
1659 2403 1852 2472 debuerunt,
1865 2401 1982 2485 utplus

621 2491 658 2551 iis
675 2492 703 2546 in
717 2488 925 2549 eleilinnibus
942 2486 1168 2568 Episcoporum
1187 2488 1304 2548 liceret.
1349 2485 1422 2549 Non
1435 2503 1673 2553 commemoro,
1685 2485 1768 2565 quod
1780 2482 1860 2565 sepe
1873 2483 1988 2548 lactio-

624 2590 690 2637 ncn,
701 2588 770 2646 quae
785 2569 958 2633 elesliones
970 2571 1138 2631 canonicas
1154 2568 1329 2640 turbabant,
1337 2567 1437 2629 ansam
1450 2569 1640 2649 praebuerint
1649 2566 1805 2638 Eccleliae,
1813 2577 1849 2627 ut
1858 2567 1914 2628 vel
1925 2564 1989 2648 ipsa

541 2691 543 2696 ·
622 2650 798 2724 enixissime
811 2645 1992 2733 regiambpem&advocatiaeruuniaefflagitaret,autgratantersaltemne·

622 2734 758 2876 cipErelet,
771 2735 845 2877 dursp
856 2731 1445 2880 1zpepatorxprdo'srpegesffonitfntia!
1450 2730 1609 2874 εῇιὲειέιοάἰ
1620 2730 1786 2894 tupppavsug
1794 2727 1989 2886 ευᾶοὲἰῑὶῑο

623 2832 975 2879 meeamaerean.
1052 2837 1091 2879 ι.
1169 2834 1416 2878 omarnusoc.
1447 2832 1645 2876 auaoca.
1738 2830 1991 2876 .....ae

527 2967 530 2971 A
624 2899 800 2975 linailespue
814 2901 952 2962 rationes
967 2917 1163 2978 nequaqnam
1176 2896 1212 2958 ad
1233 2895 1436 2958 collationem
1452 2833 1677 2958 beneficiosum
1695 2905 1748 2956 aut
1768 2831 1989 2973 praseleintatio‘·

626 2999 696 3040 nem
722 2980 839 3059 regiam
863 2981 1009 3062 adplicari
1030 2980 1171 3061 poll'nnt,
1203 2997 1305 3056 oeque
1328 2977 1536 3056 imperatores
1560 2975 1724 3055 Regeaque
1745 2976 1774 3036 io
1800 2973 1862 3038 suia
1880 2976 1990 3057 regola

628 3079 682 3142 per
698 3070 729 3131 8.
745 3063 850 3141 priora
864 3059 976 3126 Secula
995 3064 1070 3144 quid
1086 3060 1272 3145 hujusmodi
1289 3059 1440 3134 tentasse,
1457 3079 1500 3122 ex
1518 3058 1715 3140 historiaride
1726 3060 1820 3138 digna
1832 3057 1992 3142 perhiberi

633 3142 762 3225 poterit.
1137 3223 1170 3324 ᾧ.
1220 3224 1284 3297 Ἦ
1298 3222 1314 3294 1
1327 3226 1352 3292 Ι.

541 3425 545 3432 .
629 3356 749 3429 Seruio
760 3360 859 3430 Vlll.
882 3359 1068 3431 exeunte&
1085 3363 1149 3436 lX.
1169 3362 1362 3455 imperante
1381 3358 1505 3431 Cerolo
1521 3358 1555 3430 dt
1574 3354 1644 3452 ejus
1661 3352 1762 3451 stirpe
1777 3374 1939 3445 regnante
1956 3354 1990 3423 in

516 3453 786 3527 Germaniarum
806 3455 1039 3528 orthodoxa&
1061 3458 1182 3528 Galliis
1199 3458 1323 3528 eadem
1345 3458 1432 3527 circa
1451 3456 1662 3530 collationem
1686 3449 1928 3523 beneficiorum
1946 3452 1995 3521 di-

516 3545 650 3643 sciplina
669 3556 790 3645 viguit,
811 3558 993 3626 cumcuim
1012 3556 1065 3622 illu
1082 3577 1195 3634 aetate,
1217 3551 1297 3623 ficut
1310 3577 1327 3621 a
1342 3556 1502 3646 primeva
1522 3555 1671 3643 origine,
1694 3575 1760 3618 non
1785 3547 1874 3620 aliud
1892 3543 1995 3619 essent

518 3646 692 3730 beneficia,
719 3679 817 3743 quarn
836 3655 970 3721 ordines
988 3653 1019 3723 dr
1036 3653 1209 3721 ordinibus
1231 3649 1393 3720 indivulse
1415 3653 1613 3720 coherentia
1627 3644 1753 3728 officia,
1772 3669 1919 3738 cumque
1939 3645 1996 3716 be·

517 3742 763 3818 nesreiarrorum
782 3747 890 3819 officia
905 3776 970 3819 ooo
990 3753 1051 3819 alia
1069 3753 1173 3841 magis
1189 3745 1305 3828 essent,
1328 3772 1427 3843 quam
1443 3773 1516 3838 quae
1533 3751 1566 3815 in
1594 3741 1865 3817 celebratione&
1889 3740 1994 3812 adroi-

517 3842 707 3916 nillrarionc
724 3850 1013 3936 sacramentorum
1034 3846 1264 3925 versabantur,
1289 3845 1423 3940 planum
1441 3842 1495 3924 fit,
1516 3868 1583 3912 ram
1597 3866 1698 3939 penes
1715 3838 1899 3937 Episcopus
1917 3834 1998 3909 fuis·

519 3935 549 4006 sc
573 3940 732 4013 summam
762 3940 999 4015 beneficiorum
1026 3947 1196 4025 omnium,
1217 3961 1316 4035 quent
1334 3940 1494 4012 ordinum
1520 3941 1551 4011 dr
1576 3944 1866 4010 sacramenrorum
1890 3935 1998 4007 admi·

520 4036 773 4125 nillrarioneor,
800 4041 1131 4136 quemadmodum&
1154 4066 1192 4109 ert
1216 4042 1314 4108 variis
1338 4039 1425 4108 illius
1439 4040 1498 4109 aevi
1518 4038 1665 4107 conciliis
1682 4034 1803 4131 probat
1824 4029 1995 4105 Thomas-

522 4132 605 4204 bnus
631 4139 667 4228 a)
693 4141 780 4209 unde
798 4147 904 4210 'tiemo
921 4164 986 4210 ouo
1009 4136 1183 4209 concludet
1203 4133 1360 4206 beneficia
1377 4159 1446 4206 tum
1464 4138 1626 4230 temporis
1643 4132 1746 4202 libera
1764 4128 1859 4201 fuisse
1876 4156 1895 4200 a
1912 4155 1999 4226 prae·

484 4308 489 4312 ,
520 4232 701 4304 scotatione
718 4237 853 4308 casarea
872 4238 920 4307 vcl
944 4240 1045 4327 regia.
1098 4239 1179 4305 Non
1203 4233 1319 4304 desunt
1340 4234 1495 4327 quidem,
1523 4232 1642 4328 quibus
1661 4230 1785 4327 placuit
1806 4227 2000 4321 nataleaju·

521 4335 568 4404 ris
587 4334 823 4426 primariarum
841 4360 978 4432 precum
994 4334 1033 4404 ad
1055 4355 1205 4427 tempora
1223 4332 1379 4402 Carolina
1404 4327 1559 4412 referre,
1585 4330 1620 4418 b)
1645 4351 1761 4398 verunt
1785 4327 1878 4396 omni
1902 4323 2001 4395 desti-

524 4432 583 4498 tnri
604 4429 721 4501 idonea
746 4435 942 4527 probatione
958 4431 1057 4500 fidem
1076 4428 1162 4499 baud
1180 4452 1367 4499 merentur:
1391 4453 1551 4523 preterea
1576 4428 1683 4496 innuit
1704 4424 1910 4494 contrarium
1933 4421 2001 4492 aliu

523 4551 658 4622 quoque
674 4533 757 4599 ratio
772 4556 809 4599 ex
826 4527 970 4597 billoriis
987 4529 1075 4595 illins
1093 4531 1194 4618 teraris
1211 4528 1422 4618 deprompta.
1470 4531 1690 4619 Compertum
1713 4522 1842 4615 qnippe
1856 4515 1904 4590 est
1927 4541 2003 4589 aevo

523 4625 636 4699 Caroli
654 4631 706 4700 M.
729 4628 892 4700 Ludorici
908 4628 957 4696 l’ii
981 4626 1014 4698 dt
1038 4627 1180 4698 aliuruur
1205 4619 1421 4722 succesibsuna
1442 4627 1690 4719 Imperatorum
1712 4638 1928 4691 communem
1944 4638 2004 4727 ca·

1903 4727 2004 4792 nome

940 4833 956 4876 t
