5017 5592
625 633 699 732 ⁶90
1072 616 1647 702 nissunrauio
1792 581 1798 594 “

626 830 802 913 pecatores
823 800 1007 904 plissmos,
1037 803 1095 897 qui
1119 822 1188 873 tarn
1211 797 1349 900 profuse
1377 799 1531 873 liberales
1549 803 1689 874 extitere
1712 802 1745 872 iii
1768 799 1936 873 donandis
1960 800 2101 876 Ecclesa

627 910 784 1010 praediis,
809 929 850 976 ne
866 902 923 974 'illa
938 925 1049 974 emere
1065 925 1259 994 cogeretur,
1275 901 1336 972 hos
1352 904 1488 994 inquam
1503 905 1617 997 lmpp.
1630 925 1777 996 unquam
1794 897 1958 972 Ecclesiae
1974 899 2102 974 uoluisse

627 1008 803 1084 excludere
819 1002 858 1073 ab
879 1001 1027 1073 emendis
1050 1025 1114 1070 aere
1136 1003 1280 1098 proprio
1305 999 1457 1094 prediis,
1482 1023 1538 1070 aut
1562 995 1768 1095 prohibuisse
1797 996 1959 1084 subditis,
1986 1000 2102 1094 nequid

626 1108 794 1180 bonorum
818 1099 982 1170 stabilium
1006 1094 1226 1169 transferrent
1248 1100 1282 1167 in
1305 1094 1461 1168 Ecclesiae
1485 1097 1745 1174 donationibus,
1784 1119 1932 1190 quarum
1957 1098 2103 1194 exemplo

625 1203 703 1300 ipsts
719 1197 952 1300 praelucebant.
1004 1200 1121 1291 ltaque
1134 1221 1200 1266 noti
1214 1193 1279 1276 esl,
1303 1220 1362 1265 eur
1382 1197 1575 1290 importune
1597 1197 1702 1266 velint
1721 1193 1778 1264 sibi
1807 1195 1860 1264 edi
1879 1190 2103 1278 instrumenta,

441 1369 445 1380 .
474 1291 477 1296 ¹
624 1301 829 1400 diplomata,
854 1297 943 1368 diem
959 1293 992 1365 di
1007 1291 1204 1372 Consulem,
1222 1319 1290 1389 quo
1308 1292 1483 1389 privilegia
1500 1292 1557 1364 isla
1573 1290 1633 1364 lint
1647 1293 1768 1365 tabulis
1781 1290 1929 1385 publicis
1945 1291 2102 1386 consigna·

628 1424 672 1473 ta.
706 1392 834 1470 Sufficit
850 1394 965 1474 nobis,
982 1393 1159 1489 privilegia
1174 1390 1230 1461 isla
1248 1389 1310 1462 esse
1326 1393 1424 1482 longe
1440 1395 1629 1492 antiquiora
1648 1393 1723 1482 lege
1735 1393 2026 1474 amortizationis,
2041 1416 2102 1487 que

627 1525 694 1571 uria
710 1521 785 1568 cum
800 1495 875 1589 jure
891 1497 1051 1561 morticinii
1068 1493 1187 1585 primis
1204 1490 1236 1561 ἃ
1254 1495 1363 1559 aureis
1380 1493 1491 1584 lnipp.
1506 1487 1770 1560 Christianorum
1787 1483 1918 1557 faculis
1933 1492 2100 1582 incogniti,

624 1575 714 1692 sepe
730 1594 812 1674 lata,
836 1589 922 1686 saepe
936 1586 1102 1685 suppressa
1119 1592 1242 1661 iterum
1261 1587 1513 1670 staineinaim,
1539 1585 1562 1659 sr
1579 1588 1672 1683 loqui
1688 1590 1734 1659 iri
1752 1581 1803 1657 sas
1820 1581 1886 1669 esl,
1914 1584 1976 1659 sub
1997 1589 2101 1660 ultimi

482 1771 485 1778 ,
628 1695 700 1767 hee
717 1714 872 1790 tempora
889 1688 1025 1760 demum
1038 1689 1172 1767 revixit.

744 1872 954 1974 Hypothcfii
976 1877 1022 1949 11.
1085 1878 1291 1970 Privisegiiiiii
1311 1895 1446 1968 exempti
1468 1874 1626 1966 ranreffairri
1655 1895 1711 1946 arir
1730 1877 1853 1945 asiaritse
1875 1897 2044 1968 compereris
2061 1899 2103 1968 prr

627 1982 716 2054 viani
739 1979 952 2061 iurisdisliarrir
975 1978 1071 2048 adimi
1090 1999 1148 2044 iiiii
1169 1974 1273 2066 purast.
1327 1975 1532 2062 ,Chimaermn
1554 1975 1644 2043 enim
1668 1973 1807 2044 inuoluit
1825 1971 2025 2066 jurisdislio
2046 1973 2102 2048 sine

626 2071 853 2168 subjeslione3
879 2070 992 2168 eslque
1007 2075 1157 2143 omnium
1173 2076 1322 2165 Legum,
1338 2069 1536 2144 statutorum
1554 2071 1615 2141 dic.
1631 2067 1711 2142 basra
1728 2096 1763 2140 ac
1779 2066 2040 2144 fundamentum
2052 2077 2101 2170 Ju·

629 2177 713 2247 dicis
728 2177 933 2267 competentia.
985 2175 1077 2242 Hinc
1094 2169 1211 2242 scitum
1227 2170 1329 2241 illud:
1356 2173 1390 2240 in
1407 2195 1465 2250 eo,
1484 2172 1540 2263 qui
1554 2168 1608 2262 jus
1623 2170 1718 2240 alteri
1735 2170 1847 2240 dicere
1863 2195 2026 2253 conatur,
2046 2196 2102 2244 nun

630 2273 666 2346 id
682 2270 787 2343 solum
802 2272 1007 2365 requiritur,
1032 2292 1069 2343 ut
1080 2264 1184 2363 jussa,
1209 2265 1265 2340 sed
1281 2265 1314 2340 dt
1330 2291 1367 2340 ut
1381 2265 1480 2358 susle,
1510 2267 1545 2336 id
1559 2264 1623 2337 esl:
1649 2291 1725 2338 cum
1744 2267 1952 2339 authoritate
1967 2292 2005 2340 ac
2017 2291 2102 2366 pote·

509 2461 511 2466 Ι
627 2368 712 2458 llere
728 2367 860 2465 publiea
873 2371 907 2437 in
924 2366 1090 2459 litigantes
1106 2367 1272 2459 decernor.
1306 2367 1457 2438 Primum
1475 2363 1630 2462 prestare
1647 2361 1751 2459 potest
1766 2363 2104 2460 quilibetecatbedra

631 2472 754 2568 JCtus:
782 2466 924 2537 alterum
939 2491 1005 2535 non
1021 2462 1080 2535 nifi
1099 2464 1208 2563 Juder
1231 2489 1249 2535 e
1272 2463 1428 2535 tribunali
1449 2486 1504 2534 aut
1520 2487 1539 2532 e
1553 2460 1636 2533 solio
1652 2466 1822 2556 Princeps.
1875 2463 1997 2546 Adde,
2022 2462 2103 2561 quod

629 2566 808 2660 indignum
823 2561 860 2635 fir
874 2559 1041 2659 majestate
1056 2564 1318 2660 Imperanrium,
1343 2566 1417 2633 Deo
1432 2560 1464 2632 di
1478 2557 1631 2632 Ecclesiis
1646 2557 1711 2631 five
1725 2587 1742 2630 a
1758 2558 1790 2631 se
1809 2558 1877 2632 five
1899 2586 1917 2632 a
1933 2561 2104 2659 majoribus

515 2695 525 2728 i
632 2666 737 2736 altera
752 2687 852 2735 inanit
869 2660 1008 2742 donata,
1033 2660 1135 2732 altera
1149 2685 1305 2757 repetere
1324 2659 1355 2732 di
1372 2681 1583 2754 extorquere.
1634 2661 1760 2753 Neque
1778 2657 1838 2730 hie
1857 2661 2048 2732 audiendus
2067 2656 2104 2732 cll

632 2759 920 2841 Mouzambanus,
946 2762 1002 2854 qui
1021 2761 1169 2855 Satyrica
1184 2755 1321 2856 prorsus
1337 2755 1545 2852 impudentia
1561 2758 1595 2826 iii
1619 2756 1815 2826 donationes
1836 2755 1871 2828 dt
1894 2755 2104 2831 concessiones

631 2856 785 2933 Ecclesiis
802 2855 905 2929 fassas
921 2857 1108 2939 invehitur,
1123 2853 1375 2949 Auguslilsimos
1389 2854 1597 2925 Fundatores
1614 2879 1649 2925 oc
1665 2858 1824 2926 Proceres
1835 2857 2034 2928 Germaniae
2047 2881 2104 2929 ran·

633 2984 734 3055 quarn
757 2956 889 3027 bibulos
907 2952 1116 3051 perstringit,
1140 2955 1191 3023 liis
1214 2951 1324 3025 verbis
1349 2956 1488 3024 innuens
1514 2977 1571 3023 eos
1596 2954 1636 3022 ad
1657 2952 1886 3024 Fundationes
1913 2953 1990 3025 illas
2015 2981 2053 3026 ex
2072 2978 2103 3025 ea

631 3053 727 3129 causo
741 3074 932 3149 permotos,
949 3051 1039 3146 quod
1053 3057 1220 3143 qiiairrrvis
1231 3057 1327 3145 pretio
1339 3054 1525 3122 redimendas
1535 3054 1706 3140 judicarent
1717 3055 1888 3144 purgatorii
1900 3053 2104 3138 ustulationes,

633 3177 708 3248 qaas
716 3155 787 3242 stris
801 3153 932 3240 alioquin
949 3153 984 3224 Β
999 3149 1080 3239 astas
1095 3153 1252 3242 impatiens
1266 3155 1349 3218 naria
1372 3153 1455 3218 iiiiris
1474 3153 1568 3218 iridis
1585 3149 1772 3241 formidabat
1788 3155 1841 3219 Ita
1865 3153 1917 3219 isse
1936 3176 1963 3223 r.
1979 3177 2014 3239 3.
2028 3153 2062 3236 §.
2078 3175 2106 3230 7.

623 3249 771 3349 'Quanto
792 3247 911 3318 melius
931 3242 989 3317 isla
1013 3245 1172 3318 &iterius
1189 3241 1359 3342 scripsisset
1382 3246 1423 3317 de
1439 3268 1532 3318 certo
1552 3244 1697 3341 quodam
1718 3247 1974 3319 Germanorum
1993 3271 2104 3341 genere

634 3347 789 3444 (nonde
806 3340 956 3442 piissimis
974 3342 1189 3418 Ecclesiarum
1209 3341 1487 3437 Fundatoribus)
1507 3347 1565 3436 qui
1589 3343 1706 3414 calices
1727 3367 1765 3414 ex
1780 3343 1933 3415 Ecclesiis
1952 3348 2104 3442 raptosiu

626 3446 787 3521 'tabernas
803 3446 946 3513 vinarias
963 3442 1165 3524 intulerunt,
1183 3442 1216 3513 dc
1232 3447 1384 3513 certatim
1400 3439 1619 3513 exhauserunt
1634 3439 1699 3512 sitis
1717 3440 1750 3513 d<
1766 3439 1860 3512 ellus
1878 3445 2104 3539 impatientes:

635 3569 692 3617 aut
707 3546 748 3614 de
764 3546 803 3612 iis
821 3542 1019 3620 Germanis,
1045 3546 1102 3636 qui
1123 3566 1198 3610 cuni
1220 3536 1361 3612 Huffiiis
1385 3540 1547 3634 conjurati
1571 3540 1687 3610 calices
1709 3541 1744 3609 iii
1763 3541 1891 3610 vexillis
1917 3541 2103 3638 aedibusque

635 3638 789 3738 depislos
810 3637 993 3718 habebant,
1020 3635 1105 3707 bella
1130 3661 1267 3709 cruenta
1291 3662 1354 3734 pro
1376 3636 1434 3710 usu
1456 3638 1566 3708 calicis
1582 3641 1615 3707 in
1638 3642 1735 3706 Cana
1752 3637 1954 3720 molientes,
1980 3641 2104 3711 adeout

635 3764 708 3814 tum
723 3739 878 3812 volitaret
894 3733 1071 3808 versiculus
1084 3736 1142 3809 ille
1155 3740 1189 3807 iii
1206 3739 1378 3810 nationem
1393 3733 1459 3810 sitia
1478 3733 1620 3808 &aeslus
1633 3736 1881 3834 impatientem:
1907 3742 2022 3812 Prasia
2038 3744 2103 3811 Ger·

631 3840 1038 3930 triarirsdiicrreprirasice.
1805 3859 1807 3864 ·

616 4047 629 4082 ·’
752 4034 961 4134 Hypotliess
981 4040 1043 4111 lll.
1094 4043 1183 4109 Inter
1193 4040 1293 4133 pluris
1305 4043 1533 4134 privilegiatos,
1559 4043 1608 4112 ass
1624 4044 1727 4133 agitur
1743 4044 1780 4111 dc
1793 4045 1988 4114 moderandis
2001 4062 2054 4114 aiit
2066 4067 2104 4114 ir·

628 4137 816 4231 stringendo
832 4141 1021 4230 privilegiis,
1045 4140 1116 4207 ardo
1133 4139 1303 4217 servandac
1316 4139 1375 4229 ess,
1406 4151 1528 4229 viaque
1546 4145 1581 4214 {9⁹
1597 4142 1730 4219 Ecclesia
1746 4144 1846 4209 absara
1861 4167 1921 4212 riori
1933 4142 2007 4226 [ianr
2021 4147 2102 4212 iana

636 4240 749 4314 sanda,
774 4237 830 4322 riifi
847 4241 951 4304 nstiiiro
972 4239 1043 4304 soro.
1095 4238 1148 4304 Sic
1165 4231 1236 4303 vasa
1261 4232 1348 4304 sacra
1371 4237 1402 4306 dr
1424 4237 1540 4307 culices
1569 4263 1634 4307 non
1658 4235 1859 4319 conflamus,
1897 4249 1956 4311 aui
1980 4237 2104 4311 inustis

635 4327 797 4429 profanos
812 4336 992 4412 vertimus,
1018 4330 1075 4402 nisi
1100 4333 1182 4401 dura
1199 4329 1399 4414 necessitate,
1425 4361 1498 4430 quae
1514 4336 1576 4404 alia
1592 4337 1720 4405 ratione
1740 4340 1858 4428 nequit
1880 4343 2008 4419 excuti,
2065 4360 2105 4407 re·

635 4453 758 4499 mente.
811 4433 879 4498 Hic
902 4432 988 4500 ordo
1009 4429 1029 4499 si
1047 4429 1250 4509 servaretur,
1288 4430 1428 4506 Ecclesia
1451 4434 1571 4526 clypeo
1593 4431 1808 4527 septemplice
1831 4433 2008 4508 obarmata
2029 4363 2108 4506 gret

636 4551 751 4597 contra
771 4551 887 4596 omnes
903 4531 1048 4622 inipeaus
1062 4554 1098 4598 ac
1117 4527 1200 4608 tela,
1219 4551 1294 4623 quae
1309 4553 1327 4598 a
1343 4532 1453 4601 Salute
1467 4537 1551 4623 reip.
1566 4529 1735 4600 accersunt
1750 4532 1826 4601 DI).
1839 4535 1975 4604 Politici
1995 4557 2030 4604 ur
2042 4532 2108 4627 plii·

574 4621 579 4630 “
623 4629 759 4698 ¹nimum
773 4624 988 4722 privilegiati.
1039 4632 1116 4700 Nec
1131 4627 1221 4698 enini
1237 4649 1433 4725 paterentur
1447 4628 1551 4725 facile,
1558 4654 1621 4728 per
1635 4629 1722 4701 litus
1735 4623 1830 4701 suuni
1845 4630 2107 4730 peiiEeclefiara,

2029 4724 2110 4803 sorte
