<?xml version="1.0" encoding="UTF-8"?>
<!DOCTYPE html PUBLIC "-//W3C//DTD XHTML 1.0 Transitional//EN"
    "http://www.w3.org/TR/xhtml1/DTD/xhtml1-transitional.dtd">
<html xmlns="http://www.w3.org/1999/xhtml" xml:lang="en" lang="en">
 <head>
  <title>
</title>
<meta http-equiv="Content-Type" content="text/html;charset=utf-8" />
  <meta name='ocr-system' content='tesseract 3.04.00' />
  <meta name='ocr-capabilities' content='ocr_page ocr_carea ocr_par ocr_line ocrx_word'/>
</head>
<body>
  <div class='ocr_page' id='page_1' title='image "./thesavrvsivrise01schmgoog_0165.png"; bbox 0 0 5017 5592; ppageno 0'>
   <div class='ocr_carea' id='block_1_1' title="bbox 509 591 1529 734">
    <p class='ocr_par' dir='ltr' id='par_1_1' title="bbox 509 591 1529 734">
     <span class='ocr_line' id='line_1_1' title="bbox 509 591 1529 734; baseline -0.007 -16"><span class='ocrx_word' id='word_1_1' title='bbox 509 665 578 734; x_wconf 86' lang='lat'>152</span> <span class='ocrx_word' id='word_1_2' title='bbox 667 591 671 602; x_wconf 81' lang='grc'><strong>’</strong></span> <span class='ocrx_word' id='word_1_3' title='bbox 777 607 781 616; x_wconf 85' lang='grc'><strong><em>’</em></strong></span> <span class='ocrx_word' id='word_1_4' title='bbox 949 629 1529 711; x_wconf 81' lang='lat' dir='ltr'>ntsssnrntto</span> 
     </span>
    </p>
   </div>
   <div class='ocr_carea' id='block_1_2' title="bbox 366 775 1982 913">
    <p class='ocr_par' dir='ltr' id='par_1_2' title="bbox 366 775 1982 913">
     <span class='ocr_line' id='line_1_2' title="bbox 366 775 1982 913; baseline -0.004 -24"><span class='ocrx_word' id='word_1_5' title='bbox 366 817 371 826; x_wconf 82' lang='lat'>&#39;</span> <span class='ocrx_word' id='word_1_6' title='bbox 505 808 761 889; x_wconf 72' lang='lat' dir='ltr'>cathedralibus</span> <span class='ocrx_word' id='word_1_7' title='bbox 779 811 810 884; x_wconf 83' lang='lat' dir='ltr'>dt</span> <span class='ocrx_word' id='word_1_8' title='bbox 825 808 1053 884; x_wconf 78' lang='lat' dir='ltr'>Abbatisltbus</span> <span class='ocrx_word' id='word_1_9' title='bbox 1074 775 1275 895; x_wconf 87' lang='lat' dir='ltr'>rellitutam,</span> <span class='ocrx_word' id='word_1_10' title='bbox 1298 816 1436 913; x_wconf 83' lang='lat' dir='ltr'>relique</span> <span class='ocrx_word' id='word_1_11' title='bbox 1457 814 1653 906; x_wconf 74' lang='lat' dir='ltr'>dignitates,</span> <span class='ocrx_word' id='word_1_12' title='bbox 1685 814 1829 910; x_wconf 82' lang='lat' dir='ltr'>exceptis</span> <span class='ocrx_word' id='word_1_13' title='bbox 1853 816 1982 909; x_wconf 86' lang='lat' dir='ltr'>printe-</span> 
     </span>
    </p>
   </div>
   <div class='ocr_carea' id='block_1_3' title="bbox 505 911 1995 2959">
    <p class='ocr_par' dir='ltr' id='par_1_3' title="bbox 505 911 1995 2959">
     <span class='ocr_line' id='line_1_3' title="bbox 505 911 1988 1107; baseline -0.003 -24"><span class='ocrx_word' id='word_1_14' title='bbox 505 936 742 1085; x_wconf 66' lang='lat' dir='ltr'>lstsbl&#39;?</span> <span class='ocrx_word' id='word_1_15' title='bbox 755 911 1988 1107; x_wconf 53' lang='lat' dir='ltr'>silliilld?&#39;sslssllslfftiq‘tldslils‘glsdlil&#39;sslz</span> 
     </span>
     <span class='ocr_line' id='line_1_4' title="bbox 507 1104 1986 1203; baseline -0.003 -23"><span class='ocrx_word' id='word_1_16' title='bbox 507 1107 610 1181; x_wconf 82' lang='lat' dir='ltr'>divise</span> <span class='ocrx_word' id='word_1_17' title='bbox 632 1104 746 1189; x_wconf 86' lang='lat' dir='ltr'>fuere,</span> <span class='ocrx_word' id='word_1_18' title='bbox 761 1106 800 1195; x_wconf 79' lang='lat' dir='ltr'>e)</span> <span class='ocrx_word' id='word_1_19' title='bbox 826 1111 901 1202; x_wconf 89' lang='lat' dir='ltr'>quis</span> <span class='ocrx_word' id='word_1_20' title='bbox 925 1107 1068 1201; x_wconf 84' lang='lat' dir='ltr'>proinde</span> <span class='ocrx_word' id='word_1_21' title='bbox 1085 1132 1151 1180; x_wconf 91' lang='lat' dir='ltr'>non</span> <span class='ocrx_word' id='word_1_22' title='bbox 1176 1105 1320 1191; x_wconf 77' lang='lat' dir='ltr'>adseret,</span> <span class='ocrx_word' id='word_1_23' title='bbox 1347 1111 1417 1180; x_wconf 82' lang='lat' dir='ltr'>ltec</span> <span class='ocrx_word' id='word_1_24' title='bbox 1432 1107 1722 1202; x_wconf 87' lang='lat' dir='ltr'>Contotdatajuri</span> <span class='ocrx_word' id='word_1_25' title='bbox 1745 1109 1986 1203; x_wconf 70' lang='lat' dir='ltr'>primm-iatum</span> 
     </span>
     <span class='ocr_line' id='line_1_5' title="bbox 506 1202 1988 1305; baseline -0.002 -28"><span class='ocrx_word' id='word_1_26' title='bbox 506 1229 665 1305; x_wconf 88' lang='lat' dir='ltr'>precum,</span> <span class='ocrx_word' id='word_1_27' title='bbox 692 1202 838 1286; x_wconf 89' lang='lat' dir='ltr'>obllare,</span> <span class='ocrx_word' id='word_1_28' title='bbox 864 1227 940 1276; x_wconf 91' lang='lat' dir='ltr'>cum</span> <span class='ocrx_word' id='word_1_29' title='bbox 959 1204 1022 1276; x_wconf 87' lang='lat' dir='ltr'>hee</span> <span class='ocrx_word' id='word_1_30' title='bbox 1037 1206 1090 1300; x_wconf 87' lang='lat' dir='ltr'>jus</span> <span class='ocrx_word' id='word_1_31' title='bbox 1107 1205 1159 1276; x_wconf 90' lang='lat' dir='ltr'>his</span> <span class='ocrx_word' id='word_1_32' title='bbox 1178 1203 1328 1300; x_wconf 83' lang='lat' dir='ltr'>juribus,</span> <span class='ocrx_word' id='word_1_33' title='bbox 1350 1211 1558 1298; x_wconf 70' lang='lat' dir='ltr'>Imperatore</span> <span class='ocrx_word' id='word_1_34' title='bbox 1572 1203 1710 1288; x_wconf 81' lang='lat' dir='ltr'>sciente,</span> <span class='ocrx_word' id='word_1_35' title='bbox 1734 1231 1800 1276; x_wconf 90' lang='lat' dir='ltr'>non</span> <span class='ocrx_word' id='word_1_36' title='bbox 1819 1204 1988 1276; x_wconf 84' lang='lat' dir='ltr'>contradi·</span> 
     </span>
     <span class='ocr_line' id='line_1_6' title="bbox 507 1298 1989 1399; baseline -0.004 -22"><span class='ocrx_word' id='word_1_37' title='bbox 507 1327 621 1385; x_wconf 85' lang='lat' dir='ltr'>cente,</span> <span class='ocrx_word' id='word_1_38' title='bbox 648 1327 708 1376; x_wconf 89' lang='lat' dir='ltr'>nee</span> <span class='ocrx_word' id='word_1_39' title='bbox 722 1298 929 1384; x_wconf 73' lang='lat' dir='ltr'>reservante,</span> <span class='ocrx_word' id='word_1_40' title='bbox 953 1326 1012 1375; x_wconf 91' lang='lat' dir='ltr'>nec</span> <span class='ocrx_word' id='word_1_41' title='bbox 1028 1306 1232 1374; x_wconf 85' lang='lat' dir='ltr'>mentionem</span> <span class='ocrx_word' id='word_1_42' title='bbox 1253 1299 1401 1399; x_wconf 80' lang='lat' dir='ltr'>suijuris</span> <span class='ocrx_word' id='word_1_43' title='bbox 1423 1303 1523 1373; x_wconf 92' lang='lat' dir='ltr'>ullam</span> <span class='ocrx_word' id='word_1_44' title='bbox 1543 1299 1701 1382; x_wconf 77' lang='lat' dir='ltr'>faciente,</span> <span class='ocrx_word' id='word_1_45' title='bbox 1731 1303 1797 1374; x_wconf 86' lang='lat' dir='ltr'>l&#39;edi</span> <span class='ocrx_word' id='word_1_46' title='bbox 1818 1299 1989 1398; x_wconf 70' lang='lat' dir='ltr'>Apostoli·</span> 
     </span>
     <span class='ocr_line' id='line_1_7' title="bbox 508 1395 1988 1495; baseline -0.004 -21"><span class='ocrx_word' id='word_1_47' title='bbox 508 1427 555 1475; x_wconf 86' lang='lat' dir='ltr'>eat</span> <span class='ocrx_word' id='word_1_48' title='bbox 572 1400 605 1474; x_wconf 85' lang='lat' dir='ltr'>dt</span> <span class='ocrx_word' id='word_1_49' title='bbox 620 1400 811 1473; x_wconf 82' lang='lat' dir='ltr'>Ordineris</span> <span class='ocrx_word' id='word_1_50' title='bbox 826 1395 978 1472; x_wconf 83' lang='lat' dir='ltr'>concessis</span> <span class='ocrx_word' id='word_1_51' title='bbox 993 1396 1168 1472; x_wconf 83' lang='lat' dir='ltr'>manifesto</span> <span class='ocrx_word' id='word_1_52' title='bbox 1184 1399 1400 1474; x_wconf 74' lang='lat' dir='ltr'>adversetur?</span> <span class='ocrx_word' id='word_1_53' title='bbox 1431 1405 1475 1471; x_wconf 91' lang='lat' dir='ltr'>ll.</span> <span class='ocrx_word' id='word_1_54' title='bbox 1498 1398 1520 1471; x_wconf 80' lang='lat' dir='ltr'>fi</span> <span class='ocrx_word' id='word_1_55' title='bbox 1534 1401 1582 1471; x_wconf 90' lang='lat' dir='ltr'>illi</span> <span class='ocrx_word' id='word_1_56' title='bbox 1596 1401 1664 1495; x_wconf 81' lang='lat' dir='ltr'>juri</span> <span class='ocrx_word' id='word_1_57' title='bbox 1683 1401 1895 1472; x_wconf 76' lang='lat' dir='ltr'>Concordem</span> <span class='ocrx_word' id='word_1_58' title='bbox 1918 1423 1988 1469; x_wconf 90' lang='lat' dir='ltr'>non</span> 
     </span>
     <span class='ocr_line' id='line_1_8' title="bbox 508 1494 1990 1592; baseline -0.001 -21"><span class='ocrx_word' id='word_1_59' title='bbox 508 1494 720 1576; x_wconf 83' lang='lat' dir='ltr'>obstitissent,</span> <span class='ocrx_word' id='word_1_60' title='bbox 744 1497 930 1569; x_wconf 72' lang='lat' dir='ltr'>nullatenus</span> <span class='ocrx_word' id='word_1_61' title='bbox 950 1494 1090 1592; x_wconf 84' lang='lat' dir='ltr'>ipsemet</span> <span class='ocrx_word' id='word_1_62' title='bbox 1103 1499 1296 1570; x_wconf 88' lang='lat' dir='ltr'>Fridericus</span> <span class='ocrx_word' id='word_1_63' title='bbox 1314 1503 1379 1571; x_wconf 84' lang='lat'><em>111.</em></span> <span class='ocrx_word' id='word_1_64' title='bbox 1391 1499 1482 1592; x_wconf 87' lang='lat' dir='ltr'>apud</span> <span class='ocrx_word' id='word_1_65' title='bbox 1503 1499 1647 1570; x_wconf 86' lang='lat' dir='ltr'>eundem</span> <span class='ocrx_word' id='word_1_66' title='bbox 1667 1495 1862 1570; x_wconf 85' lang='lat' dir='ltr'>Pontificem</span> <span class='ocrx_word' id='word_1_67' title='bbox 1879 1500 1990 1576; x_wconf 81' lang='lat' dir='ltr'>Nico·</span> 
     </span>
     <span class='ocr_line' id='line_1_9' title="bbox 508 1590 1988 1692; baseline -0.002 -23"><span class='ocrx_word' id='word_1_68' title='bbox 508 1597 601 1669; x_wconf 92' lang='lat' dir='ltr'>laum</span> <span class='ocrx_word' id='word_1_69' title='bbox 619 1600 662 1666; x_wconf 91' lang='lat' dir='ltr'>V.</span> <span class='ocrx_word' id='word_1_70' title='bbox 685 1593 804 1667; x_wconf 88' lang='lat' dir='ltr'>inllare</span> <span class='ocrx_word' id='word_1_71' title='bbox 827 1590 1026 1691; x_wconf 87' lang='lat' dir='ltr'>potuissent,</span> <span class='ocrx_word' id='word_1_72' title='bbox 1058 1616 1095 1666; x_wconf 91' lang='lat' dir='ltr'>ut</span> <span class='ocrx_word' id='word_1_73' title='bbox 1120 1620 1182 1692; x_wconf 90' lang='lat' dir='ltr'>per</span> <span class='ocrx_word' id='word_1_74' title='bbox 1204 1596 1369 1668; x_wconf 89' lang='lat' dir='ltr'>indultum</span> <span class='ocrx_word' id='word_1_75' title='bbox 1395 1595 1613 1668; x_wconf 86' lang='lat' dir='ltr'>Concordatis</span> <span class='ocrx_word' id='word_1_76' title='bbox 1631 1596 1825 1689; x_wconf 85' lang='lat' dir='ltr'>derogeret:</span> <span class='ocrx_word' id='word_1_77' title='bbox 1854 1620 1896 1667; x_wconf 83' lang='lat' dir='ltr'>ex</span> <span class='ocrx_word' id='word_1_78' title='bbox 1918 1618 1988 1692; x_wconf 90' lang='lat' dir='ltr'>quo</span> 
     </span>
     <span class='ocr_line' id='line_1_10' title="bbox 511 1690 1989 1860; baseline -0.001 -96"><span class='ocrx_word' id='word_1_79' title='bbox 511 1693 677 1807; x_wconf 76' lang='lat' dir='ltr'>conjicere</span> <span class='ocrx_word' id='word_1_80' title='bbox 693 1691 781 1805; x_wconf 84' lang='lat' dir='ltr'>haud</span> <span class='ocrx_word' id='word_1_81' title='bbox 800 1717 921 1860; x_wconf 62' lang='lat' dir='ltr'>vanspm</span> <span class='ocrx_word' id='word_1_82' title='bbox 937 1690 1000 1772; x_wconf 87' lang='lat' dir='ltr'>ell,</span> <span class='ocrx_word' id='word_1_83' title='bbox 1037 1691 1068 1763; x_wconf 88' lang='lat' dir='ltr'>dt</span> <span class='ocrx_word' id='word_1_84' title='bbox 1089 1692 1263 1765; x_wconf 82' lang='lat' dir='ltr'>Ftidericn</span> <span class='ocrx_word' id='word_1_85' title='bbox 1288 1698 1350 1809; x_wconf 79' lang='lat' dir='ltr'>III.</span> <span class='ocrx_word' id='word_1_86' title='bbox 1373 1691 1591 1814; x_wconf 64' lang='lat' dir='ltr'>&amp;Pontisicb</span> <span class='ocrx_word' id='word_1_87' title='bbox 1613 1696 1751 1787; x_wconf 80' lang='lat' dir='ltr'>torique</span> <span class='ocrx_word' id='word_1_88' title='bbox 1763 1715 1837 1860; x_wconf 54' lang='lat' dir='ltr'>psum</span> <span class='ocrx_word' id='word_1_89' title='bbox 1859 1694 1989 1858; x_wconf 41' lang='lat' dir='ltr'>neti-oni</span> 
     </span>
     <span class='ocr_line' id='line_1_11' title="bbox 511 1787 1991 1984; baseline -0.002 -23"><span class='ocrx_word' id='word_1_90' title='bbox 511 1787 1991 1984; x_wconf 54' lang='lat' dir='ltr'>lissi?lllillsts‘lzlsslltssslllfstltllllll&#39;lfsz‘tlbfwssss&#39;ltll</span> 
     </span>
     <span class='ocr_line' id='line_1_12' title="bbox 517 1982 1991 2079; baseline -0.001 -22"><span class='ocrx_word' id='word_1_91' title='bbox 517 1988 687 2079; x_wconf 82' lang='lat' dir='ltr'>gerionem</span> <span class='ocrx_word' id='word_1_92' title='bbox 700 1986 896 2056; x_wconf 76' lang='lat' dir='ltr'>nominatim</span> <span class='ocrx_word' id='word_1_93' title='bbox 915 1987 956 2056; x_wconf 86' lang='lat' dir='ltr'>iia</span> <span class='ocrx_word' id='word_1_94' title='bbox 972 1982 1158 2067; x_wconf 78' lang='lat' dir='ltr'>inseruere,</span> <span class='ocrx_word' id='word_1_95' title='bbox 1185 1987 1217 2057; x_wconf 83' lang='lat' dir='ltr'>dt</span> <span class='ocrx_word' id='word_1_96' title='bbox 1238 1985 1354 2077; x_wconf 80' lang='lat' dir='ltr'>singuli</span> <span class='ocrx_word' id='word_1_97' title='bbox 1370 1983 1575 2058; x_wconf 78' lang='lat' dir='ltr'>successores</span> <span class='ocrx_word' id='word_1_98' title='bbox 1592 1987 1755 2059; x_wconf 86' lang='lat' dir='ltr'>Friderici</span> <span class='ocrx_word' id='word_1_99' title='bbox 1775 1991 1837 2057; x_wconf 92' lang='lat' dir='ltr'>lll.</span> <span class='ocrx_word' id='word_1_100' title='bbox 1860 1983 1991 2056; x_wconf 86' lang='lat' dir='ltr'>induite</span> 
     </span>
     <span class='ocr_line' id='line_1_13' title="bbox 514 2080 1992 2182; baseline 0.001 -30"><span class='ocrx_word' id='word_1_101' title='bbox 514 2081 735 2162; x_wconf 86' lang='lat' dir='ltr'>admiserunt,</span> <span class='ocrx_word' id='word_1_102' title='bbox 760 2080 843 2153; x_wconf 91' lang='lat' dir='ltr'>nihil</span> <span class='ocrx_word' id='word_1_103' title='bbox 858 2081 1092 2162; x_wconf 88' lang='lat' dir='ltr'>obmoventes,</span> <span class='ocrx_word' id='word_1_104' title='bbox 1120 2081 1209 2156; x_wconf 85' lang='lat' dir='ltr'>heud</span> <span class='ocrx_word' id='word_1_105' title='bbox 1225 2107 1311 2182; x_wconf 91' lang='lat' dir='ltr'>opus</span> <span class='ocrx_word' id='word_1_106' title='bbox 1327 2080 1391 2156; x_wconf 81' lang='lat' dir='ltr'>elle</span> <span class='ocrx_word' id='word_1_107' title='bbox 1403 2109 1441 2154; x_wconf 84' lang='lat' dir='ltr'>es</span> <span class='ocrx_word' id='word_1_108' title='bbox 1456 2086 1674 2176; x_wconf 78' lang='lat' dir='ltr'>derogatione</span> <span class='ocrx_word' id='word_1_109' title='bbox 1696 2083 1832 2154; x_wconf 88' lang='lat' dir='ltr'>indultis</span> <span class='ocrx_word' id='word_1_110' title='bbox 1845 2081 1992 2178; x_wconf 80' lang='lat' dir='ltr'>Apollo-</span> 
     </span>
     <span class='ocr_line' id='line_1_14' title="bbox 513 2177 1993 2276; baseline -0.001 -24"><span class='ocrx_word' id='word_1_111' title='bbox 513 2180 588 2252; x_wconf 92' lang='lat' dir='ltr'>licis</span> <span class='ocrx_word' id='word_1_112' title='bbox 603 2177 702 2251; x_wconf 88' lang='lat' dir='ltr'>inseri</span> <span class='ocrx_word' id='word_1_113' title='bbox 718 2177 811 2251; x_wconf 80' lang='lat' dir='ltr'>solite</span> <span class='ocrx_word' id='word_1_114' title='bbox 826 2184 887 2250; x_wconf 88' lang='lat' dir='ltr'>tv.</span> <span class='ocrx_word' id='word_1_115' title='bbox 914 2184 1137 2275; x_wconf 82' lang='lat' dir='ltr'>Imperatores</span> <span class='ocrx_word' id='word_1_116' title='bbox 1154 2178 1176 2250; x_wconf 89' lang='lat' dir='ltr'>li</span> <span class='ocrx_word' id='word_1_117' title='bbox 1192 2181 1400 2254; x_wconf 79' lang='lat' dir='ltr'>Concordem</span> <span class='ocrx_word' id='word_1_118' title='bbox 1413 2182 1480 2274; x_wconf 88' lang='lat' dir='ltr'>juri</span> <span class='ocrx_word' id='word_1_119' title='bbox 1501 2179 1560 2251; x_wconf 87' lang='lat' dir='ltr'>suo</span> <span class='ocrx_word' id='word_1_120' title='bbox 1582 2206 1647 2252; x_wconf 91' lang='lat' dir='ltr'>non</span> <span class='ocrx_word' id='word_1_121' title='bbox 1667 2178 1830 2253; x_wconf 84' lang='lat' dir='ltr'>adversari</span> <span class='ocrx_word' id='word_1_122' title='bbox 1850 2177 1993 2276; x_wconf 83' lang='lat' dir='ltr'>judiees·</span> 
     </span>
     <span class='ocr_line' id='line_1_15' title="bbox 514 2273 1994 2374; baseline -0.001 -24"><span class='ocrx_word' id='word_1_123' title='bbox 514 2276 604 2359; x_wconf 85' lang='lat' dir='ltr'>l&#39;eot,</span> <span class='ocrx_word' id='word_1_124' title='bbox 629 2278 810 2350; x_wconf 84' lang='lat' dir='ltr'>hodienum</span> <span class='ocrx_word' id='word_1_125' title='bbox 827 2273 955 2374; x_wconf 82' lang='lat' dir='ltr'>possent</span> <span class='ocrx_word' id='word_1_126' title='bbox 969 2277 1126 2349; x_wconf 82' lang='lat' dir='ltr'>beneficia</span> <span class='ocrx_word' id='word_1_127' title='bbox 1143 2276 1314 2360; x_wconf 81' lang='lat' dir='ltr'>Pontifici,</span> <span class='ocrx_word' id='word_1_128' title='bbox 1340 2283 1373 2348; x_wconf 90' lang='lat' dir='ltr'>in</span> <span class='ocrx_word' id='word_1_129' title='bbox 1388 2283 1562 2370; x_wconf 83' lang='lat' dir='ltr'>Erttavsg.</span> <span class='ocrx_word' id='word_1_130' title='bbox 1581 2283 1637 2350; x_wconf 85' lang='lat' dir='ltr'>Ad</span> <span class='ocrx_word' id='word_1_131' title='bbox 1651 2286 1792 2372; x_wconf 78' lang='lat' dir='ltr'>Regimen</span> <span class='ocrx_word' id='word_1_132' title='bbox 1801 2277 1994 2350; x_wconf 87' lang='lat' dir='ltr'>Coneotds·</span> 
     </span>
     <span class='ocr_line' id='line_1_16' title="bbox 515 2372 1994 2472; baseline -0.002 -25"><span class='ocrx_word' id='word_1_133' title='bbox 515 2380 557 2447; x_wconf 87' lang='lat' dir='ltr'>tis</span> <span class='ocrx_word' id='word_1_134' title='bbox 574 2375 712 2456; x_wconf 87' lang='lat' dir='ltr'>inserts,</span> <span class='ocrx_word' id='word_1_135' title='bbox 738 2372 919 2456; x_wconf 80' lang='lat' dir='ltr'>reservata,</span> <span class='ocrx_word' id='word_1_136' title='bbox 946 2375 1100 2470; x_wconf 87' lang='lat' dir='ltr'>precibus</span> <span class='ocrx_word' id='word_1_137' title='bbox 1118 2373 1182 2446; x_wconf 88' lang='lat' dir='ltr'>suis</span> <span class='ocrx_word' id='word_1_138' title='bbox 1206 2374 1366 2457; x_wconf 85' lang='lat' dir='ltr'>ndlicere,</span> <span class='ocrx_word' id='word_1_139' title='bbox 1392 2401 1492 2472; x_wconf 82' lang='lat' dir='ltr'>atque</span> <span class='ocrx_word' id='word_1_140' title='bbox 1509 2379 1580 2444; x_wconf 85' lang='lat' dir='ltr'>aliis</span> <span class='ocrx_word' id='word_1_141' title='bbox 1597 2402 1614 2446; x_wconf 90' lang='lat' dir='ltr'>a</span> <span class='ocrx_word' id='word_1_142' title='bbox 1632 2375 1705 2446; x_wconf 88' lang='lat' dir='ltr'>sede</span> <span class='ocrx_word' id='word_1_143' title='bbox 1722 2373 1914 2472; x_wconf 80' lang='lat' dir='ltr'>Apostoliee</span> <span class='ocrx_word' id='word_1_144' title='bbox 1929 2399 1994 2472; x_wconf 89' lang='lat' dir='ltr'>per</span> 
     </span>
     <span class='ocr_line' id='line_1_17' title="bbox 515 2467 1993 2566; baseline -0.001 -23"><span class='ocrx_word' id='word_1_145' title='bbox 515 2472 644 2543; x_wconf 89' lang='lat' dir='ltr'>indulta</span> <span class='ocrx_word' id='word_1_146' title='bbox 660 2469 756 2543; x_wconf 75' lang='lat' dir='ltr'>factis</span> <span class='ocrx_word' id='word_1_147' title='bbox 771 2467 1011 2542; x_wconf 80' lang='lat' dir='ltr'>beneficiorum</span> <span class='ocrx_word' id='word_1_148' title='bbox 1032 2472 1281 2566; x_wconf 82' lang='lat' dir='ltr'>exceptionibus</span> <span class='ocrx_word' id='word_1_149' title='bbox 1298 2478 1350 2542; x_wconf 88' lang='lat' dir='ltr'>vir</span> <span class='ocrx_word' id='word_1_150' title='bbox 1370 2498 1499 2544; x_wconf 90' lang='lat' dir='ltr'>morem</span> <span class='ocrx_word' id='word_1_151' title='bbox 1515 2469 1689 2564; x_wconf 77' lang='lat' dir='ltr'>gessissent,</span> <span class='ocrx_word' id='word_1_152' title='bbox 1715 2470 1738 2544; x_wconf 86' lang='lat' dir='ltr'>st</span> <span class='ocrx_word' id='word_1_153' title='bbox 1753 2495 1828 2544; x_wconf 81' lang='lat' dir='ltr'>ente</span> <span class='ocrx_word' id='word_1_154' title='bbox 1844 2475 1993 2544; x_wconf 89' lang='lat' dir='ltr'>Concor·</span> 
     </span>
     <span class='ocr_line' id='line_1_18' title="bbox 517 2563 1995 2665; baseline 0.001 -25"><span class='ocrx_word' id='word_1_155' title='bbox 517 2568 593 2641; x_wconf 88' lang='lat' dir='ltr'>dats</span> <span class='ocrx_word' id='word_1_156' title='bbox 606 2573 639 2638; x_wconf 92' lang='lat' dir='ltr'>in</span> <span class='ocrx_word' id='word_1_157' title='bbox 657 2571 696 2638; x_wconf 92' lang='lat' dir='ltr'>iis</span> <span class='ocrx_word' id='word_1_158' title='bbox 714 2567 877 2662; x_wconf 84' lang='lat' dir='ltr'>jussuum</span> <span class='ocrx_word' id='word_1_159' title='bbox 897 2592 953 2640; x_wconf 88' lang='lat' dir='ltr'>sut</span> <span class='ocrx_word' id='word_1_160' title='bbox 968 2565 1197 2649; x_wconf 80' lang='lat' dir='ltr'>exercuissent,</span> <span class='ocrx_word' id='word_1_161' title='bbox 1228 2595 1283 2639; x_wconf 88' lang='lat' dir='ltr'>sur</span> <span class='ocrx_word' id='word_1_162' title='bbox 1304 2596 1365 2665; x_wconf 91' lang='lat' dir='ltr'>pcr</span> <span class='ocrx_word' id='word_1_163' title='bbox 1385 2573 1592 2641; x_wconf 89' lang='lat' dir='ltr'>Concordara</span> <span class='ocrx_word' id='word_1_164' title='bbox 1613 2567 1775 2644; x_wconf 88' lang='lat' dir='ltr'>sublatum</span> <span class='ocrx_word' id='word_1_165' title='bbox 1794 2595 1861 2641; x_wconf 89' lang='lat' dir='ltr'>non</span> <span class='ocrx_word' id='word_1_166' title='bbox 1886 2563 1995 2652; x_wconf 80' lang='lat' dir='ltr'>foisse,</span> 
     </span>
     <span class='ocr_line' id='line_1_19' title="bbox 515 2661 1994 2763; baseline -0.002 -23"><span class='ocrx_word' id='word_1_167' title='bbox 515 2661 736 2740; x_wconf 84' lang='lat' dir='ltr'>credidissent.</span> <span class='ocrx_word' id='word_1_168' title='bbox 787 2667 889 2740; x_wconf 90' lang='lat' dir='ltr'>Unde</span> <span class='ocrx_word' id='word_1_169' title='bbox 904 2688 1012 2763; x_wconf 89' lang='lat' dir='ltr'>prono</span> <span class='ocrx_word' id='word_1_170' title='bbox 1029 2664 1117 2760; x_wconf 80' lang='lat' dir='ltr'>quafi</span> <span class='ocrx_word' id='word_1_171' title='bbox 1132 2666 1225 2738; x_wconf 87' lang='lat' dir='ltr'>slveo</span> <span class='ocrx_word' id='word_1_172' title='bbox 1243 2667 1348 2740; x_wconf 86' lang='lat' dir='ltr'>sluere</span> <span class='ocrx_word' id='word_1_173' title='bbox 1369 2670 1518 2752; x_wconf 88' lang='lat' dir='ltr'>videtur,</span> <span class='ocrx_word' id='word_1_174' title='bbox 1544 2671 1575 2738; x_wconf 90' lang='lat' dir='ltr'>ei</span> <span class='ocrx_word' id='word_1_175' title='bbox 1597 2669 1664 2761; x_wconf 87' lang='lat' dir='ltr'>juri</span> <span class='ocrx_word' id='word_1_176' title='bbox 1681 2664 1829 2740; x_wconf 78' lang='lat' dir='ltr'>Cesarea</span> <span class='ocrx_word' id='word_1_177' title='bbox 1845 2671 1994 2740; x_wconf 88' lang='lat' dir='ltr'>Concor·</span> 
     </span>
     <span class='ocr_line' id='line_1_20' title="bbox 517 2760 1993 2860; baseline 0.001 -24"><span class='ocrx_word' id='word_1_178' title='bbox 517 2763 593 2836; x_wconf 90' lang='lat' dir='ltr'>data</span> <span class='ocrx_word' id='word_1_179' title='bbox 613 2789 691 2838; x_wconf 91' lang='lat' dir='ltr'>vere</span> <span class='ocrx_word' id='word_1_180' title='bbox 707 2760 853 2845; x_wconf 87' lang='lat' dir='ltr'>obstare,</span> <span class='ocrx_word' id='word_1_181' title='bbox 878 2787 986 2860; x_wconf 84' lang='lat' dir='ltr'>neque</span> <span class='ocrx_word' id='word_1_182' title='bbox 1001 2764 1082 2834; x_wconf 91' lang='lat' dir='ltr'>illud</span> <span class='ocrx_word' id='word_1_183' title='bbox 1097 2761 1162 2836; x_wconf 86' lang='lat' dir='ltr'>stne</span> <span class='ocrx_word' id='word_1_184' title='bbox 1178 2767 1299 2836; x_wconf 89' lang='lat' dir='ltr'>borum</span> <span class='ocrx_word' id='word_1_185' title='bbox 1317 2765 1513 2849; x_wconf 78' lang='lat' dir='ltr'>violatione,</span> <span class='ocrx_word' id='word_1_186' title='bbox 1540 2787 1596 2838; x_wconf 92' lang='lat' dir='ltr'>aut</span> <span class='ocrx_word' id='word_1_187' title='bbox 1618 2761 1788 2839; x_wconf 82' lang='lat' dir='ltr'>Pontificis</span> <span class='ocrx_word' id='word_1_188' title='bbox 1813 2763 1867 2838; x_wconf 87' lang='lat' dir='ltr'>vel</span> <span class='ocrx_word' id='word_1_189' title='bbox 1887 2768 1993 2838; x_wconf 87' lang='lat' dir='ltr'>notio·</span> 
     </span>
     <span class='ocr_line' id='line_1_21' title="bbox 517 2856 1372 2959; baseline -0.001 -24"><span class='ocrx_word' id='word_1_190' title='bbox 517 2865 570 2935; x_wconf 88' lang='lat' dir='ltr'>rtis</span> <span class='ocrx_word' id='word_1_191' title='bbox 585 2860 741 2936; x_wconf 83' lang='lat' dir='ltr'>consensu</span> <span class='ocrx_word' id='word_1_192' title='bbox 755 2865 901 2935; x_wconf 82' lang='lat' dir='ltr'>exerceri</span> <span class='ocrx_word' id='word_1_193' title='bbox 915 2856 1072 2958; x_wconf 86' lang='lat' dir='ltr'>potuisse,</span> <span class='ocrx_word' id='word_1_194' title='bbox 1099 2884 1155 2933; x_wconf 92' lang='lat' dir='ltr'>aut</span> <span class='ocrx_word' id='word_1_195' title='bbox 1169 2888 1255 2934; x_wconf 90' lang='lat' dir='ltr'>nune</span> <span class='ocrx_word' id='word_1_196' title='bbox 1269 2859 1372 2959; x_wconf 81' lang='lat' dir='ltr'>polle.</span> 
     </span>
    </p>
   </div>
   <div class='ocr_carea' id='block_1_4' title="bbox 559 3011 2001 3524">
    <p class='ocr_par' dir='ltr' id='par_1_4' title="bbox 559 3011 2001 3524">
     <span class='ocr_line' id='line_1_22' title="bbox 559 3011 1998 3101; baseline -0.002 -20"><span class='ocrx_word' id='word_1_197' title='bbox 559 3016 600 3101; x_wconf 81' lang='lat' dir='ltr'>a)</span> <span class='ocrx_word' id='word_1_198' title='bbox 623 3014 697 3084; x_wconf 90' lang='lat' dir='ltr'>Vid.</span> <span class='ocrx_word' id='word_1_199' title='bbox 712 3016 782 3093; x_wconf 76' lang='lat' dir='ltr'>eius</span> <span class='ocrx_word' id='word_1_200' title='bbox 799 3012 981 3080; x_wconf 86' lang='lat' dir='ltr'>Dlssertatio</span> <span class='ocrx_word' id='word_1_201' title='bbox 997 3012 1031 3096; x_wconf 69' lang='lat' dir='ltr'>S.</span> <span class='ocrx_word' id='word_1_202' title='bbox 1047 3011 1153 3079; x_wconf 86' lang='lat' dir='ltr'><strong>XXX.</strong></span> <span class='ocrx_word' id='word_1_203' title='bbox 1169 3015 1223 3078; x_wconf 89' lang='lat' dir='ltr'>ubi</span> <span class='ocrx_word' id='word_1_204' title='bbox 1240 3017 1359 3099; x_wconf 83' lang='lat' dir='ltr'>inquit:</span> <span class='ocrx_word' id='word_1_205' title='bbox 1385 3025 1406 3061; x_wconf 83' lang='grc'><strong>“</strong></span> <span class='ocrx_word' id='word_1_206' title='bbox 1416 3018 1549 3082; x_wconf 89' lang='lat' dir='ltr'>Demum</span> <span class='ocrx_word' id='word_1_207' title='bbox 1571 3019 1604 3081; x_wconf 85' lang='lat' dir='ltr'>ln</span> <span class='ocrx_word' id='word_1_208' title='bbox 1618 3013 1788 3079; x_wconf 84' lang='lat' dir='ltr'>eoncordia</span> <span class='ocrx_word' id='word_1_209' title='bbox 1807 3013 1873 3086; x_wconf 87' lang='lat' dir='ltr'>nil,</span> <span class='ocrx_word' id='word_1_210' title='bbox 1909 3015 1998 3098; x_wconf 84' lang='lat' dir='ltr'>qnod</span> 
     </span>
     <span class='ocr_line' id='line_1_23' title="bbox 635 3095 2000 3180; baseline 0 -18"><span class='ocrx_word' id='word_1_211' title='bbox 635 3096 829 3162; x_wconf 77' lang='lat' dir='ltr'>beneficialis</span> <span class='ocrx_word' id='word_1_212' title='bbox 843 3095 955 3180; x_wconf 85' lang='lat' dir='ltr'>sapiat,</span> <span class='ocrx_word' id='word_1_213' title='bbox 979 3095 1155 3159; x_wconf 86' lang='lat' dir='ltr'>reservatur</span> <span class='ocrx_word' id='word_1_214' title='bbox 1171 3095 1349 3171; x_wconf 74' lang='lat' dir='ltr'>friderico,</span> <span class='ocrx_word' id='word_1_215' title='bbox 1372 3101 1405 3166; x_wconf 86' lang='lat' dir='ltr'>dt</span> <span class='ocrx_word' id='word_1_216' title='bbox 1422 3100 1657 3166; x_wconf 75' lang='lat' dir='ltr'>successoribus</span> <span class='ocrx_word' id='word_1_217' title='bbox 1670 3095 1703 3161; x_wconf 81' lang='lat' dir='ltr'>dt</span> <span class='ocrx_word' id='word_1_218' title='bbox 1719 3099 1862 3160; x_wconf 85' lang='lat' dir='ltr'>omniunt</span> <span class='ocrx_word' id='word_1_219' title='bbox 1876 3097 2000 3162; x_wconf 83' lang='lat' dir='ltr'>benefi-</span> 
     </span>
     <span class='ocr_line' id='line_1_24' title="bbox 636 3177 1999 3248; baseline 0 -4"><span class='ocrx_word' id='word_1_220' title='bbox 636 3181 759 3244; x_wconf 86' lang='lat' dir='ltr'>ciorum</span> <span class='ocrx_word' id='word_1_221' title='bbox 771 3180 962 3243; x_wconf 84' lang='lat' dir='ltr'>collationes</span> <span class='ocrx_word' id='word_1_222' title='bbox 974 3178 1198 3243; x_wconf 89' lang='lat' dir='ltr'>distribuuntur</span> <span class='ocrx_word' id='word_1_223' title='bbox 1217 3182 1298 3244; x_wconf 92' lang='lat' dir='ltr'>inter</span> <span class='ocrx_word' id='word_1_224' title='bbox 1311 3183 1449 3248; x_wconf 87' lang='lat' dir='ltr'>summos</span> <span class='ocrx_word' id='word_1_225' title='bbox 1464 3183 1633 3248; x_wconf 85' lang='lat' dir='ltr'>Pontistres</span> <span class='ocrx_word' id='word_1_226' title='bbox 1648 3177 1682 3244; x_wconf 80' lang='lat' dir='ltr'>dt</span> <span class='ocrx_word' id='word_1_227' title='bbox 1695 3179 1874 3244; x_wconf 77' lang='lat' dir='ltr'>ordiuntios</span> <span class='ocrx_word' id='word_1_228' title='bbox 1889 3179 1999 3244; x_wconf 84' lang='lat' dir='ltr'>Colle·</span> 
     </span>
     <span class='ocr_line' id='line_1_25' title="bbox 636 3260 2000 3354; baseline 0.001 -30"><span class='ocrx_word' id='word_1_229' title='bbox 636 3273 726 3325; x_wconf 85' lang='lat' dir='ltr'>tores</span> <span class='ocrx_word' id='word_1_230' title='bbox 745 3261 939 3334; x_wconf 86' lang='lat' dir='ltr'>Germaniae,</span> <span class='ocrx_word' id='word_1_231' title='bbox 961 3264 1107 3354; x_wconf 84' lang='lat' dir='ltr'>quamvis</span> <span class='ocrx_word' id='word_1_232' title='bbox 1123 3260 1312 3332; x_wconf 85' lang='lat' dir='ltr'>Fridericus,</span> <span class='ocrx_word' id='word_1_233' title='bbox 1335 3285 1509 3350; x_wconf 84' lang='lat' dir='ltr'>omnesque</span> <span class='ocrx_word' id='word_1_234' title='bbox 1522 3264 1699 3328; x_wconf 68' lang='lat' dir='ltr'>Germania</span> <span class='ocrx_word' id='word_1_235' title='bbox 1717 3262 1847 3326; x_wconf 85' lang='lat' dir='ltr'>ordines</span> <span class='ocrx_word' id='word_1_236' title='bbox 1859 3281 2000 3326; x_wconf 89' lang='lat' dir='ltr'>eoncor-</span> 
     </span>
     <span class='ocr_line' id='line_1_26' title="bbox 637 3341 2001 3436; baseline -0.002 -30"><span class='ocrx_word' id='word_1_237' title='bbox 637 3343 700 3407; x_wconf 80' lang='lat' dir='ltr'>diae</span> <span class='ocrx_word' id='word_1_238' title='bbox 714 3341 896 3414; x_wconf 84' lang='lat' dir='ltr'>sdsuisseut,</span> <span class='ocrx_word' id='word_1_239' title='bbox 925 3362 1056 3424; x_wconf 81' lang='lat' dir='ltr'>esusque</span> <span class='ocrx_word' id='word_1_240' title='bbox 1073 3341 1259 3420; x_wconf 84' lang='lat' dir='ltr'>laudassent,</span> <span class='ocrx_word' id='word_1_241' title='bbox 1292 3346 1326 3409; x_wconf 83' lang='lat' dir='ltr'>dt</span> <span class='ocrx_word' id='word_1_242' title='bbox 1344 3349 1520 3436; x_wconf 81' lang='lat' dir='ltr'>Imperator</span> <span class='ocrx_word' id='word_1_243' title='bbox 1540 3345 1727 3410; x_wconf 83' lang='lat' dir='ltr'>disstmulare</span> <span class='ocrx_word' id='word_1_244' title='bbox 1748 3341 1832 3406; x_wconf 82' lang='lat' dir='ltr'>haud</span> <span class='ocrx_word' id='word_1_245' title='bbox 1847 3343 2001 3430; x_wconf 78' lang='lat' dir='ltr'>potuisset</span> 
     </span>
     <span class='ocr_line' id='line_1_27' title="bbox 636 3425 2000 3524; baseline 0.003 -37"><span class='ocrx_word' id='word_1_246' title='bbox 636 3426 688 3509; x_wconf 76' lang='lat' dir='ltr'>jus</span> <span class='ocrx_word' id='word_1_247' title='bbox 702 3427 916 3509; x_wconf 85' lang='lat' dir='ltr'>ptlmeriarum</span> <span class='ocrx_word' id='word_1_248' title='bbox 930 3443 1079 3524; x_wconf 87' lang='lat' dir='ltr'>precum,</span> <span class='ocrx_word' id='word_1_249' title='bbox 1107 3428 1193 3508; x_wconf 86' lang='lat' dir='ltr'>quod</span> <span class='ocrx_word' id='word_1_250' title='bbox 1210 3427 1419 3510; x_wconf 72' lang='lat' dir='ltr'>imperotores</span> <span class='ocrx_word' id='word_1_251' title='bbox 1439 3434 1468 3498; x_wconf 89' lang='lat' dir='ltr'>se</span> <span class='ocrx_word' id='word_1_252' title='bbox 1486 3431 1601 3496; x_wconf 78' lang='lat' dir='ltr'>hebere</span> <span class='ocrx_word' id='word_1_253' title='bbox 1617 3425 1898 3500; x_wconf 82' lang='lat' dir='ltr'>exillitnsveraot,</span> <span class='ocrx_word' id='word_1_254' title='bbox 1924 3447 2000 3492; x_wconf 89' lang='lat' dir='ltr'>eutn</span> 
     </span>
    </p>
   </div>
   <div class='ocr_carea' id='block_1_5' title="bbox 636 3493 2000 3669">
    <p class='ocr_par' dir='ltr' id='par_1_5' title="bbox 636 3493 2000 3669">
     <span class='ocr_line' id='line_1_28' title="bbox 636 3493 2000 3655; baseline 0.001 -84"><span class='ocrx_word' id='word_1_255' title='bbox 636 3493 750 3655; x_wconf 58' lang='lat' dir='ltr'>tdtiplte</span> <span class='ocrx_word' id='word_1_256' title='bbox 764 3510 802 3573; x_wconf 82' lang='lat' dir='ltr'>ab</span> <span class='ocrx_word' id='word_1_257' title='bbox 815 3508 963 3593; x_wconf 83' lang='lat' dir='ltr'>Eugento</span> <span class='ocrx_word' id='word_1_258' title='bbox 977 3506 1203 3573; x_wconf 82' lang='lat' dir='ltr'>Prnedecessore</span> <span class='ocrx_word' id='word_1_259' title='bbox 1216 3509 1245 3575; x_wconf 86' lang='lat' dir='ltr'>N</span> <span class='ocrx_word' id='word_1_260' title='bbox 1248 3511 1343 3577; x_wconf 81' lang='lat' dir='ltr'>icolcl</span> <span class='ocrx_word' id='word_1_261' title='bbox 1356 3517 1396 3582; x_wconf 88' lang='lat' dir='ltr'>V.</span> <span class='ocrx_word' id='word_1_262' title='bbox 1412 3515 1568 3581; x_wconf 88' lang='lat' dir='ltr'>indultum</span> <span class='ocrx_word' id='word_1_263' title='bbox 1582 3509 1711 3594; x_wconf 87' lang='lat' dir='ltr'>speciale</span> <span class='ocrx_word' id='word_1_264' title='bbox 1724 3507 1814 3594; x_wconf 87' lang='lat' dir='ltr'>sttper</span> <span class='ocrx_word' id='word_1_265' title='bbox 1830 3505 1882 3576; x_wconf 88' lang='lat' dir='ltr'>his</span> <span class='ocrx_word' id='word_1_266' title='bbox 1899 3509 2000 3608; x_wconf 88' lang='lat' dir='ltr'>lmpe·</span> 
     </span>
     <span class='ocr_line' id='line_1_29' title="bbox 654 3609 793 3669; baseline -0.007 -15"><span class='ocrx_word' id='word_1_267' title='bbox 654 3609 683 3654; x_wconf 87' lang='lat' dir='ltr'>rs</span> <span class='ocrx_word' id='word_1_268' title='bbox 710 3611 727 3654; x_wconf 91' lang='lat' dir='ltr'>e</span> <span class='ocrx_word' id='word_1_269' title='bbox 744 3639 752 3657; x_wconf 86' lang='lat'><em>.</em></span> <span class='ocrx_word' id='word_1_270' title='bbox 771 3634 793 3669; x_wconf 90' lang='lat'><strong>„</strong></span> 
     </span>
    </p>
   </div>
   <div class='ocr_carea' id='block_1_6' title="bbox 1201 3711 1334 3804">
    <p class='ocr_par' dir='ltr' id='par_1_6' title="bbox 1201 3711 1334 3804">
     <span class='ocr_line' id='line_1_30' title="bbox 1201 3711 1334 3804; baseline 0.03 -22"><span class='ocrx_word' id='word_1_271' title='bbox 1201 3723 1230 3804; x_wconf 69' lang='lat' dir='ltr'>t.</span> <span class='ocrx_word' id='word_1_272' title='bbox 1285 3711 1334 3786; x_wconf 86' lang='lat' dir='ltr'>v.</span> 
     </span>
    </p>
   </div>
   <div class='ocr_carea' id='block_1_7' title="bbox 525 3837 2007 4728">
    <p class='ocr_par' dir='ltr' id='par_1_7' title="bbox 525 3837 2007 4728">
     <span class='ocr_line' id='line_1_31' title="bbox 642 3837 2005 3942; baseline 0.004 -31"><span class='ocrx_word' id='word_1_273' title='bbox 642 3842 728 3911; x_wconf 88' lang='lat' dir='ltr'>Cum</span> <span class='ocrx_word' id='word_1_274' title='bbox 748 3861 786 3910; x_wconf 90' lang='lat' dir='ltr'>et</span> <span class='ocrx_word' id='word_1_275' title='bbox 801 3837 974 3934; x_wconf 80' lang='lat' dir='ltr'>premissis</span> <span class='ocrx_word' id='word_1_276' title='bbox 991 3847 1167 3940; x_wconf 85' lang='lat' dir='ltr'>utriusque</span> <span class='ocrx_word' id='word_1_277' title='bbox 1184 3844 1351 3919; x_wconf 74' lang='lat' dir='ltr'>sententie</span> <span class='ocrx_word' id='word_1_278' title='bbox 1369 3842 1425 3920; x_wconf 82' lang='lat' dir='ltr'>sibi</span> <span class='ocrx_word' id='word_1_279' title='bbox 1442 3845 1581 3916; x_wconf 86' lang='lat' dir='ltr'>invicem</span> <span class='ocrx_word' id='word_1_280' title='bbox 1599 3844 1795 3920; x_wconf 87' lang='lat' dir='ltr'>ediametro</span> <span class='ocrx_word' id='word_1_281' title='bbox 1812 3857 2005 3942; x_wconf 78' lang='lat' dir='ltr'>repugnen-</span> 
     </span>
     <span class='ocr_line' id='line_1_32' title="bbox 525 3935 2004 4041; baseline 0.004 -31"><span class='ocrx_word' id='word_1_282' title='bbox 525 3940 569 4010; x_wconf 85' lang='lat' dir='ltr'>tis</span> <span class='ocrx_word' id='word_1_283' title='bbox 585 3935 685 4009; x_wconf 81' lang='lat' dir='ltr'>tausis</span> <span class='ocrx_word' id='word_1_284' title='bbox 703 3937 735 4008; x_wconf 84' lang='lat' dir='ltr'>dt</span> <span class='ocrx_word' id='word_1_285' title='bbox 753 3943 929 4009; x_wconf 89' lang='lat' dir='ltr'>momentis</span> <span class='ocrx_word' id='word_1_286' title='bbox 951 3939 1139 4038; x_wconf 87' lang='lat' dir='ltr'>perspicere</span> <span class='ocrx_word' id='word_1_287' title='bbox 1155 3948 1263 4039; x_wconf 90' lang='lat' dir='ltr'>quivis</span> <span class='ocrx_word' id='word_1_288' title='bbox 1285 3940 1399 4041; x_wconf 79' lang='lat' dir='ltr'>possit,</span> <span class='ocrx_word' id='word_1_289' title='bbox 1439 3967 1506 4014; x_wconf 89' lang='lat' dir='ltr'>non</span> <span class='ocrx_word' id='word_1_290' title='bbox 1528 3943 1683 4016; x_wconf 81' lang='lat' dir='ltr'>levidensi</span> <span class='ocrx_word' id='word_1_291' title='bbox 1702 3941 1912 4038; x_wconf 61' lang='lat' dir='ltr'>eunieslute,</span> <span class='ocrx_word' id='word_1_292' title='bbox 1944 3965 2004 4016; x_wconf 84' lang='lat' dir='ltr'>eut</span> 
     </span>
     <span class='ocr_line' id='line_1_33' title="bbox 526 4033 2003 4136; baseline 0.006 -32"><span class='ocrx_word' id='word_1_293' title='bbox 526 4033 626 4124; x_wconf 87' lang='lat' dir='ltr'>longe</span> <span class='ocrx_word' id='word_1_294' title='bbox 653 4039 759 4131; x_wconf 91' lang='lat' dir='ltr'>petito</span> <span class='ocrx_word' id='word_1_295' title='bbox 781 4059 978 4128; x_wconf 88' lang='lat' dir='ltr'>argumento</span> <span class='ocrx_word' id='word_1_296' title='bbox 998 4047 1174 4133; x_wconf 81' lang='lat' dir='ltr'>utramque</span> <span class='ocrx_word' id='word_1_297' title='bbox 1206 4044 1293 4123; x_wconf 90' lang='lat' dir='ltr'>niti,</span> <span class='ocrx_word' id='word_1_298' title='bbox 1341 4039 1586 4113; x_wconf 87' lang='lat' dir='ltr'>observationes</span> <span class='ocrx_word' id='word_1_299' title='bbox 1614 4044 1764 4114; x_wconf 87' lang='lat' dir='ltr'>intimius</span> <span class='ocrx_word' id='word_1_300' title='bbox 1787 4043 2003 4136; x_wconf 83' lang='lat' dir='ltr'>penetrandis</span> 
     </span>
     <span class='ocr_line' id='line_1_34' title="bbox 527 4131 2003 4238; baseline 0.009 -39"><span class='ocrx_word' id='word_1_301' title='bbox 527 4134 703 4228; x_wconf 88' lang='lat' dir='ltr'>utriusque</span> <span class='ocrx_word' id='word_1_302' title='bbox 719 4131 942 4208; x_wconf 84' lang='lat' dir='ltr'>fundamentis</span> <span class='ocrx_word' id='word_1_303' title='bbox 965 4137 1185 4210; x_wconf 86' lang='lat' dir='ltr'>conducentes</span> <span class='ocrx_word' id='word_1_304' title='bbox 1207 4139 1272 4210; x_wconf 90' lang='lat' dir='ltr'>huc</span> <span class='ocrx_word' id='word_1_305' title='bbox 1294 4161 1475 4230; x_wconf 87' lang='lat' dir='ltr'>congerere</span> <span class='ocrx_word' id='word_1_306' title='bbox 1498 4138 1584 4209; x_wconf 90' lang='lat' dir='ltr'>hsud</span> <span class='ocrx_word' id='word_1_307' title='bbox 1609 4139 1751 4223; x_wconf 84' lang='lat' dir='ltr'>tacebit,</span> <span class='ocrx_word' id='word_1_308' title='bbox 1784 4139 1879 4222; x_wconf 90' lang='lat' dir='ltr'>licet,</span> <span class='ocrx_word' id='word_1_309' title='bbox 1919 4139 2003 4238; x_wconf 83' lang='lat' dir='ltr'>quid</span> 
     </span>
     <span class='ocr_line' id='line_1_35' title="bbox 529 4227 2004 4335; baseline 0.008 -37"><span class='ocrx_word' id='word_1_310' title='bbox 529 4227 591 4298; x_wconf 87' lang='lat' dir='ltr'>ltac</span> <span class='ocrx_word' id='word_1_311' title='bbox 607 4231 642 4296; x_wconf 92' lang='lat' dir='ltr'>in</span> <span class='ocrx_word' id='word_1_312' title='bbox 663 4254 700 4300; x_wconf 92' lang='lat' dir='ltr'>re</span> <span class='ocrx_word' id='word_1_313' title='bbox 721 4227 954 4305; x_wconf 74' lang='lat' dir='ltr'>difficultatum</span> <span class='ocrx_word' id='word_1_314' title='bbox 980 4235 1078 4331; x_wconf 89' lang='lat' dir='ltr'>plens</span> <span class='ocrx_word' id='word_1_315' title='bbox 1099 4232 1305 4308; x_wconf 82' lang='lat' dir='ltr'>sentiendum</span> <span class='ocrx_word' id='word_1_316' title='bbox 1321 4234 1378 4316; x_wconf 87' lang='lat' dir='ltr'>stt,</span> <span class='ocrx_word' id='word_1_317' title='bbox 1411 4239 1592 4334; x_wconf 90' lang='lat' dir='ltr'>unicuique</span> <span class='ocrx_word' id='word_1_318' title='bbox 1612 4238 1755 4309; x_wconf 89' lang='lat' dir='ltr'>liberum</span> <span class='ocrx_word' id='word_1_319' title='bbox 1779 4237 2004 4335; x_wconf 85' lang='lat' dir='ltr'>relinquetur.</span> 
     </span>
     <span class='ocr_line' id='line_1_36' title="bbox 529 4323 2007 4438; baseline 0.008 -43"><span class='ocrx_word' id='word_1_320' title='bbox 529 4323 584 4395; x_wconf 86' lang='lat' dir='ltr'>Ad</span> <span class='ocrx_word' id='word_1_321' title='bbox 603 4329 749 4438; x_wconf 76' lang='lat' dir='ltr'>teriones</span> <span class='ocrx_word' id='word_1_322' title='bbox 765 4331 876 4424; x_wconf 89' lang='lat' dir='ltr'>itaque</span> <span class='ocrx_word' id='word_1_323' title='bbox 895 4335 1013 4428; x_wconf 84' lang='lat' dir='ltr'>ptime</span> <span class='ocrx_word' id='word_1_324' title='bbox 1027 4328 1194 4405; x_wconf 82' lang='lat' dir='ltr'>sententie</span> <span class='ocrx_word' id='word_1_325' title='bbox 1210 4340 1235 4404; x_wconf 88' lang='grc' dir='ltr'>Ι.</span> <span class='ocrx_word' id='word_1_326' title='bbox 1254 4335 1287 4407; x_wconf 83' lang='lat' dir='ltr'>dt</span> <span class='ocrx_word' id='word_1_327' title='bbox 1306 4334 1416 4404; x_wconf 85' lang='lat' dir='ltr'>lldsm</span> <span class='ocrx_word' id='word_1_328' title='bbox 1434 4333 1593 4405; x_wconf 85' lang='lat' dir='ltr'>sdnorsre</span> <span class='ocrx_word' id='word_1_329' title='bbox 1613 4338 1783 4416; x_wconf 90' lang='lat' dir='ltr'>convenit,</span> <span class='ocrx_word' id='word_1_330' title='bbox 1814 4335 1908 4432; x_wconf 88' lang='lat' dir='ltr'>quod</span> <span class='ocrx_word' id='word_1_331' title='bbox 1933 4339 2007 4434; x_wconf 88' lang='lat' dir='ltr'>pri·</span> 
     </span>
     <span class='ocr_line' id='line_1_37' title="bbox 529 4424 2006 4530; baseline 0.01 -39"><span class='ocrx_word' id='word_1_332' title='bbox 529 4424 652 4492; x_wconf 82' lang='lat' dir='ltr'>merias</span> <span class='ocrx_word' id='word_1_333' title='bbox 675 4445 881 4519; x_wconf 85' lang='lat' dir='ltr'>precessore</span> <span class='ocrx_word' id='word_1_334' title='bbox 903 4431 1110 4503; x_wconf 84' lang='lat' dir='ltr'>Concordsts</span> <span class='ocrx_word' id='word_1_335' title='bbox 1132 4431 1270 4528; x_wconf 78' lang='lat' dir='ltr'>pacifice</span> <span class='ocrx_word' id='word_1_336' title='bbox 1292 4433 1379 4530; x_wconf 89' lang='lat' dir='ltr'>apud</span> <span class='ocrx_word' id='word_1_337' title='bbox 1397 4429 1552 4504; x_wconf 84' lang='lat' dir='ltr'>Eccleliss</span> <span class='ocrx_word' id='word_1_338' title='bbox 1575 4436 1793 4507; x_wconf 77' lang='lat' dir='ltr'>Germanicas</span> <span class='ocrx_word' id='word_1_339' title='bbox 1815 4430 2006 4519; x_wconf 87' lang='lat' dir='ltr'>obtinuisse,</span> 
     </span>
     <span class='ocr_line' id='line_1_38' title="bbox 529 4514 2005 4628; baseline 0.01 -38"><span class='ocrx_word' id='word_1_340' title='bbox 529 4514 642 4590; x_wconf 86' lang='lat' dir='ltr'>seusu</span> <span class='ocrx_word' id='word_1_341' title='bbox 660 4522 841 4616; x_wconf 91' lang='lat' dir='ltr'>tranquillo</span> <span class='ocrx_word' id='word_1_342' title='bbox 855 4521 917 4598; x_wconf 85' lang='lat' dir='ltr'>esse</span> <span class='ocrx_word' id='word_1_343' title='bbox 932 4524 1093 4610; x_wconf 75' lang='lat' dir='ltr'>direslas,</span> <span class='ocrx_word' id='word_1_344' title='bbox 1120 4555 1259 4602; x_wconf 90' lang='lat' dir='ltr'>necnon</span> <span class='ocrx_word' id='word_1_345' title='bbox 1275 4533 1458 4603; x_wconf 79' lang='lat' dir='ltr'>executioni</span> <span class='ocrx_word' id='word_1_346' title='bbox 1475 4529 1584 4613; x_wconf 83' lang='lat' dir='ltr'>detes,</span> <span class='ocrx_word' id='word_1_347' title='bbox 1605 4555 1760 4628; x_wconf 89' lang='lat' dir='ltr'>tanquam</span> <span class='ocrx_word' id='word_1_348' title='bbox 1777 4530 2005 4605; x_wconf 86' lang='lat' dir='ltr'>indubitstutu</span> 
     </span>
     <span class='ocr_line' id='line_1_39' title="bbox 527 4614 2007 4728; baseline 0.009 -38"><span class='ocrx_word' id='word_1_349' title='bbox 527 4614 807 4718; x_wconf 78' lang='lat' dir='ltr'>presuppouant5</span> <span class='ocrx_word' id='word_1_350' title='bbox 839 4620 874 4695; x_wconf 92' lang='lat' dir='ltr'>id</span> <span class='ocrx_word' id='word_1_351' title='bbox 899 4624 1155 4723; x_wconf 77' lang='lat' dir='ltr'>quadrassent</span> <span class='ocrx_word' id='word_1_352' title='bbox 1177 4629 1377 4706; x_wconf 87' lang='lat' dir='ltr'>certitudine</span> <span class='ocrx_word' id='word_1_353' title='bbox 1398 4650 1526 4704; x_wconf 87' lang='lat' dir='ltr'>rsntutn</span> <span class='ocrx_word' id='word_1_354' title='bbox 1548 4628 1653 4715; x_wconf 83' lang='lat' dir='ltr'>ebell,</span> <span class='ocrx_word' id='word_1_355' title='bbox 1688 4652 1726 4704; x_wconf 90' lang='lat' dir='ltr'>ut</span> <span class='ocrx_word' id='word_1_356' title='bbox 1741 4629 1812 4728; x_wconf 85' lang='lat' dir='ltr'>ejus</span> <span class='ocrx_word' id='word_1_357' title='bbox 1826 4623 2007 4702; x_wconf 84' lang='lat' dir='ltr'>fnlsttaser</span> 
     </span>
    </p>
   </div>
   <div class='ocr_carea' id='block_1_8' title="bbox 1897 4725 2013 4828">
    <p class='ocr_par' dir='ltr' id='par_1_8' title="bbox 1897 4725 2013 4828">
     <span class='ocr_line' id='line_1_40' title="bbox 1897 4725 2013 4828; baseline 0.026 -28"><span class='ocrx_word' id='word_1_358' title='bbox 1897 4725 2013 4828; x_wconf 72' lang='lat' dir='ltr'>praefi-¹</span> 
     </span>
    </p>
   </div>
   <div class='ocr_carea' id='block_1_9' title="bbox 0 0 2542 5588">
    <p class='ocr_par' dir='ltr' id='par_1_9' title="bbox 0 0 2542 5588">
     <span class='ocr_line' id='line_1_41' title="bbox 0 0 2542 5588; baseline 0 0"><span class='ocrx_word' id='word_1_359' title='bbox 0 0 2542 5588; x_wconf 95' lang='lat' dir='ltr'> </span> 
     </span>
    </p>
   </div>
  </div>
 </body>
</html>
