5017 5592
688 665 755 744 ou
774 666 902 778 June
924 665 1190 746 caesareo
1207 668 1576 748 tntnnntAnun
1595 667 1812 747 rancun.
1917 682 1986 771 145-

899 823 901 827 ’
1128 865 1351 960 §.xxva

625 995 793 1096 Josephna
819 987 1008 1097 Imperator
1025 1002 1112 1073 intra
1135 1002 1197 1073 hos
1220 1003 1343 1076 limites
1365 1025 1431 1073 non
1450 999 1482 1074 se
1506 999 1742 1075 coarlltndum
1764 1023 1875 1087 ratur,
1898 1001 1986 1076 ulte·

511 1095 579 1198 tius
598 1094 770 1194 processit,
793 1097 892 1194 &jus
908 1123 1047 1196 precum
1064 1125 1126 1172 eeu
1141 1099 1198 1172 fibi
1222 1103 1401 1198 proprium
1419 1104 1524 1191 magia
1542 1097 1880 1182 conllabiltrevoluir,
1894 1100 1986 1173 idea·

512 1217 577 1290 que
594 1219 656 1266 nec
673 1195 839 1267 indultum
862 1193 1091 1294 Apostolicum
1107 1202 1222 1294 petiit,
1244 1222 1305 1269 nec
1326 1197 1359 1268 id
1383 1194 1597 1270 necessarium
1613 1197 1797 1294 judicavit:
1826 1200 1985 1296 quocirca

510 1292 637 1388 primae
662 1317 776 1387 preces
797 1293 1009 1367 Fetdinando
1026 1291 1179 1367 Raesfeld
1200 1295 1291 1367 datae
1306 1320 1392 1365 anno
1413 1320 1514 1386 ¹705·
1536 1296 1590 1366 die
1611 1303 1665 1367 16.
1680 1296 1774 1392 Junii
1791 1294 1833 1366 ad
1847 1297 1984 1392 Capitu-

509 1389 578 1461 lum
602 1387 806 1463 llildcsrense
825 1391 1008 1474 direxerat,
1034 1392 1070 1483 a)
1098 1396 1224 1466 certior
1240 1394 1283 1464 de
1303 1393 1368 1464 hoc
1383 1387 1491 1464 fabius
1508 1392 1664 1465 elemena
1683 1396 1750 1476 xl„
1770 1387 1921 1464 Pontifex
1930 1415 1987 1462 aa·

509 1511 551 1557 no
569 1483 727 1584 sequente
741 1489 782 1560 ad
798 1489 888 1561 idern
911 1490 1103 1586 Capitulum
1121 1493 1232 1564 literas
1256 1489 1500 1563 inhibiturialea
1516 1491 1671 1573 dederat,
1689 1486 1858 1584 quibuaei
1877 1488 1987 1585 injura-

509 1587 572 1666 rit,
594 1608 631 1657 ut
647 1610 689 1660 ne
710 1609 847 1682 precum
863 1587 982 1659 barum
997 1590 1162 1661 rationem
1180 1587 1336 1671 haberet,
1356 1613 1393 1660 ac
1416 1586 1552 1685 insuper
1568 1611 1736 1660 momenta
1756 1584 1916 1670 inseruit,
1940 1584 1985 1659 nb

511 1706 583 1778 quae
597 1683 652 1778 jus
671 1684 753 1755 illud
771 1683 812 1755 ab
835 1683 966 1757 indulto
988 1685 1100 1783 l’apali
1123 1686 1328 1783 dependeat,
1356 1685 1389 1758 dt
1411 1710 1478 1757 non
1499 1683 1556 1757 nist
1580 1685 1644 1758 hoc
1668 1680 1816 1758 concello
1837 1685 1986 1758 exerceri

534 1776 605 1852 oslit
628 1785 664 1872 b)
691 1779 870 1878 dequibus
895 1780 1035 1856 inferius
1057 1788 1184 1856 mentio
1208 1783 1346 1855 uberior
1374 1781 1443 1857 liet.
1501 1787 1585 1855 Hac
1605 1779 1987 1880 proindecontrovetsra

509 1804 606 1950 lacile
628 1881 857 1951 Sacerdotium
874 1878 1107 1975 &imperium
1123 1882 1156 1954 in
1179 1907 1244 1952 non
1262 1880 1440 1954 temnenda
1455 1881 1560 1972 litigia
1579 1884 1756 1975 pertraxit,
1779 1879 1861 1952 &in
1876 1882 1984 1970 magia

508 1976 651 2068 lugenda
670 1980 864 2072 pertrahere
881 1975 1052 2072 potuisset,
1069 1976 1146 2060 nist,
1165 1976 1316 2076 josepho
1332 2002 1533 2076 praemature
1553 1973 1730 2060 desunblo,
1746 1980 1906 2070 Carnium
1916 1980 1985 2063 ‚Vh
2010 2021 2017 2034 ·

509 2076 755 2170 Imperatorem
772 2100 860 2148 inter
882 2076 915 2147 ἀ
941 2073 1167 2171 Apostolicam
1188 2075 1298 2148 sedem
1315 2077 1450 2149 mitiora
1474 2073 1606 2150 consilia
1628 2079 1749 2169 agitata
1771 2074 1986 2148 concordiam

510 2168 642 2244 tursum
664 2169 881 2254 revocassent,
900 2172 1026 2268 idquod
1041 2169 1141 2269 ipsius
1157 2173 1340 2246 Clementis
1359 2179 1417 2246 xl.
1434 2174 1541 2247 litere
1555 2172 1596 2248 ad
1617 2177 1730 2244 omnia
1747 2172 1902 2268 Capitnla
1918 2175 1986 2254 Can,

510 2267 710 2343 abedralium
728 2270 762 2342 dt
782 2270 1043 2363 Collegiatarum
1061 2268 1279 2342 Ecclesrarum
1294 2271 1378 2342 datae
1393 2270 1470 2342 satia
1490 2269 1727 2365 comprobant,
1749 2274 1799 2341 nri
1813 2293 1868 2342 eaa
1881 2274 1987 2341 Fran·

511 2363 613 2440 tiseua
628 2368 948 2460 Schmierlegendas
963 2366 1096 2440 exhibet
1121 2372 1159 2458 d)
1180 2391 1250 2440 erat
1271 2392 1382 2440 autem
1402 2365 1622 2439 controversa
1639 2366 1695 2437 illa
1705 2365 1855 2463 sequenti
1869 2364 1985 2452 modo,
2128 2425 2133 2432 .

512 2465 642 2558 exlege
664 2467 777 2536 amicae
800 2468 1043 2547 conventionis,
1061 2477 1131 2560 'pro
1153 2466 1277 2536 tuendo
1294 2464 1370 2560 jure
1393 2465 1575 2537 Sacerdotii
1601 2464 1634 2535 dr
1655 2466 1817 2560 Imperii,
1839 2461 1987 2561 auspica-

512 2557 627 2635 tislime
647 2560 816 2654 consopita
838 2566 865 2632 l.
892 2565 1082 2660 impetravit
1097 2563 1238 2635 Carolus
1253 2568 1315 2638 vt.
1338 2564 1503 2636 indultum
1529 2563 1765 2658 primariorum
1788 2584 1926 2657 precum
1942 2557 1984 2633 ab

512 2659 628 2732 eodem
644 2658 821 2743 Pontifice,
843 2662 995 2756 quatnvia
1012 2661 1045 2731 id
1065 2683 1125 2732 nec
1148 2663 1320 2756 aperiret,
1347 2686 1408 2733 nec
1429 2660 1531 2732 ullam
1554 2658 1704 2755 ejusdem
1725 2661 1930 2731 mentionem
1947 2659 1984 2728 in

513 2753 575 2828 suia
598 2757 838 2926 dpplomaribua
858 2781 996 2854 precum
1016 2752 1164 2840 faceret,
1188 2755 1243 2829 sed
1265 2757 1424 2832 duntaxat
1448 2781 1487 2830 ex
1512 2759 1647 2926 antipae
1674 2754 1911 2828 consuetudine
1927 2754 1986 2848 jue

635 2882 642 2926 r

514 2852 594 2926 illud
647 2853 679 2927 bi
701 2879 896 2954 competere
917 2851 1111 2928 asseveraret
1129 2860 1172 2926 ll.
1195 2856 1235 2926 ad
1257 2856 1422 2930 honorem
1440 2855 1563 2952 jusque
1601 2855 1697 2925 ratris
1711 2848 1850 2952 Josephi
1865 2849 1981 2924 defun·

513 2949 555 3025 lli
569 2950 706 3026 Caesaris
722 2952 916 3027 servandum
933 2978 1049 3049 preces
1064 2979 1079 3023 a
1093 2951 1263 3052 Joseplro,
1282 2955 1362 3027 dum
1376 2958 1519 3033 vireret,
1543 2951 1711 3050 expeditas
1730 2944 1883 3022 Pontifex
1907 2974 1984 3022 exe-

514 3052 635 3124 cutioni
651 3051 724 3122 dari
742 3051 928 3132 mandavit,
947 3054 992 3122 ita
1010 3076 1145 3133 tamen,
1168 3074 1205 3123 nt
1221 3053 1351 3125 nullum
1375 3056 1436 3134 iia,
1457 3049 1579 3147 quibus
1603 3047 1645 3120 ab
1667 3047 1859 3146 Episcopia,
1885 3049 1986 3143 Capi·

515 3148 589 3219 mlia
603 3149 746 3244 alliaque
766 3148 986 3221 collatoribus·
1000 3145 1180 3231 beneficia,
1201 3174 1332 3223 contem
1361 3153 1402 3222 tia
1425 3147 1617 3248 Josephinia
1641 3145 1817 3245 precibus,
1842 3146 1984 3221 durante

516 3242 628 3318 diffidii
644 3247 743 3342 hujus
757 3269 928 3344 tempore,
951 3247 1069 3319 collata
1084 3241 1198 3329 fuere,
1220 3175 1454 3345 praejudicium
1470 3243 1645 3318 inferatur.
1671 3246 1706 3337 e)

550 3384 584 3456 a)
604 3375 758 3479 Referunt
772 3381 802 3479 id
818 3380 956 3479 diploma
970 3380 1135 3444 caesareum
1149 3379 1317 3463 Oligenina
1328 3373 1452 3441 Dissert.
1472 3377 1512 3439 de
1526 3376 1596 3457 jure
1610 3378 1696 3458 prim.
1715 3396 1799 3476 pree.
1819 3396 1849 3458 p.
1870 3395 1900 3459 3.
1920 3374 1984 3473 Lel-

622 3481 746 3627 ngprraae
746 3461 830 3609 {pidet
842 3459 1038 3627 ὲὲτῃίηΡὲΙῐς
1039 3483 1086 3607 pl
1089 3474 1161 3609 12ng
1177 3462 1379 3609 alpitpebmetua
1402 3459 1468 3532 Jut.
1491 3458 1577 3522 Eccl.
1595 3459 1725 3524 l‘totest.
1746 3460 1813 3524 Lrb.
1830 3457 1888 3522 111.
1915 3456 1982 3524 Tit.
2008 3547 2014 3562 Ι

551 3659 583 3740 b)
604 3658 728 3724 Extant
740 3663 898 3726 eaeliterae
911 3665 991 3745 apud
1005 3662 1188 3746 Oligenium
1200 3664 1253 3727 cit.
1270 3655 1393 3721 Dissett.
1412 3676 1442 3738 p.
1460 3675 1530 3739 1¹5·
1548 3655 1581 3718 br
1596 3654 1655 3736 seq.
1673 3655 1754 3736 apud
1771 3651 1985 3717 Bnehrnetnnt

623 3743 687 3806 loc.
707 3745 761 3808 cit.
776 3747 932 3829 Aytetum
951 3748 982 3810 in
997 3758 1202 3812 commentat.
1223 3746 1263 3809 de
1281 3740 1350 3821 jure
1369 3740 1458 3821 prim.
1482 3758 1564 3821 ptec.
1582 3740 1725 3822 Append.
1742 3737 1923 3800 document.
1939 3735 1983 3800 la,

621 3823 711 3890 Xlll.

545 3919 583 4004 ὅ)
608 3919 748 3995 Jacobua
768 3927 807 3991 de
828 3926 1000 3991 Ladetchio
1029 3925 1198 3989 Annalium
1220 3919 1508 3987 Ecclesiasticotntn
1534 3923 1740 3986 continuator
1766 3914 1863 4010 tesert
1886 3909 1982 3977 Tom.

621 4009 728 4077 XXll.
742 4012 779 4074 ad
792 4030 841 4074 an.
854 4012 944 4094 15⁶7·
962 4029 992 4072 n.
1009 4008 1098 4076 XlV.
1118 4029 1148 4090 p.
1162 4006 1233 4088 416.
1267 4003 1436 4087 Josephum
1451 4025 1468 4065 a
1482 4005 1644 4068 Clemente
1660 4000 1814 4065 Pontiftce
1824 3996 1985 4060 indultum

595 4095 987 4192 primatiatumoprecum
1007 4090 1076 4173 post
1105 4090 1355 4153 admonitionem
1379 4085 1493 4150 fartam
1521 4087 1555 4149 dc
1584 4082 1703 4229 petiisse
1731 4081 1765 4145 δε
1787 4075 1982 4160 impetrasse:

574 4255 576 4260 ·
622 4167 1985 4338 lta}lhthltebbllttlhlssltlhllslllihnlttllt‘filleille

624 4343 778 4414 obtento,
801 4341 886 4421 quod
901 4335 1124 4423 praediximu'a‚
1145 4337 1338 4418 diplomate,
1361 4332 1399 4393 ad
1410 4334 1553 4413 quaedam
1570 4330 1748 4394 Germaniae
1764 4325 1906 4409 Capitula
1924 4343 1983 4423 no-

624 4426 814 4487 minationea
830 4422 897 4486 suaa
911 4419 1090 4494 direxisset,
1118 4418 1234 4499 illaque
1249 4412 1452 4488 obstitissent,
1488 4416 1541 4478 ubi
1559 4414 1685 4477 tandem
1703 4413 1885 4475 admonitus
1909 4404 1982 4477 suit,

622 4503 655 4569 ἀ
668 4506 753 4588 quod
767 4506 907 4574 teietat.
928 4504 1105 4573 intellexit,
1126 4501 1259 4570 summa,
1284 4517 1343 4578 qua
1378 4495 1515 4569 ollebat,
1537 4499 1671 4578 pietate,
1695 4492 1914 4577 Apostolicutn
1932 4490 1982 4567 ip-

622 4588 688 4651 sum
702 4588 856 4651 indultum
871 4589 967 4652 enixe
988 4586 1097 4668 petiit,
1118 4581 1152 4645 dc
1169 4583 1326 4654 obtinuit,
1350 4516 1383 4641 dt
1400 4579 1511 4640 deinde
1528 4578 1699 4650 beneficia,
1725 4594 1796 4656 quae
1807 4576 1886 4636 intra
1900 4579 1983 4628 tem·

625 4690 700 4753 91¹⁸·
723 4672 761 4733 ab
776 4670 892 4738 eodem
906 4671 1079 4754 diplomate
1093 4666 1318 4751 ptaesiitutum,
1347 4662 1493 4728 vacantia
1507 4661 1661 4738 luerunt,
1691 4659 1816 4724 nemine
1827 4645 1981 4719 Ecclesia-

566 4751 691 4833 Tamus
717 4753 766 4833 V.
1154 4801 1157 4806 -
1340 4750 1377 4816 Τ
1887 4749 1982 4820 nico·
