5017 5592
502 676 578 752 490
727 743 729 748 .
761 638 1100 723 urssrnrnno
1129 597 1726 764 ntsronrcoennontc'a

621 822 827 901 XXXVIII.
854 827 893 893 ln
916 822 1068 917 Imperio
1089 822 1232 918 proinde
1255 813 1368 895 nollro
1392 824 1442 891 lm
1471 823 1614 895 cratoris
1639 821 1856 916 Adaocpria,
1878 813 1902 891 st
1921 822 1975 894 CA

505 927 639 1004 tltoIicia
664 947 740 996 cum
761 919 960 1013 Augustanis
976 924 1032 990 Lts
1055 918 1269 1001 obversetur,
1292 917 1377 1016 saepe
1399 847 1564 993 tharum
1590 918 1862 1017 purificationum
1878 919 1977 1000 finib
2010 997 2014 1008 ,

469 1077 472 1084 ·
506 1026 569 1101 bus
594 1021 847 1111 constringitur,
873 1043 913 1089 ne
934 1016 1029 1112 justis
1051 1018 1091 1089 de
1115 1022 1349 1090 imminutione
1369 1019 1496 1114 jurium
1520 1042 1576 1091 aut
1599 1011 1834 1115 possessionum
1856 1015 1974 1090 suatum
2012 1028 2018 1070 ἓ

505 1122 652 1223 querelis
666 1117 739 1190 ansa
762 1114 960 1212 prebeatur.
1009 1116 1078 1185 Ubi
1102 1142 1212 1188 autem
1228 1116 1269 1188 de
1291 1119 1477 1189 commodis
1495 1116 1644 1190 Ecclesae
1666 1118 1870 1199 Catholiere,
1896 1117 1973 1188 Sedis
2007 1132 2014 1195 ξ

458 1295 463 1312 ,
504 1218 706 1318 Apoliolicae
726 1238 782 1287 our
809 1216 949 1285 Romani
973 1211 1142 1284 Pontificis
1166 1221 1299 1307 agitur,
1325 1239 1398 1312 quae
1420 1239 1496 1286 cum
1520 1217 1619 1288 rebus
1643 1211 1970 1311 protestantium&

504 1314 613 1419 passis
637 1316 779 1411 publicis
797 1339 872 1383 cum
893 1312 1011 1382 iisdem
1030 1311 1203 1383 celebratis
1226 1338 1372 1384 connexa
1387 1339 1453 1384 noo
1473 1312 1566 1397 sunt,
1593 1315 1691 1385 latius
1709 1315 1764 1385 illa
1787 1313 1821 1386 se
1838 1313 1970 1404 exporri-

506 1442 586 1513 gere
602 1416 694 1487 nullo
714 1417 789 1508 jure
807 1433 961 1482 vetatur:
989 1415 1069 1504 quin
1090 1411 1172 1481 adeo
1191 1414 1381 1508 Imperator
1398 1439 1436 1483 ex
1458 1415 1620 1484 Advocati
1638 1416 1735 1483 titulo
1752 1411 1903 1483 Ecclesrae
1922 1411 1969 1479 Cr·

508 1518 661 1591 rholicae,
687 1537 723 1583 ac
741 1514 893 1579 Romano
916 1506 1067 1579 Pontifici
1089 1506 1281 1583 succurrere
1300 1508 1452 1592 debebit,
1474 1511 1608 1606 quando
1627 1509 1777 1582 infideles
1794 1506 1972 1604 aliiqueltc·

507 1612 571 1687 sies
588 1616 655 1682 vim
671 1611 736 1706 illis
758 1631 893 1703 parant,
914 1605 946 1674 δι
970 1602 1119 1676 inferunt
1137 1606 1199 1679 bec.
1217 1606 1280 1678 circ.
1332 1612 1370 1677 ln
1387 1609 1438 1680 bts
1457 1613 1544 1679 enim
1572 1611 1756 1680 Advocatio
1778 1632 1844 1703 per
1863 1603 1970 1678 rabultr

414 1701 422 1718 ²
505 1707 776 1810 purificationum
801 1702 1042 1774 restrisbonem
1059 1701 1144 1799 passe
1161 1731 1227 1776 nun
1242 1704 1306 1787 eli,
1327 1703 1381 1776 sed
1397 1703 1563 1789 lanlIime,
1586 1713 1633 1778 uti
1653 1732 1727 1779 ante
1750 1701 1917 1799 praetenl'e
1932 1723 1970 1770 tc·

509 1806 723 1881 formationis
745 1828 895 1894 tempora
917 1803 1081 1871 dominari
1101 1809 1219 1896 pergit.
1270 1808 1354 1874 Hec
1376 1806 1418 1902 de
1447 1805 1729 1899 imperatoribus,
1756 1829 1825 1901 qua
1844 1804 1970 1874 Uniren

506 1905 628 1982 salibus
647 1899 793 1974 Ecclebae
815 1899 1063 1971 Proteslonbus
1079 1903 1257 1972 Advocatis
1275 1899 1361 1973 dieis
1378 1900 1473 1973 sunto
1490 1905 1575 1975 latia.
1626 1909 1740 2001 Qrare
1754 1927 1817 1972 nos
1832 1899 1916 1972 ordo
1931 1919 1973 1966 ra·

507 2027 578 2085 eat,
603 2027 640 2072 ut
660 2001 700 2071 de
723 2005 842 2070 lisdem
864 2003 978 2095 paucis
995 2022 1147 2089 agamus,
1166 2023 1329 2095 quatenus
1353 2000 1400 2069 illi
1426 2005 1570 2096 privatos
1597 2003 1760 2097 quasdam
1782 1994 1972 2075 Ecclefinlr

508 2099 600 2177 suam
617 2099 804 2176 clientelam
824 2096 1001 2196 specialem
1017 2104 1170 2196 recipere
1185 2122 1253 2169 non
1268 2096 1343 2171 sunt
1358 2101 1538 2193 dedignari.
1588 2103 1636 2174 Sir
1652 2103 1758 2194 ignor

1000 2380 1377 2522 catur
1466 2385 1524 2502 u

593 2567 661 2689 De
688 2597 1016 2714 imperatoribus
1041 2599 1264 2690 Advocatis
1291 2599 1595 2688 Particulatium
1620 2601 1910 2696 Ecclesratum·

570 2735 876 2908 Christianislimi
897 2836 1127 2903 Romanorum
1150 2834 1376 2925 imperatores
1395 2856 1460 2902 non
1477 2830 1581 2903 solum
1604 2829 1814 2904 Universrlis
1829 2795 1977 2914 Ecclesia,

441 2999 448 3012 ,
511 2934 615 3006 totius
634 2930 908 3010 Christianitatis,
929 2932 1023 3001 Sedis
1047 2927 1245 3024 Apolloltcae
1264 2953 1299 2999 oc
1323 2932 1552 3000 Romanorum
1576 2928 1774 3001 Pontificum
1800 2933 1976 3002 Advocato

512 3026 727 3101 Proteslores
750 3029 782 3097 ἃ
807 3025 1007 3097 Defensores
1028 3025 1092 3097 sese
1115 3026 1353 3122 prebuerunt,
1377 3029 1467 3121 quod
1493 3026 1649 3099 hosbertus
1667 3053 1711 3109 ,ex
1736 3023 1981 3125 praeclariffimis

511 3127 706 3200 Eorundem
724 3121 840 3205 suciis,
867 3150 884 3194 a
903 3127 997 3195 nobis
1020 3122 1126 3194 sludio
1144 3124 1314 3195 brevitatis
1331 3128 1449 3217 exiguo
1468 3151 1593 3196 tantum
1617 3151 1758 3197 numero
1788 3131 1881 3224 .quis
1900 3133 1981 3196 enirn

385 3229 394 3250 ’
512 3220 618 3323 posset
632 3228 762 3298 omnis,v
794 3221 943 3293 adduilis
968 3222 1140 3294 ostendere
1156 3248 1263 3293 conati
1283 3220 1412 3301 sumus,
1436 3251 1551 3294 verum
1567 3227 1666 3294 etiam
1682 3225 1822 3296 Illorum
1839 3247 1985 3318 nonpau·

513 3327 545 3398 ci
566 3319 719 3403 suerunt,
743 3325 799 3416 qui
823 3324 967 3417 privatas
989 3325 1147 3416 quosdam
1173 3319 1330 3392 Ecclesiae
1356 3321 1387 3391 ἃ
1412 3318 1586 3413 bogularia
1609 3319 1781 3399 asceteria,
1807 3345 1874 3393 tam
1898 3329 1984 3403 intra,

503 3446 613 3518 ‘quam
636 3447 726 3492 extra
746 3424 902 3515 Imperii,
928 3447 965 3490 ac
987 3424 1205 3516 propriorum
1223 3417 1358 3488 suorum
1383 3425 1631 3490 territoriorum
1655 3418 1790 3488 sinesin
1814 3417 1980 3517 specialem

514 3521 651 3593 tutelam
669 3546 706 3589 ex
728 3515 880 3609 singulari
898 3517 1018 3588 afferto
1043 3523 1192 3614 pietatis,
1217 3520 1323 3586 aliove
1340 3517 1437 3586 titulo
1456 3522 1586 3611 privato
1603 3514 1778 3598 assumere,
1802 3514 1984 3600 sorem&

513 3621 613 3691 tutari
633 3643 698 3686 non
718 3614 853 3689 suerunt
870 3617 1050 3707 dedignati.
1102 3620 1136 3684 ln
1156 3615 1247 3708 cujus
1266 3616 1313 3683 rei
1334 3611 1433 3684 sidem
1452 3641 1488 3685 ex
1505 3621 1647 3710 antiquis
1670 3617 1883 3688 documentis
1907 3612 1984 3712 apud

513 3715 673 3814 probatos
697 3716 866 3784 Aotbotes
888 3716 1055 3806 allegatis,
1080 3718 1169 3782 varia
1187 3710 1371 3783 testimonia
1389 3715 1421 3781 br
1447 3715 1596 3809 exempla
1619 3710 1820 3792 afferemus,
1843 3741 1886 3787 ne
1911 3710 1982 3810 quid

512 3812 741 3904 Augustorum
764 3818 862 3906 lmpp
888 3816 1022 3907 pietati,
1051 3813 1082 3883 ἃ
1105 3813 1214 3881 omnis
1239 3835 1370 3902 genens
1397 3811 1610 3882 Proteaonae
1628 3813 1818 3881 Advocatiae
1835 3810 1984 3885 Ecclebe·

513 3909 599 3983 lltcae
616 3910 656 3980 ab
674 3908 754 4005 lpsrs
773 3934 893 4005 praeter
910 3909 1095 3981 Caesareum
1117 3905 1263 3980 officium
1281 3935 1319 3979 ex
1342 3934 1456 3980 amore
1477 3915 1539 3980 Dei
1563 3910 1595 3980 ἃ
1617 3935 1702 3980 verae
1725 3909 1915 4004 Religionis
1930 3907 1985 3981 lo·

514 4009 572 4081 dio
593 4032 806 4105 paromanter
819 4005 934 4100 gesse,
955 4010 1053 4078 etiam
1071 4012 1103 4078 in
1120 4006 1207 4079 hisce
1231 4004 1424 4078 subtrahere
1441 4010 1523 4079 velle
1546 4011 1732 4081 videamur.
1855 4023 1860 4037 ¹

638 4160 681 4230 ll.
707 4159 818 4228 Ftlum
846 4161 1045 4229 narrationis
1066 4186 1083 4226 a
1108 4163 1265 4230 ertlreito
1284 4184 1361 4228 vere
1392 4166 1445 4229 Pio
1464 4160 1641 4230 ordimur:
1668 4158 1768 4252 Apud
1793 4154 1985 4229 iliumcele·

517 4249 656 4329 berrimi
673 4261 703 4325 in
727 4258 881 4325 Helvetia
897 4256 1084 4326 monnllerii
1104 4283 1121 4325 a
1136 4262 1167 4326 S.
1187 4258 1287 4327 Gallu
1304 4265 1483 4352 truncuputi
1501 4258 1630 4338 Abbas,
1653 4282 1808 4326 narrante
1824 4281 1898 4327 rem
1913 4277 1990 4349 quo·

516 4350 593 4421 dam
621 4357 784 4425 monaclro
807 4354 1120 4446 ej·aeen.cnnol›ii
1151 4361 1229 4439 apud
1261 4366 1312 4424 Du
1341 4362 1454 4424 chesne
1484 4357 1672 4426 butnIIIIme
1701 4352 1881 4450 exposuit,
1905 4349 1992 4447 qood

516 4449 648 4520 reiculre
671 4453 692 4521 i.
709 4476 738 4521 e.
767 4454 905 4523 modice
926 4480 974 4524 re·
1002 4455 1034 4524 <It
1062 4450 1269 4550 possesiones
1294 4448 1340 4520 sui
1366 4453 1514 4524 asceterii
1540 4480 1607 4523 non
1627 4480 1665 4523 er
1694 4453 1876 4543 Regalibus
1898 4453 1991 4522 dona·

489 4552 592 4624 riis,
617 4551 665 4617 uti
681 4547 819 4617 aliarum
839 4550 1055 4622 Ecclesrarum
1072 4552 1154 4623 bene
1178 4552 1378 4629 multarum,
1403 4551 1455 4621 sed
1474 4579 1512 4623 ex
1543 4557 1751 4648 privatorum
1775 4551 1994 4622 traditiuncu-

517 4647 558 4720 lia
581 4645 728 4722 colleslae
750 4647 879 4719 nullum
899 4652 1118 4747 privilegium
1140 4650 1282 4725 aliorum
1303 4649 1599 4737 monasteriorum,
1622 4654 1674 4725 vel
1697 4673 1900 4725 communes
1921 4671 1997 4719 coo·

1865 4747 1999 4822 fiotum
