5017 5592
508 649 578 728 ,74
840 593 852 614 ‘
950 571 1528 726 utsstzn'rnrto

402 853 413 862 -
504 828 544 876 ex
559 829 628 902 quo
648 801 879 902 consequitur,
897 803 929 874 id
947 830 1003 876 eos
1019 831 1085 875 non
1101 804 1157 877 sbi
1173 832 1210 879 ex
1224 803 1322 876 titulo
1341 803 1523 900 Majeslatis
1540 801 1592 875 vel
1604 801 1690 898 juris
1704 802 1792 874 circa
1805 796 1894 873 saera
1903 821 1984 875 ven·

505 904 629 974 dicare.
681 907 810 997 Qrarto
826 905 856 973 dt
875 901 1041 999 polltemo
1055 932 1092 975 er
1111 904 1182 1001 ipso
1205 901 1428 975 lnslruniento
1446 909 1478 973 P.
1494 909 1547 971 W.
1566 905 1749 976 luculenter
1771 905 1986 973 convincitur

504 997 655 1072 falstatis
677 1028 713 1071 ea
735 1028 772 1071 ex
799 1008 967 1098 principio
991 1003 1226 1075 Protcslantico
1250 1000 1361 1071 hausla
1385 1000 1546 1072 datu-ina.
1583 1007 1608 1071 l.
1628 1026 1703 1070 curn
1727 1001 1816 1070 euim
1835 1025 1855 1068 a
1871 1005 1985 1072 Prote·

504 1097 664 1170 stantibus
685 1125 838 1195 tempore
860 1105 950 1196 pacis
972 1102 1149 1172 condenda
1171 1107 1340 1198 primariae
1369 1127 1485 1196 preces
1509 1097 1665 1171 Caesareae
1691 1093 1985 1194 impugnarentur,

503 1194 581 1268 satis
601 1198 745 1268 dilucide
762 1200 862 1269 iidem
877 1202 1155 1294 comprobarunt,
1171 1225 1224 1270 eas
1241 1203 1453 1292 Imperatotii
1468 1226 1506 1268 er
1518 1201 1594 1293 jure
1614 1195 1795 1290 lvlajeslatis
1819 1220 1877 1266 aut
1891 1201 1982 1268 circa

368 1387 371 1396 ἱ
503 1293 595 1366 sacra
610 1298 697 1365 haud
718 1322 920 1392 competere.
949 1304 991 1368 ΙΙ.
1008 1302 1076 1368 Ubi
1094 1300 1140 1367 illi
1160 1298 1293 1369 sublatis
1319 1295 1570 1368 differentiis&
1594 1292 1825 1365 controversiis
1849 1298 1983 1390 acquic·

504 1415 643 1472 verunt,
665 1421 730 1462 non
749 1397 837 1463 aliud
856 1423 1053 1467 conventum
1070 1396 1133 1476 ell,
1154 1423 1253 1491 quam
1271 1421 1324 1477 ut,
1343 1397 1398 1465 ubi
1418 1421 1531 1490 preces
1548 1419 1693 1464 exercuit
1710 1400 1742 1461 in
1758 1391 1983 1465 Eccleliisim·

503 1494 658 1562 mediatis
674 1500 714 1561 Α.
729 1498 766 1563 C.
790 1494 947 1575 addiclis,
970 1496 1127 1588 deinceps
1148 1498 1266 1564 iisdem
1288 1519 1335 1563 uti
1364 1517 1479 1589 queat,
1500 1500 1533 1563 in
1551 1491 1699 1563 Ecclesia
1722 1514 1803 1560 vero
1824 1491 1982 1561 mediatis

505 1588 545 1657 ad
565 1591 758 1659 exercitium
776 1616 932 1683 precum,
949 1589 971 1659 fi
989 1596 1077 1687 quod
1094 1594 1147 1661 die
1169 1619 1185 1666 ι
1207 1599 1284 1689 Jan.
1306 1601 1405 1677 1624.
1425 1591 1556 1670 habuit.
1575 1589 1710 1685 iusuper
1723 1589 1883 1661 attendat.
1909 1592 1983 1658 Un-

504 1690 547 1755 de
569 1687 642 1755 luce
669 1690 851 1757 meridiana
873 1693 993 1759 clarius
1018 1685 1180 1768 efficitur,
1204 1687 1456 1761 Protellantium
1475 1692 1593 1757 animis
1610 1712 1680 1757 tum
1703 1711 1915 1782 nequaquam
1931 1690 1982 1756 in·

503 1780 626 1854 haesisse
652 1783 853 1865 doslrinam,
873 1787 926 1881 jus
950 1813 1086 1874 precum
1109 1815 1146 1857 etr
1166 1789 1242 1883 jure
1266 1786 1473 1881 Majcslatico
1493 1788 1524 1856 dr
1543 1792 1629 1854 circa
1652 1782 1739 1853 sacra
1765 1808 1982 1880 promanare.

502 1881 651 1950 Demum
663 1883 716 1952 hic
732 1911 796 1953 non
812 1884 920 1955 obiter
935 1887 1173 1957 advertendum
1189 1886 1251 1967 cll,
1273 1910 1438 1981 quotquot
1454 1886 1525 1955 sunt
1542 1885 1631 1953 illius
1646 1884 1834 1975 opinionis,
1850 1878 1983 1976 expres·

503 1977 545 2047 sae
565 1977 729 2049 Caesarum
752 1980 940 2052 consclboni
964 2009 1029 2054 non
1047 1984 1152 2054 solum
1174 1980 1362 2073 refragari,
1389 1983 1444 2054 sed
1466 1987 1566 2053 etiam
1583 1985 1614 2048 in
1637 1982 1752 2050 odium
1770 1980 1922 2049 veritatis
1943 2002 1983 2049 ac

503 2075 737 2166 prejudicium
766 2078 983 2150 Ecclesarum
1006 2082 1254 2169 catholicarum
1278 2081 1369 2154 suam
1395 2081 1482 2152 male
1498 2102 1694 2176 conceptam
1715 2077 1757 2148 de
1773 2075 1851 2173 jure
1870 2073 1982 2150 sacro·

504 2196 582 2244 rum
598 2172 707 2248 tdcam
725 2176 789 2247 huc
812 2179 991 2273 applicare.

546 2342 585 2425 a)
607 2340 780 2407 Stamlerus
793 2342 849 2409 Tr.
872 2347 910 2406 de
925 2344 1049 2407 Referu.
1064 2343 1209 2429 Imperat.
1228 2345 1262 2426 §.
1276 2362 1327 2428 51.
1347 2342 1564 2426 Zieglerusdc
1578 2341 1642 2415 Jur.
1657 2339 1774 2423 majest.
1792 2338 1828 2404 L.
1840 2337 1866 2403 l.
1886 2361 1914 2406 c.
1930 2352 1982 2420 ιε.

620 2426 647 2509 s.
666 2446 697 2507 4.
739 2426 830 2492 Dnus
848 2430 887 2491 de
901 2425 1059 2492 Weruher
1077 2427 1109 2493 P.
1128 2428 1186 2491 lll.
1206 2428 1272 2493 obl
1288 2427 1357 2491 116.
1377 2448 1408 2492 ιι.
1427 2447 1496 2510 154·
1510 2423 1544 2490 dt
1559 2428 1611 2491 alii
1627 2427 1733 2510 plures
1744 2428 1790 2489 ita
1808 2421 1960 2493 sentiant.

1179 2625 1213 2713 ι.
1263 2619 1342 2696 ιιι.

600 2749 696 2825 ¹Poll
710 2754 797 2827 bane
822 2753 1114 2829 commemoranda
1128 2752 1173 2825 esl
1196 2752 1354 2826 sententia
1377 2752 1531 2836 illorum,
1555 2756 1667 2851 quiex
1693 2751 1760 2825 sola
1782 2748 1984 2830 fundatione

366 2939 368 2944 Ι
505 2844 558 2918 vel
582 2844 751 2924 dotatione
774 2855 991 2925 Ecclesiarum
1018 2854 1050 2923 dt
1077 2852 1354 2924 monasteriorum
1378 2853 1460 2922 illud
1480 2853 1533 2946 jus
1565 2855 1748 2924 deducunt:
1770 2854 1808 2942 a)
1831 2849 1887 2922 sed
1909 2853 1983 2924 lite

507 2969 645 3042 quoque
658 2954 685 3017 1.
708 2954 932 3022 monumentis
959 2948 1123 3019 hisloricis
1146 2950 1362 3031 convellitur,
1386 2976 1458 3042 quae
1482 2975 1546 3018 non
1570 2975 1685 3021 omnes
1707 2946 1928 3045 Episcopatus
1941 2953 1982 3020 in

508 3043 692 3114 Germania
708 3047 748 3114 ab
776 3048 1039 3143 imperatoribus
1059 3046 1121 3118 esse
1145 3044 1320 3129 fundatos,
1349 3047 1482 3117 indubia
1509 3045 1573 3117 fide
1595 3048 1789 3143 perhibent:
1815 3070 1984 3141 practerea

505 3161 683 3234 perpauca
700 3142 850 3216 Ecclesiae
875 3145 1057 3237 collegiatae
1080 3149 1130 3216 rel
1153 3142 1348 3216 monasleria
1364 3150 1397 3214 in
1417 3144 1607 3215 dioecestbus
1634 3147 1846 3218 Germanicis
1869 3143 1912 3214 ab
1926 3148 1983 3215 iis·

505 3236 582 3306 detn
602 3238 739 3320 dotata,
756 3239 809 3313 sed
831 3247 943 3339 potius
967 3244 1007 3314 ab
1029 3244 1220 3341 Episcopis,
1249 3243 1476 3338 Principibus,
1498 3241 1710 3322 Comitibur,
1737 3243 1880 3338 aliisque
1900 3239 1984 3314 fides

507 3331 595 3404 libus
614 3337 773 3409 divitibus
794 3341 1009 3433 erigebantur
1030 3345 1199 3436 variisque
1220 3340 1314 3410 bonis
1342 3341 1645 3435 locupletabantur,
1671 3339 1849 3410 chronicis
1870 3341 1984 3435 cujus·

507 3453 573 3526 que
602 3433 778 3508 diaeceseos
804 3439 836 3511 dt
864 3441 1024 3512 territorii
1051 3439 1180 3531 liquido
1201 3436 1448 3509 attestantibus:
1474 3463 1514 3506 cx
1531 3464 1599 3532 quo
1625 3435 1904 3531 consequeretur,
1926 3437 1983 3531 J'ur

505 3551 645 3623 precum
667 3533 890 3627 Caesareamm
905 3541 937 3607 in
955 3537 1007 3606 bis
1031 3536 1181 3606 Ecclestis
1202 3537 1241 3604 ab
1258 3540 1296 3604 iis
1311 3562 1375 3605 non
1399 3532 1545 3605 fundatis
1562 3536 1671 3606 locum
1688 3533 1922 3616 multabere,
1944 3532 1983 3605 id

429 3673 431 3678 -
507 3630 597 3719 quod
611 3654 719 3702 tamen
736 3639 825 3727 praxi
844 3660 1049 3730 repugnare,
1066 3637 1220 3705 omnibus
1236 3632 1377 3712 conslat,
1397 3659 1471 3703 cum
1491 3632 1775 3703 indiscriminatim
1791 3637 1983 3728 imperato·

506 3746 559 3793 res
576 3726 607 3794 id
622 3727 707 3821 juris
726 3735 757 3801 in
777 3734 943 3816 Ecclesiis,
967 3732 1029 3803 buc
1046 3760 1061 3801 a
1080 3736 1110 3802 le
1135 3730 1298 3811 fundatis,
1317 3730 1380 3799 sice
1395 3757 1460 3799 non
1487 3728 1650 3812 fundatis,
1673 3753 1854 3799 exerceant.
1880 3732 1982 3802 lust

452 3907 462 3922 N
507 3844 544 3890 eit
567 3827 735 3919 principio
763 3826 966 3901 fundationis
992 3834 1043 3901 vel
1066 3832 1243 3900 dotationis
1260 3829 1312 3920 jus
1335 3826 1438 3899 illlioc
1460 3829 1684 3907 derivaretur,
1707 3828 1981 3923 juspatronetus

464 3921 468 3928 ’
507 3918 645 4001 Caesari,
666 3925 931 4021 quandocunque
956 3927 1132 4020 prabenda
1149 3932 1180 3996 in
1204 3925 1455 4019 Episcopalibus
1479 3925 1628 3996 Ecclesiis
1646 3925 1686 3994 ab
1710 3921 1982 3998 ilntecessoribus

506 4011 572 4083 suis
594 4022 735 4090 conditis
751 4049 898 4106 vacaret,
921 4031 1042 4095 merito
1064 4045 1289 4116 competerct;
1308 4047 1339 4092 at
1356 4024 1417 4092 hoc
1437 4022 1571 4116 prorsus
1589 4049 1605 4092 a
1628 4049 1708 4093 vero
1730 4022 1905 4102 aberrare,
1928 4021 1985 4095 ιε’·

505 4113 614 4182 tus&
644 4120 803 4191 moderna
825 4145 940 4217 preces
965 4147 1027 4215 pro
1061 4145 1128 4189 uno
1154 4145 1280 4189 tantum
1310 4119 1472 4190 lienesicio
1503 4120 1667 4211 dirigendi
1697 4125 1807 4216 pratris
1830 4117 1983 4192 cessatur.

505 4210 570 4279 Ill.
588 4213 721 4283 Nullibi
743 4220 847 4314 liquet
862 4221 901 4289 ab
925 4216 1185 4312 imperatoribus
1199 4218 1252 4312 jus
1274 4240 1410 4311 precum
1429 4214 1491 4287 else
1506 4214 1659 4286 assertum
1673 4245 1710 4290 et
1731 4218 1808 4312 jure
1825 4240 1987 4313 patrona·

505 4324 560 4373 tus
575 4308 747 4400 cujusdam
763 4322 942 4402 eminenti,
965 4317 1017 4387 sed
1041 4342 1078 4387 er
1099 4315 1333 4386 consuetudine
1354 4318 1486 4410 antiqua
1507 4317 1540 4382 id
1557 4315 1986 4409 ‘vindicatum,diplomate

507 4403 654 4475 Caesarea
670 4408 843 4503 perspicue
864 4420 1048 4484 enunciant.
1101 4417 1192 4484 Hinc
1210 4419 1269 4484 lV.
1288 4435 1396 4507 neque
1420 4411 1690 4509 adprobandum,
1710 4412 1801 4506 quod
1826 4423 1984 4507 Ayrerus

506 4498 661 4672 (ΜΨ
688 4503 830 4578 faciliori
845 4506 984 4580 sortasse
999 4515 1133 4602 negotio
1154 4514 1275 4606 partim
1290 4535 1327 4582 ex
1353 4509 1522 4580 dotatione
1546 4509 1783 4590 Ecclestarom,
1803 4513 1928 4605 partim
1942 4531 1984 4580 ex

432 4661 437 4671 ,
505 4622 609 4676 conce
635 4629 711 4679 tone
735 4607 991 4705 privilegiorum
1012 4610 1242 4707 imperialium
1261 4607 1314 4703 jus
1338 4629 1477 4705 precum
1502 4607 1621 4680 deduci
1642 4604 1751 4707 posse:
1773 4629 1926 4784 namqup¹
1937 4608 1985 4676 ei·

1928 4725 1985 4778 em
