<?xml version="1.0" encoding="UTF-8"?>
<!DOCTYPE html PUBLIC "-//W3C//DTD XHTML 1.0 Transitional//EN"
    "http://www.w3.org/TR/xhtml1/DTD/xhtml1-transitional.dtd">
<html xmlns="http://www.w3.org/1999/xhtml" xml:lang="en" lang="en">
 <head>
  <title>
</title>
<meta http-equiv="Content-Type" content="text/html;charset=utf-8" />
  <meta name='ocr-system' content='tesseract 3.04.00' />
  <meta name='ocr-capabilities' content='ocr_page ocr_carea ocr_par ocr_line ocrx_word'/>
</head>
<body>
  <div class='ocr_page' id='page_1' title='image "./thesavrvsivrise01schmgoog_0618.png"; bbox 0 0 5017 5592; ppageno 0'>
   <div class='ocr_carea' id='block_1_1' title="bbox 491 653 2084 805">
    <p class='ocr_par' dir='ltr' id='par_1_1' title="bbox 491 653 2084 805">
     <span class='ocr_line' id='line_1_1' title="bbox 491 653 2084 805; baseline 0.006 -47"><span class='ocrx_word' id='word_1_1' title='bbox 491 683 545 759; x_wconf 81' lang='lat' dir='ltr'>&gt;a</span> <span class='ocrx_word' id='word_1_2' title='bbox 565 676 1050 757; x_wconf 77' lang='lat' dir='ltr'>vennascanutno</span> <span class='ocrx_word' id='word_1_3' title='bbox 1070 677 1423 758; x_wconf 68' lang='lat' dir='ltr'>catanancen.</span> <span class='ocrx_word' id='word_1_4' title='bbox 1443 653 1858 760; x_wconf 72' lang='lat' dir='ltr'>caaurunoaai.</span> <span class='ocrx_word' id='word_1_5' title='bbox 1878 655 1953 786; x_wconf 61' lang='lat'>&amp;07</span> <span class='ocrx_word' id='word_1_6' title='bbox 2080 798 2084 805; x_wconf 22' lang='grc' dir='ltr'>Ι</span> 
     </span>
    </p>
   </div>
   <div class='ocr_carea' id='block_1_2' title="bbox 491 860 2003 1551">
    <p class='ocr_par' dir='ltr' id='par_1_2' title="bbox 491 860 2003 1551">
     <span class='ocr_line' id='line_1_2' title="bbox 496 860 2003 961; baseline 0.005 -29"><span class='ocrx_word' id='word_1_7' title='bbox 496 861 683 934; x_wconf 88' lang='lat' dir='ltr'>articularis</span> <span class='ocrx_word' id='word_1_8' title='bbox 707 887 806 960; x_wconf 91' lang='lat' dir='ltr'>quam</span> <span class='ocrx_word' id='word_1_9' title='bbox 833 863 986 958; x_wconf 83' lang='lat' dir='ltr'>plurimis</span> <span class='ocrx_word' id='word_1_10' title='bbox 1008 863 1135 955; x_wconf 83' lang='lat' dir='ltr'>magnis</span> <span class='ocrx_word' id='word_1_11' title='bbox 1158 865 1338 961; x_wconf 88' lang='lat' dir='ltr'>parvisque</span> <span class='ocrx_word' id='word_1_12' title='bbox 1361 860 1465 934; x_wconf 85' lang='lat' dir='ltr'>subesl</span> <span class='ocrx_word' id='word_1_13' title='bbox 1494 864 1756 958; x_wconf 72' lang='lat' dir='ltr'>legislatoribus.</span> <span class='ocrx_word' id='word_1_14' title='bbox 1831 866 1948 939; x_wconf 75' lang='lat' dir='ltr'>Edisla</span> <span class='ocrx_word' id='word_1_15' title='bbox 1999 905 2003 916; x_wconf 80' lang='lat'>,</span> 
     </span>
     <span class='ocr_line' id='line_1_3' title="bbox 491 960 1954 1060; baseline 0.003 -28"><span class='ocrx_word' id='word_1_16' title='bbox 491 963 598 1057; x_wconf 89' lang='lat' dir='ltr'>liquot</span> <span class='ocrx_word' id='word_1_17' title='bbox 624 963 725 1054; x_wconf 82' lang='lat' dir='ltr'>Regia</span> <span class='ocrx_word' id='word_1_18' title='bbox 752 960 946 1057; x_wconf 84' lang='lat' dir='ltr'>percensere</span> <span class='ocrx_word' id='word_1_19' title='bbox 969 961 1049 1033; x_wconf 84' lang='lat' dir='ltr'>libet</span> <span class='ocrx_word' id='word_1_20' title='bbox 1068 969 1101 1032; x_wconf 89' lang='lat' dir='ltr'>in</span> <span class='ocrx_word' id='word_1_21' title='bbox 1123 963 1280 1032; x_wconf 83' lang='lat' dir='ltr'>tuendam</span> <span class='ocrx_word' id='word_1_22' title='bbox 1304 962 1520 1034; x_wconf 81' lang='lat' dir='ltr'>Ecclestarum</span> <span class='ocrx_word' id='word_1_23' title='bbox 1541 963 1727 1034; x_wconf 78' lang='lat' dir='ltr'>libertatern</span> <span class='ocrx_word' id='word_1_24' title='bbox 1746 970 1877 1060; x_wconf 83' lang='lat' dir='ltr'>penitus</span> <span class='ocrx_word' id='word_1_25' title='bbox 1894 969 1954 1037; x_wconf 86' lang='lat' dir='ltr'>ad·</span> 
     </span>
     <span class='ocr_line' id='line_1_4' title="bbox 494 1056 1951 1160; baseline 0.004 -29"><span class='ocrx_word' id='word_1_26' title='bbox 494 1086 534 1131; x_wconf 91' lang='lat' dir='ltr'>uc</span> <span class='ocrx_word' id='word_1_27' title='bbox 552 1057 794 1154; x_wconf 83' lang='lat' dir='ltr'>conspirantia,</span> <span class='ocrx_word' id='word_1_28' title='bbox 821 1057 883 1131; x_wconf 80' lang='lat' dir='ltr'>five</span> <span class='ocrx_word' id='word_1_29' title='bbox 912 1056 1119 1156; x_wconf 85' lang='lat' dir='ltr'>personalem</span> <span class='ocrx_word' id='word_1_30' title='bbox 1133 1061 1356 1154; x_wconf 82' lang='lat' dir='ltr'>¹Clericorum</span> <span class='ocrx_word' id='word_1_31' title='bbox 1378 1057 1489 1132; x_wconf 87' lang='lat' dir='ltr'>asoto</span> <span class='ocrx_word' id='word_1_32' title='bbox 1511 1058 1658 1133; x_wconf 82' lang='lat' dir='ltr'>saeculari</span> <span class='ocrx_word' id='word_1_33' title='bbox 1682 1072 1825 1160; x_wconf 84' lang='lat' dir='ltr'>exceptis</span> <span class='ocrx_word' id='word_1_34' title='bbox 1848 1064 1951 1137; x_wconf 80' lang='lat' dir='ltr'>caulis</span> 
     </span>
     <span class='ocr_line' id='line_1_5' title="bbox 491 1156 1951 1258; baseline 0.006 -32"><span class='ocrx_word' id='word_1_35' title='bbox 491 1182 561 1230; x_wconf 85' lang='lat' dir='ltr'>aere</span> <span class='ocrx_word' id='word_1_36' title='bbox 585 1158 747 1238; x_wconf 79' lang='lat' dir='ltr'>realibus,</span> <span class='ocrx_word' id='word_1_37' title='bbox 776 1158 806 1228; x_wconf 75' lang='grc' dir='ltr'>ἃ</span> <span class='ocrx_word' id='word_1_38' title='bbox 832 1160 871 1227; x_wconf 89' lang='lat' dir='ltr'>ab</span> <span class='ocrx_word' id='word_1_39' title='bbox 897 1159 1055 1229; x_wconf 87' lang='lat' dir='ltr'>oneribus</span> <span class='ocrx_word' id='word_1_40' title='bbox 1080 1182 1216 1253; x_wconf 90' lang='lat' dir='ltr'>qunque</span> <span class='ocrx_word' id='word_1_41' title='bbox 1238 1156 1485 1255; x_wconf 86' lang='lat' dir='ltr'>personalibus,</span> <span class='ocrx_word' id='word_1_42' title='bbox 1513 1163 1581 1229; x_wconf 91' lang='lat' dir='ltr'>imo</span> <span class='ocrx_word' id='word_1_43' title='bbox 1599 1162 1708 1258; x_wconf 92' lang='lat' dir='ltr'>quoad</span> <span class='ocrx_word' id='word_1_44' title='bbox 1728 1161 1813 1234; x_wconf 88' lang='lat' dir='ltr'>bona</span> <span class='ocrx_word' id='word_1_45' title='bbox 1834 1164 1951 1235; x_wconf 89' lang='lat' dir='ltr'>Eccle-</span> 
     </span>
     <span class='ocr_line' id='line_1_6' title="bbox 492 1253 1954 1357; baseline 0.005 -31"><span class='ocrx_word' id='word_1_46' title='bbox 492 1253 591 1327; x_wconf 89' lang='lat' dir='ltr'>astica</span> <span class='ocrx_word' id='word_1_47' title='bbox 609 1253 852 1327; x_wconf 83' lang='lat' dir='ltr'>Beneficiorum</span> <span class='ocrx_word' id='word_1_48' title='bbox 878 1253 1015 1326; x_wconf 89' lang='lat' dir='ltr'>suorum</span> <span class='ocrx_word' id='word_1_49' title='bbox 1039 1259 1172 1326; x_wconf 88' lang='lat' dir='ltr'>eriama</span> <span class='ocrx_word' id='word_1_50' title='bbox 1194 1255 1340 1327; x_wconf 86' lang='lat' dir='ltr'>realibus</span> <span class='ocrx_word' id='word_1_51' title='bbox 1362 1261 1625 1353; x_wconf 82' lang='lat' dir='ltr'>exemptionem,</span> <span class='ocrx_word' id='word_1_52' title='bbox 1653 1256 1849 1354; x_wconf 82' lang='lat' dir='ltr'>Episcorum</span> <span class='ocrx_word' id='word_1_53' title='bbox 1866 1286 1954 1357; x_wconf 92' lang='lat' dir='ltr'>quo·</span> 
     </span>
     <span class='ocr_line' id='line_1_7' title="bbox 492 1350 1946 1451; baseline 0.006 -25"><span class='ocrx_word' id='word_1_54' title='bbox 492 1367 535 1426; x_wconf 87' lang='lat' dir='ltr'>ue</span> <span class='ocrx_word' id='word_1_55' title='bbox 556 1355 588 1424; x_wconf 92' lang='lat' dir='ltr'>in</span> <span class='ocrx_word' id='word_1_56' title='bbox 604 1350 704 1424; x_wconf 83' lang='lat' dir='ltr'>causas</span> <span class='ocrx_word' id='word_1_57' title='bbox 720 1379 785 1423; x_wconf 90' lang='lat' dir='ltr'>nnn</span> <span class='ocrx_word' id='word_1_58' title='bbox 803 1377 930 1424; x_wconf 90' lang='lat' dir='ltr'>tantum</span> <span class='ocrx_word' id='word_1_59' title='bbox 948 1359 1031 1450; x_wconf 90' lang='lat' dir='ltr'>Jure</span> <span class='ocrx_word' id='word_1_60' title='bbox 1047 1353 1161 1424; x_wconf 90' lang='lat' dir='ltr'>divino</span> <span class='ocrx_word' id='word_1_61' title='bbox 1176 1355 1359 1426; x_wconf 88' lang='lat' dir='ltr'>eorundem</span> <span class='ocrx_word' id='word_1_62' title='bbox 1382 1353 1617 1451; x_wconf 71' lang='lat' dir='ltr'>Jurisdislioni</span> <span class='ocrx_word' id='word_1_63' title='bbox 1635 1357 1807 1440; x_wconf 83' lang='lat' dir='ltr'>olttioatiia,</span> <span class='ocrx_word' id='word_1_64' title='bbox 1834 1357 1890 1431; x_wconf 81' lang='lat' dir='ltr'>sed</span> <span class='ocrx_word' id='word_1_65' title='bbox 1909 1366 1946 1434; x_wconf 91' lang='lat' dir='ltr'>ita</span> 
     </span>
     <span class='ocr_line' id='line_1_8' title="bbox 491 1449 1955 1551; baseline 0.008 -29"><span class='ocrx_word' id='word_1_66' title='bbox 491 1454 570 1522; x_wconf 91' lang='lat' dir='ltr'>ariis</span> <span class='ocrx_word' id='word_1_67' title='bbox 601 1453 703 1526; x_wconf 88' lang='lat' dir='ltr'>etiam</span> <span class='ocrx_word' id='word_1_68' title='bbox 734 1449 913 1526; x_wconf 83' lang='lat' dir='ltr'>extrinsece</span> <span class='ocrx_word' id='word_1_69' title='bbox 944 1475 1071 1524; x_wconf 90' lang='lat' dir='ltr'>tantum</span> <span class='ocrx_word' id='word_1_70' title='bbox 1098 1449 1327 1549; x_wconf 83' lang='lat' dir='ltr'>spiritualibus</span> <span class='ocrx_word' id='word_1_71' title='bbox 1353 1456 1555 1551; x_wconf 82' lang='lat' dir='ltr'>privativam</span> <span class='ocrx_word' id='word_1_72' title='bbox 1593 1460 1820 1550; x_wconf 84' lang='lat' dir='ltr'>cognitionem</span> <span class='ocrx_word' id='word_1_73' title='bbox 1848 1457 1955 1534; x_wconf 82' lang='lat' dir='ltr'>const·</span> 
     </span>
    </p>
   </div>
   <div class='ocr_carea' id='block_1_3' title="bbox 491 1545 1954 1903">
    <p class='ocr_par' dir='ltr' id='par_1_3' title="bbox 491 1545 1954 1903">
     <span class='ocr_line' id='line_1_9' title="bbox 491 1545 644 1646; baseline -0.026 -22"><span class='ocrx_word' id='word_1_74' title='bbox 491 1574 576 1624; x_wconf 87' lang='lat' dir='ltr'>eres.</span> <span class='ocrx_word' id='word_1_75' title='bbox 596 1545 644 1646; x_wconf 82' lang='lat' dir='ltr'>a)</span> 
     </span>
     <span class='ocr_line' id='line_1_10' title="bbox 1831 1652 1954 1733; baseline -0.008 -7"><span class='ocrx_word' id='word_1_76' title='bbox 1831 1652 1954 1733; x_wconf 68' lang='lat' dir='ltr'>Fasto-</span> 
     </span>
     <span class='ocr_line' id='line_1_11' title="bbox 504 1811 1951 1903; baseline 0.004 -25"><span class='ocrx_word' id='word_1_77' title='bbox 504 1816 543 1896; x_wconf 74' lang='grc' dir='ltr'>ι)</span> <span class='ocrx_word' id='word_1_78' title='bbox 566 1814 632 1889; x_wconf 77' lang='lat' dir='ltr'>Jue.</span> <span class='ocrx_word' id='word_1_79' title='bbox 646 1812 766 1880; x_wconf 87' lang='lat' dir='ltr'>Canon.</span> <span class='ocrx_word' id='word_1_80' title='bbox 783 1811 904 1882; x_wconf 79' lang='lat' dir='ltr'>Theos.</span> <span class='ocrx_word' id='word_1_81' title='bbox 924 1814 957 1879; x_wconf 79' lang='lat' dir='ltr'>dr</span> <span class='ocrx_word' id='word_1_82' title='bbox 974 1813 1065 1880; x_wconf 86' lang='lat' dir='ltr'>Prax.</span> <span class='ocrx_word' id='word_1_83' title='bbox 1084 1814 1150 1881; x_wconf 82' lang='lat' dir='ltr'>Lib.</span> <span class='ocrx_word' id='word_1_84' title='bbox 1164 1833 1193 1881; x_wconf 94' lang='lat'>1.</span> <span class='ocrx_word' id='word_1_85' title='bbox 1207 1813 1281 1902; x_wconf 88' lang='lat' dir='ltr'>Cap.</span> <span class='ocrx_word' id='word_1_86' title='bbox 1301 1836 1350 1901; x_wconf 82' lang='lat'>19.</span> <span class='ocrx_word' id='word_1_87' title='bbox 1364 1814 1398 1898; x_wconf 69' lang='lat' dir='ltr'>S.</span> <span class='ocrx_word' id='word_1_88' title='bbox 1416 1831 1465 1899; x_wconf 75' lang='lat'>15.</span> <span class='ocrx_word' id='word_1_89' title='bbox 1508 1813 1615 1880; x_wconf 73' lang='lat' dir='ltr'>causa</span> <span class='ocrx_word' id='word_1_90' title='bbox 1632 1813 1706 1880; x_wconf 88' lang='lat' dir='ltr'>fidei</span> <span class='ocrx_word' id='word_1_91' title='bbox 1719 1815 1749 1882; x_wconf 89' lang='lat' dir='ltr'>in</span> <span class='ocrx_word' id='word_1_92' title='bbox 1762 1815 1864 1883; x_wconf 86' lang='lat' dir='ltr'>Gallia</span> <span class='ocrx_word' id='word_1_93' title='bbox 1877 1840 1951 1903; x_wconf 86' lang='lat' dir='ltr'>per·</span> 
     </span>
    </p>
   </div>
   <div class='ocr_carea' id='block_1_4' title="bbox 579 1897 1952 2569">
    <p class='ocr_par' dir='ltr' id='par_1_4' title="bbox 579 1897 1952 2569">
     <span class='ocr_line' id='line_1_12' title="bbox 583 1897 1952 1986; baseline 0.004 -24"><span class='ocrx_word' id='word_1_94' title='bbox 583 1899 657 1962; x_wconf 88' lang='lat' dir='ltr'>inde</span> <span class='ocrx_word' id='word_1_95' title='bbox 683 1918 720 1960; x_wconf 93' lang='lat' dir='ltr'>ac</span> <span class='ocrx_word' id='word_1_96' title='bbox 744 1901 775 1960; x_wconf 94' lang='lat' dir='ltr'>in</span> <span class='ocrx_word' id='word_1_97' title='bbox 802 1900 929 1982; x_wconf 88' lang='lat' dir='ltr'>reliquia</span> <span class='ocrx_word' id='word_1_98' title='bbox 952 1898 1119 1962; x_wconf 85' lang='lat' dir='ltr'>catholicis</span> <span class='ocrx_word' id='word_1_99' title='bbox 1143 1918 1177 1961; x_wconf 94' lang='lat' dir='ltr'>re</span> <span class='ocrx_word' id='word_1_100' title='bbox 1202 1900 1329 1962; x_wconf 87' lang='lat' dir='ltr'>ionibus</span> <span class='ocrx_word' id='word_1_101' title='bbox 1352 1898 1422 1962; x_wconf 87' lang='lat' dir='ltr'>sunt</span> <span class='ocrx_word' id='word_1_102' title='bbox 1442 1897 1646 1962; x_wconf 79' lang='lat' dir='ltr'>Ecclefiastici</span> <span class='ocrx_word' id='word_1_103' title='bbox 1669 1898 1733 1963; x_wconf 90' lang='lat' dir='ltr'>sori</span> <span class='ocrx_word' id='word_1_104' title='bbox 1749 1899 1812 1967; x_wconf 84' lang='lat' dir='ltr'>dte.</span> <span class='ocrx_word' id='word_1_105' title='bbox 1833 1903 1952 1986; x_wconf 78' lang='lat' dir='ltr'>allegat</span> 
     </span>
     <span class='ocr_line' id='line_1_13' title="bbox 582 1919 1952 2051; baseline 0.006 -9"><span class='ocrx_word' id='word_1_106' title='bbox 582 1978 714 2044; x_wconf 87' lang='lat' dir='ltr'>Constit.</span> <span class='ocrx_word' id='word_1_107' title='bbox 736 1979 895 2045; x_wconf 76' lang='lat' dir='ltr'>senne.</span> <span class='ocrx_word' id='word_1_108' title='bbox 914 1979 940 2045; x_wconf 95' lang='lat' dir='ltr'>l.</span> <span class='ocrx_word' id='word_1_109' title='bbox 962 1982 1162 2045; x_wconf 73' lang='lat' dir='ltr'>Hennaea</span> <span class='ocrx_word' id='word_1_110' title='bbox 1178 1919 1220 2045; x_wconf 73' lang='lat' dir='ltr'>ll.</span> <span class='ocrx_word' id='word_1_111' title='bbox 1240 1980 1274 2044; x_wconf 73' lang='grc' dir='ltr'>ἀ</span> <span class='ocrx_word' id='word_1_112' title='bbox 1299 1984 1476 2045; x_wconf 74' lang='lat' dir='ltr'>Canon</span> <span class='ocrx_word' id='word_1_113' title='bbox 1500 1979 1557 2045; x_wconf 89' lang='lat' dir='ltr'>lX.</span> <span class='ocrx_word' id='word_1_114' title='bbox 1584 1982 1681 2044; x_wconf 90' lang='lat' dir='ltr'>relata</span> <span class='ocrx_word' id='word_1_115' title='bbox 1699 1982 1811 2046; x_wconf 89' lang='lat' dir='ltr'>suntin</span> <span class='ocrx_word' id='word_1_116' title='bbox 1831 1983 1952 2051; x_wconf 75' lang='lat' dir='ltr'>coaice</span> 
     </span>
     <span class='ocr_line' id='line_1_14' title="bbox 583 2062 1951 2149; baseline 0.003 -23"><span class='ocrx_word' id='word_1_117' title='bbox 583 2063 852 2126; x_wconf 78' lang='lat' dir='ltr'>Hautucarao</span> <span class='ocrx_word' id='word_1_118' title='bbox 877 2062 911 2126; x_wconf 84' lang='lat' dir='ltr'>dr</span> <span class='ocrx_word' id='word_1_119' title='bbox 927 2065 958 2127; x_wconf 93' lang='lat' dir='ltr'>in</span> <span class='ocrx_word' id='word_1_120' title='bbox 980 2064 1154 2128; x_wconf 89' lang='lat' dir='ltr'>collatione</span> <span class='ocrx_word' id='word_1_121' title='bbox 1180 2063 1348 2144; x_wconf 81' lang='lat' dir='ltr'>Regiamnr</span> <span class='ocrx_word' id='word_1_122' title='bbox 1369 2062 1643 2128; x_wconf 87' lang='lat' dir='ltr'>constitutionum.</span> <span class='ocrx_word' id='word_1_123' title='bbox 1706 2065 1815 2128; x_wconf 82' lang='lat' dir='ltr'>Causae</span> <span class='ocrx_word' id='word_1_124' title='bbox 1834 2071 1951 2149; x_wconf 83' lang='lat' dir='ltr'>pariter</span> 
     </span>
     <span class='ocr_line' id='line_1_15' title="bbox 581 2145 1951 2219; baseline 0.004 -12"><span class='ocrx_word' id='word_1_125' title='bbox 581 2147 857 2208; x_wconf 82' lang='lat' dir='ltr'>matrimoniorum</span> <span class='ocrx_word' id='word_1_126' title='bbox 878 2149 959 2209; x_wconf 91' lang='lat' dir='ltr'>circa</span> <span class='ocrx_word' id='word_1_127' title='bbox 979 2165 1089 2209; x_wconf 91' lang='lat' dir='ltr'>eorum</span> <span class='ocrx_word' id='word_1_128' title='bbox 1112 2146 1328 2219; x_wconf 80' lang='lat' dir='ltr'>validitatem,</span> <span class='ocrx_word' id='word_1_129' title='bbox 1363 2160 1418 2209; x_wconf 88' lang='lat' dir='ltr'>ant</span> <span class='ocrx_word' id='word_1_130' title='bbox 1439 2147 1616 2210; x_wconf 88' lang='lat' dir='ltr'>nullitatem</span> <span class='ocrx_word' id='word_1_131' title='bbox 1643 2145 1719 2209; x_wconf 88' lang='lat' dir='ltr'>solia</span> <span class='ocrx_word' id='word_1_132' title='bbox 1735 2150 1951 2214; x_wconf 86' lang='lat' dir='ltr'>attribuuntur</span> 
     </span>
     <span class='ocr_line' id='line_1_16' title="bbox 580 2225 1949 2308; baseline 0.004 -20"><span class='ocrx_word' id='word_1_133' title='bbox 580 2225 743 2299; x_wconf 89' lang='lat' dir='ltr'>Judiclbus</span> <span class='ocrx_word' id='word_1_134' title='bbox 756 2227 990 2300; x_wconf 78' lang='lat' dir='ltr'>Ecclesiasticis,</span> <span class='ocrx_word' id='word_1_135' title='bbox 1009 2227 1103 2308; x_wconf 84' lang='lat' dir='ltr'>juxta</span> <span class='ocrx_word' id='word_1_136' title='bbox 1120 2227 1257 2291; x_wconf 75' lang='lat' dir='ltr'>edictum</span> <span class='ocrx_word' id='word_1_137' title='bbox 1275 2229 1473 2292; x_wconf 77' lang='lat' dir='ltr'>Hennaea</span> <span class='ocrx_word' id='word_1_138' title='bbox 1489 2227 1545 2293; x_wconf 86' lang='lat' dir='ltr'>lV.</span> <span class='ocrx_word' id='word_1_139' title='bbox 1564 2229 1630 2292; x_wconf 82' lang='lat' dir='ltr'>Art.</span> <span class='ocrx_word' id='word_1_140' title='bbox 1645 2247 1692 2293; x_wconf 83' lang='lat'>12.</span> <span class='ocrx_word' id='word_1_141' title='bbox 1705 2229 1788 2295; x_wconf 87' lang='lat' dir='ltr'>Ann.</span> <span class='ocrx_word' id='word_1_142' title='bbox 1800 2233 1949 2300; x_wconf 84' lang='lat' dir='ltr'>lllDCVl.</span> 
     </span>
     <span class='ocr_line' id='line_1_17' title="bbox 579 2307 1950 2391; baseline 0.008 -21"><span class='ocrx_word' id='word_1_143' title='bbox 579 2307 706 2382; x_wconf 80' lang='lat' dir='ltr'>ludices</span> <span class='ocrx_word' id='word_1_144' title='bbox 724 2329 852 2391; x_wconf 89' lang='lat' dir='ltr'>quoque</span> <span class='ocrx_word' id='word_1_145' title='bbox 865 2310 1086 2383; x_wconf 76' lang='lat' dir='ltr'>Ecclesiastici,</span> <span class='ocrx_word' id='word_1_146' title='bbox 1123 2330 1187 2370; x_wconf 91' lang='lat' dir='ltr'>non</span> <span class='ocrx_word' id='word_1_147' title='bbox 1205 2310 1304 2373; x_wconf 85' lang='lat' dir='ltr'>solum</span> <span class='ocrx_word' id='word_1_148' title='bbox 1320 2313 1359 2374; x_wconf 91' lang='lat' dir='ltr'>de</span> <span class='ocrx_word' id='word_1_149' title='bbox 1373 2311 1492 2374; x_wconf 88' lang='lat' dir='ltr'>soedete</span> <span class='ocrx_word' id='word_1_150' title='bbox 1512 2311 1684 2382; x_wconf 89' lang='lat' dir='ltr'>connubii,</span> <span class='ocrx_word' id='word_1_151' title='bbox 1721 2311 1769 2374; x_wconf 90' lang='lat' dir='ltr'>sed</span> <span class='ocrx_word' id='word_1_152' title='bbox 1794 2316 1888 2379; x_wconf 90' lang='lat' dir='ltr'>etiarn</span> <span class='ocrx_word' id='word_1_153' title='bbox 1910 2319 1950 2382; x_wconf 85' lang='lat' dir='ltr'>de</span> 
     </span>
     <span class='ocr_line' id='line_1_18' title="bbox 580 2389 1951 2474; baseline 0.006 -20"><span class='ocrx_word' id='word_1_154' title='bbox 580 2389 773 2473; x_wconf 71' lang='lat' dir='ltr'>sponsalibus</span> <span class='ocrx_word' id='word_1_155' title='bbox 788 2414 824 2453; x_wconf 91' lang='lat' dir='ltr'>ac</span> <span class='ocrx_word' id='word_1_156' title='bbox 845 2393 1098 2474; x_wconf 85' lang='lat' dir='ltr'>promiffionibns</span> <span class='ocrx_word' id='word_1_157' title='bbox 1117 2392 1212 2455; x_wconf 87' lang='lat' dir='ltr'>saturi</span> <span class='ocrx_word' id='word_1_158' title='bbox 1225 2393 1438 2465; x_wconf 83' lang='lat' dir='ltr'>matrimonii,</span> <span class='ocrx_word' id='word_1_159' title='bbox 1474 2409 1508 2455; x_wconf 94' lang='lat' dir='ltr'>ut</span> <span class='ocrx_word' id='word_1_160' title='bbox 1531 2395 1729 2474; x_wconf 83' lang='lat' dir='ltr'>praeambulis</span> <span class='ocrx_word' id='word_1_161' title='bbox 1751 2395 1786 2455; x_wconf 89' lang='lat' dir='ltr'>ad</span> <span class='ocrx_word' id='word_1_162' title='bbox 1806 2399 1869 2459; x_wconf 88' lang='lat' dir='ltr'>hoc</span> <span class='ocrx_word' id='word_1_163' title='bbox 1893 2398 1951 2462; x_wconf 87' lang='lat' dir='ltr'>Sa·</span> 
     </span>
     <span class='ocr_line' id='line_1_19' title="bbox 580 2473 1949 2569; baseline 0.007 -33"><span class='ocrx_word' id='word_1_164' title='bbox 580 2485 776 2569; x_wconf 74' lang='lat' dir='ltr'>crementum</span> <span class='ocrx_word' id='word_1_165' title='bbox 794 2476 992 2554; x_wconf 88' lang='lat' dir='ltr'>cognoscunt</span> <span class='ocrx_word' id='word_1_166' title='bbox 1007 2476 1041 2537; x_wconf 80' lang='lat' dir='ltr'>dr</span> <span class='ocrx_word' id='word_1_167' title='bbox 1055 2476 1197 2553; x_wconf 81' lang='lat' dir='ltr'>judicant</span> <span class='ocrx_word' id='word_1_168' title='bbox 1213 2476 1243 2538; x_wconf 90' lang='lat' dir='ltr'>in</span> <span class='ocrx_word' id='word_1_169' title='bbox 1258 2473 1323 2538; x_wconf 86' lang='lat' dir='ltr'>hoc</span> <span class='ocrx_word' id='word_1_170' title='bbox 1338 2477 1461 2558; x_wconf 85' lang='lat' dir='ltr'>Regno.</span> <span class='ocrx_word' id='word_1_171' title='bbox 1493 2475 1643 2550; x_wconf 78' lang='lat' dir='ltr'>Bacou</span> <span class='ocrx_word' id='word_1_172' title='bbox 1654 2497 1705 2539; x_wconf 78' lang='lat' dir='ltr'>nr</span> <span class='ocrx_word' id='word_1_173' title='bbox 1722 2476 1827 2541; x_wconf 88' lang='lat' dir='ltr'>Pastor</span> <span class='ocrx_word' id='word_1_174' title='bbox 1844 2484 1882 2545; x_wconf 94' lang='lat' dir='ltr'>de</span> <span class='ocrx_word' id='word_1_175' title='bbox 1894 2483 1949 2563; x_wconf 85' lang='lat' dir='ltr'>ju·</span> 
     </span>
    </p>
   </div>
   <div class='ocr_carea' id='block_1_5' title="bbox 578 2555 2024 2722">
    <p class='ocr_par' dir='ltr' id='par_1_5' title="bbox 578 2555 2024 2722">
     <span class='ocr_line' id='line_1_20' title="bbox 578 2555 2024 2702; baseline 0.008 -85"><span class='ocrx_word' id='word_1_176' title='bbox 578 2555 801 2702; x_wconf 62' lang='lat' dir='ltr'>piurisdittiope</span> <span class='ocrx_word' id='word_1_177' title='bbox 818 2557 933 2620; x_wconf 79' lang='lat' dir='ltr'>Eccles.</span> <span class='ocrx_word' id='word_1_178' title='bbox 950 2557 1024 2637; x_wconf 88' lang='lat' dir='ltr'>Cap.</span> <span class='ocrx_word' id='word_1_179' title='bbox 1043 2577 1089 2640; x_wconf 85' lang='lat'>¹3·</span> <span class='ocrx_word' id='word_1_180' title='bbox 1108 2577 1138 2656; x_wconf 72' lang='lat'>¹}-</span> <span class='ocrx_word' id='word_1_181' title='bbox 1150 2579 1190 2702; x_wconf 76' lang='lat' dir='ltr'>p.</span> <span class='ocrx_word' id='word_1_182' title='bbox 1208 2559 1393 2657; x_wconf 78' lang='lat' dir='ltr'>profertque</span> <span class='ocrx_word' id='word_1_183' title='bbox 1413 2558 1708 2632; x_wconf 79' lang='lat' dir='ltr'>senatusconsulta,</span> <span class='ocrx_word' id='word_1_184' title='bbox 1738 2580 1794 2643; x_wconf 92' lang='lat' dir='ltr'>per</span> <span class='ocrx_word' id='word_1_185' title='bbox 1811 2580 1883 2645; x_wconf 79' lang='lat' dir='ltr'>quae</span> <span class='ocrx_word' id='word_1_186' title='bbox 1899 2577 1950 2628; x_wconf 86' lang='lat' dir='ltr'>ta·</span> <span class='ocrx_word' id='word_1_187' title='bbox 2018 2633 2024 2650; x_wconf 39' lang='grc'>1</span> 
     </span>
     <span class='ocr_line' id='line_1_21' title="bbox 606 2638 1526 2722; baseline 0.004 -20"><span class='ocrx_word' id='word_1_188' title='bbox 606 2659 657 2702; x_wconf 91' lang='lat' dir='ltr'>utn</span> <span class='ocrx_word' id='word_1_189' title='bbox 672 2638 911 2722; x_wconf 86' lang='lat' dir='ltr'>promtlsronum</span> <span class='ocrx_word' id='word_1_190' title='bbox 927 2640 1027 2704; x_wconf 85' lang='lat' dir='ltr'>causae</span> <span class='ocrx_word' id='word_1_191' title='bbox 1045 2643 1082 2703; x_wconf 88' lang='lat' dir='ltr'>ad</span> <span class='ocrx_word' id='word_1_192' title='bbox 1100 2641 1158 2722; x_wconf 67' lang='lat' dir='ltr'>ltpt</span> <span class='ocrx_word' id='word_1_193' title='bbox 1173 2659 1276 2722; x_wconf 88' lang='lat' dir='ltr'>copos</span> <span class='ocrx_word' id='word_1_194' title='bbox 1298 2640 1429 2705; x_wconf 79' lang='lat' dir='ltr'>remalsae</span> <span class='ocrx_word' id='word_1_195' title='bbox 1447 2641 1526 2706; x_wconf 66' lang='lat' dir='ltr'>sunt</span> 
     </span>
    </p>
   </div>
   <div class='ocr_carea' id='block_1_6' title="bbox 494 2791 1986 3370">
    <p class='ocr_par' dir='ltr' id='par_1_6' title="bbox 494 2791 1986 3370">
     <span class='ocr_line' id='line_1_22' title="bbox 494 2791 1950 2880; baseline 0.007 -26"><span class='ocrx_word' id='word_1_196' title='bbox 494 2791 514 2812; x_wconf 81' lang='lat'><strong><em>‘</em></strong></span> <span class='ocrx_word' id='word_1_197' title='bbox 629 2792 774 2856; x_wconf 81' lang='lat' dir='ltr'>Addatnr</span> <span class='ocrx_word' id='word_1_198' title='bbox 794 2794 906 2858; x_wconf 86' lang='lat' dir='ltr'>ibidem</span> <span class='ocrx_word' id='word_1_199' title='bbox 925 2795 958 2878; x_wconf 77' lang='lat'>§.</span> <span class='ocrx_word' id='word_1_200' title='bbox 976 2795 1066 2880; x_wconf 82' lang='lat' dir='ltr'><strong>XVI.</strong></span> <span class='ocrx_word' id='word_1_201' title='bbox 1082 2796 1135 2859; x_wconf 91' lang='lat' dir='ltr'>nbi</span> <span class='ocrx_word' id='word_1_202' title='bbox 1152 2818 1195 2860; x_wconf 89' lang='lat' dir='ltr'>ex</span> <span class='ocrx_word' id='word_1_203' title='bbox 1212 2795 1398 2859; x_wconf 73' lang='lat' dir='ltr'>Annaeo</span> <span class='ocrx_word' id='word_1_204' title='bbox 1420 2793 1599 2858; x_wconf 81' lang='lat' dir='ltr'>Roanrtr</span> <span class='ocrx_word' id='word_1_205' title='bbox 1611 2812 1633 2854; x_wconf 93' lang='grc' dir='ltr'>ο</span> <span class='ocrx_word' id='word_1_206' title='bbox 1654 2791 1722 2858; x_wconf 88' lang='lat' dir='ltr'>Lib.</span> <span class='ocrx_word' id='word_1_207' title='bbox 1734 2814 1765 2879; x_wconf 82' lang='lat'>3.</span> <span class='ocrx_word' id='word_1_208' title='bbox 1779 2814 1883 2862; x_wconf 86' lang='lat' dir='ltr'>rerum</span> <span class='ocrx_word' id='word_1_209' title='bbox 1899 2795 1950 2876; x_wconf 85' lang='lat' dir='ltr'>iu·</span> 
     </span>
     <span class='ocr_line' id='line_1_23' title="bbox 578 2875 1949 2964; baseline 0.007 -26"><span class='ocrx_word' id='word_1_210' title='bbox 578 2875 673 2941; x_wconf 89' lang='lat' dir='ltr'>dicat.</span> <span class='ocrx_word' id='word_1_211' title='bbox 697 2876 731 2940; x_wconf 90' lang='lat' dir='ltr'>C.</span> <span class='ocrx_word' id='word_1_212' title='bbox 748 2897 778 2958; x_wconf 86' lang='lat'>5.</span> <span class='ocrx_word' id='word_1_213' title='bbox 793 2876 825 2940; x_wconf 82' lang='lat' dir='ltr'>dr</span> <span class='ocrx_word' id='word_1_214' title='bbox 841 2879 875 2941; x_wconf 89' lang='lat' dir='ltr'>L.</span> <span class='ocrx_word' id='word_1_215' title='bbox 888 2900 916 2959; x_wconf 85' lang='lat'>4.</span> <span class='ocrx_word' id='word_1_216' title='bbox 933 2880 967 2944; x_wconf 92' lang='lat' dir='ltr'>C.</span> <span class='ocrx_word' id='word_1_217' title='bbox 985 2900 1032 2942; x_wconf 90' lang='lat'>10.</span> <span class='ocrx_word' id='word_1_218' title='bbox 1050 2878 1227 2942; x_wconf 89' lang='lat' dir='ltr'>refetuntnr</span> <span class='ocrx_word' id='word_1_219' title='bbox 1241 2877 1412 2941; x_wconf 86' lang='lat' dir='ltr'>Paristenlia</span> <span class='ocrx_word' id='word_1_220' title='bbox 1426 2877 1561 2941; x_wconf 88' lang='lat' dir='ltr'>Senatus</span> <span class='ocrx_word' id='word_1_221' title='bbox 1580 2875 1743 2952; x_wconf 89' lang='lat' dir='ltr'>consulta,</span> <span class='ocrx_word' id='word_1_222' title='bbox 1760 2898 1832 2960; x_wconf 83' lang='lat' dir='ltr'>qnae</span> <span class='ocrx_word' id='word_1_223' title='bbox 1843 2896 1949 2964; x_wconf 80' lang='lat' dir='ltr'>partes</span> 
     </span>
     <span class='ocr_line' id='line_1_24' title="bbox 577 2958 1950 3048; baseline 0.003 -24"><span class='ocrx_word' id='word_1_224' title='bbox 577 2958 741 3040; x_wconf 83' lang='lat' dir='ltr'>litigantes</span> <span class='ocrx_word' id='word_1_225' title='bbox 758 2974 824 3021; x_wconf 92' lang='lat' dir='ltr'>turn</span> <span class='ocrx_word' id='word_1_226' title='bbox 845 2965 925 3025; x_wconf 86' lang='lat' dir='ltr'>cirea</span> <span class='ocrx_word' id='word_1_227' title='bbox 939 2962 1104 3044; x_wconf 81' lang='lat' dir='ltr'>sponsalia,</span> <span class='ocrx_word' id='word_1_228' title='bbox 1126 2963 1176 3025; x_wconf 90' lang='lat' dir='ltr'>seu</span> <span class='ocrx_word' id='word_1_229' title='bbox 1191 2961 1386 3044; x_wconf 78' lang='lat' dir='ltr'>sponsionem</span> <span class='ocrx_word' id='word_1_230' title='bbox 1401 2959 1499 3024; x_wconf 84' lang='lat' dir='ltr'>sutori</span> <span class='ocrx_word' id='word_1_231' title='bbox 1511 2961 1705 3023; x_wconf 88' lang='lat' dir='ltr'>matrimonii</span> <span class='ocrx_word' id='word_1_232' title='bbox 1720 2971 1788 3024; x_wconf 83' lang='lat' dir='ltr'>tom</span> <span class='ocrx_word' id='word_1_233' title='bbox 1803 2965 1884 3027; x_wconf 86' lang='lat' dir='ltr'>circa</span> <span class='ocrx_word' id='word_1_234' title='bbox 1896 2967 1950 3048; x_wconf 85' lang='lat' dir='ltr'>ju·</span> 
     </span>
     <span class='ocr_line' id='line_1_25' title="bbox 579 3039 1952 3128; baseline 0.008 -27"><span class='ocrx_word' id='word_1_235' title='bbox 579 3040 696 3105; x_wconf 86' lang='lat' dir='ltr'>dicium</span> <span class='ocrx_word' id='word_1_236' title='bbox 718 3039 751 3103; x_wconf 81' lang='lat' dir='ltr'>dr</span> <span class='ocrx_word' id='word_1_237' title='bbox 769 3047 989 3123; x_wconf 81' lang='lat' dir='ltr'>cognitionem</span> <span class='ocrx_word' id='word_1_238' title='bbox 1009 3047 1208 3128; x_wconf 80' lang='lat' dir='ltr'>impotentiae</span> <span class='ocrx_word' id='word_1_239' title='bbox 1229 3046 1267 3106; x_wconf 90' lang='lat' dir='ltr'>ad</span> <span class='ocrx_word' id='word_1_240' title='bbox 1287 3045 1483 3107; x_wconf 75' lang='lat' dir='ltr'>contradtum</span> <span class='ocrx_word' id='word_1_241' title='bbox 1502 3044 1757 3117; x_wconf 87' lang='lat' dir='ltr'>matrimonium,</span> <span class='ocrx_word' id='word_1_242' title='bbox 1783 3049 1952 3112; x_wconf 88' lang='lat' dir='ltr'>remittunt</span> 
     </span>
     <span class='ocr_line' id='line_1_26' title="bbox 579 3122 1950 3206; baseline 0.009 -23"><span class='ocrx_word' id='word_1_243' title='bbox 579 3122 616 3184; x_wconf 91' lang='lat' dir='ltr'>ad</span> <span class='ocrx_word' id='word_1_244' title='bbox 633 3123 855 3194; x_wconf 87' lang='lat' dir='ltr'>Ordinarium,</span> <span class='ocrx_word' id='word_1_245' title='bbox 892 3147 984 3204; x_wconf 88' lang='lat' dir='ltr'>quem</span> <span class='ocrx_word' id='word_1_246' title='bbox 999 3141 1102 3189; x_wconf 88' lang='lat' dir='ltr'>tamen</span> <span class='ocrx_word' id='word_1_247' title='bbox 1124 3129 1302 3190; x_wconf 85' lang='lat' dir='ltr'>excludunt</span> <span class='ocrx_word' id='word_1_248' title='bbox 1324 3148 1339 3188; x_wconf 91' lang='lat' dir='ltr'>a</span> <span class='ocrx_word' id='word_1_249' title='bbox 1359 3125 1598 3206; x_wconf 82' lang='lat' dir='ltr'>cognitione&amp;</span> <span class='ocrx_word' id='word_1_250' title='bbox 1620 3123 1739 3190; x_wconf 89' lang='lat' dir='ltr'>&#39;udicio</span> <span class='ocrx_word' id='word_1_251' title='bbox 1756 3125 1795 3190; x_wconf 88' lang='lat' dir='ltr'>de</span> <span class='ocrx_word' id='word_1_252' title='bbox 1816 3132 1950 3204; x_wconf 85' lang='lat' dir='ltr'>damnis,</span> 
     </span>
     <span class='ocr_line' id='line_1_27' title="bbox 584 3143 1952 3296; baseline 0.01 -30"><span class='ocrx_word' id='word_1_253' title='bbox 584 3204 617 3266; x_wconf 82' lang='lat' dir='ltr'>dr</span> <span class='ocrx_word' id='word_1_254' title='bbox 638 3227 679 3267; x_wconf 94' lang='lat' dir='ltr'>eo</span> <span class='ocrx_word' id='word_1_255' title='bbox 696 3207 779 3286; x_wconf 88' lang='lat' dir='ltr'>quod</span> <span class='ocrx_word' id='word_1_256' title='bbox 795 3208 937 3281; x_wconf 88' lang='lat' dir='ltr'>interest,</span> <span class='ocrx_word' id='word_1_257' title='bbox 960 3223 1072 3296; x_wconf 86' lang='lat' dir='ltr'>utpote</span> <span class='ocrx_word' id='word_1_258' title='bbox 1089 3210 1297 3289; x_wconf 75' lang='lat' dir='ltr'>spectantibus</span> <span class='ocrx_word' id='word_1_259' title='bbox 1315 3210 1352 3270; x_wconf 92' lang='lat' dir='ltr'>ad</span> <span class='ocrx_word' id='word_1_260' title='bbox 1367 3210 1465 3272; x_wconf 89' lang='lat' dir='ltr'>solum</span> <span class='ocrx_word' id='word_1_261' title='bbox 1483 3209 1597 3270; x_wconf 89' lang='lat' dir='ltr'>laicum</span> <span class='ocrx_word' id='word_1_262' title='bbox 1616 3143 1792 3286; x_wconf 70' lang='lat' dir='ltr'>laibunat,</span> <span class='ocrx_word' id='word_1_263' title='bbox 1827 3213 1952 3278; x_wconf 84' lang='lat' dir='ltr'>tametsi</span> 
     </span>
     <span class='ocr_line' id='line_1_28' title="bbox 581 3291 1986 3370; baseline 0.004 -19"><span class='ocrx_word' id='word_1_264' title='bbox 581 3302 744 3370; x_wconf 78' lang='lat' dir='ltr'>emergant</span> <span class='ocrx_word' id='word_1_265' title='bbox 765 3292 931 3353; x_wconf 77' lang='lat' dir='ltr'>occasione</span> <span class='ocrx_word' id='word_1_266' title='bbox 944 3291 1226 3355; x_wconf 83' lang='lat' dir='ltr'>lllattimoniurum.</span> <span class='ocrx_word' id='word_1_267' title='bbox 1977 3315 1986 3325; x_wconf 92' lang='lat'>·</span> 
     </span>
    </p>
   </div>
   <div class='ocr_carea' id='block_1_7' title="bbox 492 3440 1950 4601">
    <p class='ocr_par' dir='ltr' id='par_1_7' title="bbox 577 3440 1950 3689">
     <span class='ocr_line' id='line_1_29' title="bbox 606 3440 1950 3523; baseline 0.004 -18"><span class='ocrx_word' id='word_1_268' title='bbox 606 3459 608 3464; x_wconf 83' lang='lat'>·</span> <span class='ocrx_word' id='word_1_269' title='bbox 638 3443 751 3522; x_wconf 89' lang='lat' dir='ltr'>Quoad</span> <span class='ocrx_word' id='word_1_270' title='bbox 767 3446 897 3508; x_wconf 88' lang='lat' dir='ltr'>realium</span> <span class='ocrx_word' id='word_1_271' title='bbox 911 3461 1073 3506; x_wconf 88' lang='lat' dir='ltr'>munerum</span> <span class='ocrx_word' id='word_1_272' title='bbox 1088 3463 1124 3505; x_wconf 88' lang='lat' dir='ltr'>ac</span> <span class='ocrx_word' id='word_1_273' title='bbox 1142 3463 1274 3506; x_wconf 89' lang='lat' dir='ltr'>onerum</span> <span class='ocrx_word' id='word_1_274' title='bbox 1292 3442 1531 3523; x_wconf 82' lang='lat' dir='ltr'>exemptionem</span> <span class='ocrx_word' id='word_1_275' title='bbox 1551 3440 1752 3506; x_wconf 76' lang='lat' dir='ltr'>Canouua</span> <span class='ocrx_word' id='word_1_276' title='bbox 1768 3441 1826 3508; x_wconf 89' lang='lat' dir='ltr'>IX.</span> <span class='ocrx_word' id='word_1_277' title='bbox 1846 3447 1950 3520; x_wconf 86' lang='lat' dir='ltr'>edixit</span> 
     </span>
     <span class='ocr_line' id='line_1_30' title="bbox 578 3521 1950 3609; baseline 0.004 -22"><span class='ocrx_word' id='word_1_278' title='bbox 578 3521 719 3599; x_wconf 82' lang='lat' dir='ltr'>Parisiis,</span> <span class='ocrx_word' id='word_1_279' title='bbox 742 3528 847 3592; x_wconf 84' lang='lat' dir='ltr'>Mense</span> <span class='ocrx_word' id='word_1_280' title='bbox 858 3527 953 3601; x_wconf 88' lang='lat' dir='ltr'>Junio</span> <span class='ocrx_word' id='word_1_281' title='bbox 973 3528 1031 3589; x_wconf 81' lang='lat' dir='ltr'>An.</span> <span class='ocrx_word' id='word_1_282' title='bbox 1050 3527 1261 3592; x_wconf 80' lang='lat' dir='ltr'>leLXVlll.</span> <span class='ocrx_word' id='word_1_283' title='bbox 1277 3523 1338 3588; x_wconf 86' lang='lat' dir='ltr'>esse</span> <span class='ocrx_word' id='word_1_284' title='bbox 1352 3526 1507 3588; x_wconf 86' lang='lat' dir='ltr'>immunes</span> <span class='ocrx_word' id='word_1_285' title='bbox 1522 3523 1666 3586; x_wconf 77' lang='lat' dir='ltr'>clericos</span> <span class='ocrx_word' id='word_1_286' title='bbox 1685 3527 1766 3587; x_wconf 90' lang='lat' dir='ltr'>circa</span> <span class='ocrx_word' id='word_1_287' title='bbox 1786 3529 1900 3609; x_wconf 87' lang='lat' dir='ltr'>praedia</span> <span class='ocrx_word' id='word_1_288' title='bbox 1914 3528 1950 3593; x_wconf 76' lang='grc' dir='ltr'>ὅτ</span> 
     </span>
     <span class='ocr_line' id='line_1_31' title="bbox 577 3607 1949 3689; baseline 0.005 -21"><span class='ocrx_word' id='word_1_289' title='bbox 577 3623 757 3689; x_wconf 86' lang='lat' dir='ltr'>proventus</span> <span class='ocrx_word' id='word_1_290' title='bbox 779 3610 901 3673; x_wconf 90' lang='lat' dir='ltr'>suarum</span> <span class='ocrx_word' id='word_1_291' title='bbox 927 3609 1134 3672; x_wconf 86' lang='lat' dir='ltr'>Ecclesiarum</span> <span class='ocrx_word' id='word_1_292' title='bbox 1160 3610 1194 3672; x_wconf 81' lang='lat' dir='ltr'>dr</span> <span class='ocrx_word' id='word_1_293' title='bbox 1219 3609 1455 3671; x_wconf 86' lang='lat' dir='ltr'>Praebendaruan</span> <span class='ocrx_word' id='word_1_294' title='bbox 1468 3607 1507 3667; x_wconf 89' lang='lat' dir='ltr'>ab</span> <span class='ocrx_word' id='word_1_295' title='bbox 1527 3607 1677 3670; x_wconf 81' lang='lat' dir='ltr'>omnibus</span> <span class='ocrx_word' id='word_1_296' title='bbox 1696 3607 1949 3688; x_wconf 80' lang='lat' dir='ltr'>praestationibus</span> 
     </span>
    </p>

    <p class='ocr_par' dir='ltr' id='par_1_8' title="bbox 538 3686 1950 4434">
     <span class='ocr_line' id='line_1_32' title="bbox 538 3686 1948 3774; baseline 0.006 -23"><span class='ocrx_word' id='word_1_297' title='bbox 538 3725 540 3729; x_wconf 93' lang='lat'>·</span> <span class='ocrx_word' id='word_1_298' title='bbox 574 3691 733 3771; x_wconf 86' lang='lat' dir='ltr'>publicis,</span> <span class='ocrx_word' id='word_1_299' title='bbox 763 3693 1051 3774; x_wconf 73' lang='lat' dir='ltr'>acvestigalibus,</span> <span class='ocrx_word' id='word_1_300' title='bbox 1085 3713 1123 3754; x_wconf 92' lang='lat' dir='ltr'>ne</span> <span class='ocrx_word' id='word_1_301' title='bbox 1147 3712 1186 3755; x_wconf 89' lang='lat' dir='ltr'>ue</span> <span class='ocrx_word' id='word_1_302' title='bbox 1204 3691 1252 3753; x_wconf 88' lang='lat' dir='ltr'>his</span> <span class='ocrx_word' id='word_1_303' title='bbox 1266 3691 1435 3770; x_wconf 81' lang='lat' dir='ltr'>adstringi.</span> <span class='ocrx_word' id='word_1_304' title='bbox 1469 3686 1572 3752; x_wconf 84' lang='lat' dir='ltr'>nisain</span> <span class='ocrx_word' id='word_1_305' title='bbox 1593 3688 1654 3751; x_wconf 90' lang='lat' dir='ltr'>suia</span> <span class='ocrx_word' id='word_1_306' title='bbox 1676 3691 1948 3771; x_wconf 81' lang='lat' dir='ltr'>patrimonialibus</span> 
     </span>
     <span class='ocr_line' id='line_1_33' title="bbox 576 3711 1950 3856; baseline 0.002 -21"><span class='ocrx_word' id='word_1_307' title='bbox 576 3774 688 3845; x_wconf 85' lang='lat' dir='ltr'>bonis;</span> <span class='ocrx_word' id='word_1_308' title='bbox 715 3775 860 3856; x_wconf 88' lang='lat' dir='ltr'>idemque</span> <span class='ocrx_word' id='word_1_309' title='bbox 876 3778 976 3837; x_wconf 90' lang='lat' dir='ltr'>altero</span> <span class='ocrx_word' id='word_1_310' title='bbox 993 3711 1144 3837; x_wconf 76' lang='lat' dir='ltr'>Paristensr</span> <span class='ocrx_word' id='word_1_311' title='bbox 1166 3773 1272 3837; x_wconf 76' lang='lat' dir='ltr'>edidlo</span> <span class='ocrx_word' id='word_1_312' title='bbox 1294 3773 1406 3835; x_wconf 80' lang='lat' dir='ltr'>lvlensts</span> <span class='ocrx_word' id='word_1_313' title='bbox 1422 3769 1581 3835; x_wconf 87' lang='lat' dir='ltr'>Novemb.</span> <span class='ocrx_word' id='word_1_314' title='bbox 1603 3771 1697 3832; x_wconf 84' lang='lat' dir='ltr'>Anno</span> <span class='ocrx_word' id='word_1_315' title='bbox 1717 3771 1858 3848; x_wconf 82' lang='lat' dir='ltr'>ejusdem</span> <span class='ocrx_word' id='word_1_316' title='bbox 1883 3776 1950 3838; x_wconf 80' lang='lat' dir='ltr'>Sae·</span> 
     </span>
     <span class='ocr_line' id='line_1_34' title="bbox 578 3854 1949 3938; baseline 0.005 -24"><span class='ocrx_word' id='word_1_317' title='bbox 578 3857 640 3918; x_wconf 89' lang='lat' dir='ltr'>culi</span> <span class='ocrx_word' id='word_1_318' title='bbox 664 3857 890 3938; x_wconf 83' lang='lat' dir='ltr'>septuagefimo</span> <span class='ocrx_word' id='word_1_319' title='bbox 907 3859 1041 3919; x_wconf 88' lang='lat' dir='ltr'>secundo</span> <span class='ocrx_word' id='word_1_320' title='bbox 1063 3856 1094 3919; x_wconf 75' lang='lat' dir='ltr'>dr</span> <span class='ocrx_word' id='word_1_321' title='bbox 1112 3858 1212 3920; x_wconf 87' lang='lat' dir='ltr'>altero</span> <span class='ocrx_word' id='word_1_322' title='bbox 1228 3858 1418 3935; x_wconf 88' lang='lat' dir='ltr'>insequentis</span> <span class='ocrx_word' id='word_1_323' title='bbox 1440 3856 1521 3917; x_wconf 73' lang='lat' dir='ltr'>Anni</span> <span class='ocrx_word' id='word_1_324' title='bbox 1537 3854 1649 3916; x_wconf 78' lang='lat' dir='ltr'>lllensrs</span> <span class='ocrx_word' id='word_1_325' title='bbox 1663 3855 1754 3935; x_wconf 86' lang='lat' dir='ltr'>tllaji,</span> <span class='ocrx_word' id='word_1_326' title='bbox 1777 3860 1814 3917; x_wconf 92' lang='lat' dir='ltr'>ad</span> <span class='ocrx_word' id='word_1_327' title='bbox 1829 3857 1949 3922; x_wconf 87' lang='lat' dir='ltr'>Nemus</span> 
     </span>
     <span class='ocr_line' id='line_1_35' title="bbox 577 3936 1949 4021; baseline 0 -17"><span class='ocrx_word' id='word_1_328' title='bbox 577 3936 833 4006; x_wconf 83' lang='lat' dir='ltr'>Vincennerum:</span> <span class='ocrx_word' id='word_1_329' title='bbox 869 3943 979 4003; x_wconf 91' lang='lat' dir='ltr'>deinde</span> <span class='ocrx_word' id='word_1_330' title='bbox 1009 3941 1243 4003; x_wconf 73' lang='lat' dir='ltr'>Hea&#39;rttrtus</span> <span class='ocrx_word' id='word_1_331' title='bbox 1275 3938 1331 4002; x_wconf 96' lang='lat' dir='ltr'>lll.</span> <span class='ocrx_word' id='word_1_332' title='bbox 1372 3938 1565 4009; x_wconf 75' lang='lat' dir='ltr'>Ascalone,</span> <span class='ocrx_word' id='word_1_333' title='bbox 1603 3937 1700 3998; x_wconf 79' lang='lat' dir='ltr'>Anno</span> <span class='ocrx_word' id='word_1_334' title='bbox 1723 3936 1949 4021; x_wconf 84' lang='lat' dir='ltr'>septuagesimo</span> 
     </span>
     <span class='ocr_line' id='line_1_36' title="bbox 577 4017 1950 4103; baseline 0.004 -21"><span class='ocrx_word' id='word_1_335' title='bbox 577 4031 692 4101; x_wconf 90' lang='lat' dir='ltr'>quarto</span> <span class='ocrx_word' id='word_1_336' title='bbox 706 4022 811 4085; x_wconf 78' lang='lat' dir='ltr'>lvlense</span> <span class='ocrx_word' id='word_1_337' title='bbox 825 4022 947 4095; x_wconf 89' lang='lat' dir='ltr'>Januar.</span> <span class='ocrx_word' id='word_1_338' title='bbox 968 4023 1027 4084; x_wconf 81' lang='lat' dir='ltr'>An.</span> <span class='ocrx_word' id='word_1_339' title='bbox 1047 4021 1241 4086; x_wconf 82' lang='lat' dir='ltr'>lllllLXXX.</span> <span class='ocrx_word' id='word_1_340' title='bbox 1268 4021 1335 4083; x_wconf 84' lang='lat' dir='ltr'>Art.</span> <span class='ocrx_word' id='word_1_341' title='bbox 1362 4043 1408 4103; x_wconf 83' lang='lat' dir='ltr'>rt).</span> <span class='ocrx_word' id='word_1_342' title='bbox 1429 4017 1572 4082; x_wconf 82' lang='lat' dir='ltr'>&#39;statuunt</span> <span class='ocrx_word' id='word_1_343' title='bbox 1595 4019 1735 4081; x_wconf 83' lang='lat' dir='ltr'>Clericus</span> <span class='ocrx_word' id='word_1_344' title='bbox 1762 4023 1793 4082; x_wconf 91' lang='lat' dir='ltr'>in</span> <span class='ocrx_word' id='word_1_345' title='bbox 1822 4023 1950 4088; x_wconf 88' lang='lat' dir='ltr'>suornm</span> 
     </span>
     <span class='ocr_line' id='line_1_37' title="bbox 576 4101 1948 4185; baseline 0.002 -19"><span class='ocrx_word' id='word_1_346' title='bbox 576 4102 805 4168; x_wconf 80' lang='lat' dir='ltr'>beneficiorum</span> <span class='ocrx_word' id='word_1_347' title='bbox 828 4105 979 4168; x_wconf 75' lang='lat' dir='ltr'>fructibus</span> <span class='ocrx_word' id='word_1_348' title='bbox 998 4105 1029 4166; x_wconf 84' lang='lat' dir='ltr'>dt</span> <span class='ocrx_word' id='word_1_349' title='bbox 1054 4108 1179 4185; x_wconf 76' lang='lat' dir='ltr'>praediis</span> <span class='ocrx_word' id='word_1_350' title='bbox 1194 4109 1310 4174; x_wconf 84' lang='lat' dir='ltr'>liberos</span> <span class='ocrx_word' id='word_1_351' title='bbox 1325 4101 1385 4166; x_wconf 83' lang='lat' dir='ltr'>else</span> <span class='ocrx_word' id='word_1_352' title='bbox 1405 4107 1441 4166; x_wconf 91' lang='lat' dir='ltr'>ab</span> <span class='ocrx_word' id='word_1_353' title='bbox 1459 4103 1605 4163; x_wconf 89' lang='lat' dir='ltr'>omnibus</span> <span class='ocrx_word' id='word_1_354' title='bbox 1622 4104 1809 4182; x_wconf 82' lang='lat' dir='ltr'>pecuniariis</span> <span class='ocrx_word' id='word_1_355' title='bbox 1826 4109 1948 4170; x_wconf 89' lang='lat' dir='ltr'>contri·</span> 
     </span>
     <span class='ocr_line' id='line_1_38' title="bbox 576 4183 1948 4271; baseline 0.001 -22"><span class='ocrx_word' id='word_1_356' title='bbox 576 4187 763 4251; x_wconf 84' lang='lat' dir='ltr'>butsonibus</span> <span class='ocrx_word' id='word_1_357' title='bbox 779 4189 811 4250; x_wconf 78' lang='lat' dir='ltr'>d:</span> <span class='ocrx_word' id='word_1_358' title='bbox 828 4211 844 4248; x_wconf 86' lang='lat' dir='ltr'>a</span> <span class='ocrx_word' id='word_1_359' title='bbox 863 4189 1118 4250; x_wconf 89' lang='lat' dir='ltr'>Gubernatorum</span> <span class='ocrx_word' id='word_1_360' title='bbox 1142 4190 1173 4251; x_wconf 82' lang='lat' dir='ltr'>dr</span> <span class='ocrx_word' id='word_1_361' title='bbox 1190 4187 1325 4251; x_wconf 88' lang='lat' dir='ltr'>militurn</span> <span class='ocrx_word' id='word_1_362' title='bbox 1341 4188 1485 4265; x_wconf 88' lang='lat' dir='ltr'>hospitiis</span> <span class='ocrx_word' id='word_1_363' title='bbox 1503 4183 1535 4245; x_wconf 82' lang='lat' dir='ltr'>dt</span> <span class='ocrx_word' id='word_1_364' title='bbox 1559 4187 1597 4243; x_wconf 88' lang='lat' dir='ltr'>ab</span> <span class='ocrx_word' id='word_1_365' title='bbox 1616 4183 1806 4263; x_wconf 81' lang='lat' dir='ltr'>expensas&amp;</span> <span class='ocrx_word' id='word_1_366' title='bbox 1820 4187 1948 4271; x_wconf 89' lang='lat' dir='ltr'>sumpti·</span> 
     </span>
     <span class='ocr_line' id='line_1_39' title="bbox 576 4268 1949 4349; baseline 0.004 -19"><span class='ocrx_word' id='word_1_367' title='bbox 576 4268 636 4330; x_wconf 83' lang='lat' dir='ltr'>bus</span> <span class='ocrx_word' id='word_1_368' title='bbox 650 4272 864 4349; x_wconf 84' lang='lat' dir='ltr'>praesidiorum</span> <span class='ocrx_word' id='word_1_369' title='bbox 881 4272 1078 4334; x_wconf 89' lang='lat' dir='ltr'>militarium.</span> <span class='ocrx_word' id='word_1_370' title='bbox 1103 4274 1340 4334; x_wconf 88' lang='lat' dir='ltr'>munitionum.</span> <span class='ocrx_word' id='word_1_371' title='bbox 1363 4269 1649 4332; x_wconf 82' lang='lat' dir='ltr'>fortificationum.</span> <span class='ocrx_word' id='word_1_372' title='bbox 1673 4287 1866 4332; x_wconf 87' lang='lat' dir='ltr'>annonarum</span> <span class='ocrx_word' id='word_1_373' title='bbox 1888 4275 1949 4336; x_wconf 87' lang='lat' dir='ltr'>mi·</span> 
     </span>
     <span class='ocr_line' id='line_1_40' title="bbox 576 4347 1950 4434; baseline -0.009 -18"><span class='ocrx_word' id='word_1_374' title='bbox 576 4352 735 4418; x_wconf 79' lang='lat' dir='ltr'>litatium.</span> <span class='ocrx_word' id='word_1_375' title='bbox 759 4373 934 4422; x_wconf 80' lang='lat' dir='ltr'>armorum.</span> <span class='ocrx_word' id='word_1_376' title='bbox 959 4373 1130 4433; x_wconf 90' lang='lat' dir='ltr'>equorum.</span> <span class='ocrx_word' id='word_1_377' title='bbox 1154 4356 1293 4434; x_wconf 85' lang='lat' dir='ltr'>itemque</span> <span class='ocrx_word' id='word_1_378' title='bbox 1309 4355 1347 4414; x_wconf 86' lang='lat' dir='ltr'>ab</span> <span class='ocrx_word' id='word_1_379' title='bbox 1359 4353 1503 4416; x_wconf 86' lang='lat' dir='ltr'>excubiis</span> <span class='ocrx_word' id='word_1_380' title='bbox 1520 4347 1552 4410; x_wconf 80' lang='lat' dir='ltr'>dr</span> <span class='ocrx_word' id='word_1_381' title='bbox 1565 4347 1732 4422; x_wconf 83' lang='lat' dir='ltr'>custodiis,</span> <span class='ocrx_word' id='word_1_382' title='bbox 1755 4353 1810 4416; x_wconf 87' lang='lat' dir='ltr'>etsi</span> <span class='ocrx_word' id='word_1_383' title='bbox 1824 4355 1950 4416; x_wconf 87' lang='lat' dir='ltr'>manda.</span> 
     </span>
    </p>

    <p class='ocr_par' dir='ltr' id='par_1_9' title="bbox 492 4429 1950 4601">
     <span class='ocr_line' id='line_1_41' title="bbox 492 4429 1950 4515; baseline 0.001 -17"><span class='ocrx_word' id='word_1_384' title='bbox 492 4494 494 4498; x_wconf 87' lang='lat'><strong>.</strong></span> <span class='ocrx_word' id='word_1_385' title='bbox 576 4436 617 4498; x_wconf 90' lang='lat' dir='ltr'>tis</span> <span class='ocrx_word' id='word_1_386' title='bbox 634 4435 740 4515; x_wconf 86' lang='lat' dir='ltr'>Regiis</span> <span class='ocrx_word' id='word_1_387' title='bbox 759 4451 813 4496; x_wconf 88' lang='lat' dir='ltr'>ant</span> <span class='ocrx_word' id='word_1_388' title='bbox 835 4436 1018 4498; x_wconf 80' lang='lat' dir='ltr'>inferiorum</span> <span class='ocrx_word' id='word_1_389' title='bbox 1044 4434 1234 4498; x_wconf 73' lang='lat' dir='ltr'>potestatum</span> <span class='ocrx_word' id='word_1_390' title='bbox 1254 4435 1431 4498; x_wconf 85' lang='lat' dir='ltr'>declaretur</span> <span class='ocrx_word' id='word_1_391' title='bbox 1448 4429 1672 4514; x_wconf 89' lang='lat' dir='ltr'>comprehendi</span> <span class='ocrx_word' id='word_1_392' title='bbox 1697 4435 1826 4500; x_wconf 78' lang='lat' dir='ltr'>cuutl&#39;as</span> <span class='ocrx_word' id='word_1_393' title='bbox 1839 4458 1950 4501; x_wconf 86' lang='lat' dir='ltr'>exem·</span> 
     </span>
     <span class='ocr_line' id='line_1_42' title="bbox 558 4518 1099 4601; baseline 0.006 -22"><span class='ocrx_word' id='word_1_394' title='bbox 558 4529 646 4600; x_wconf 79' lang='lat' dir='ltr'>&#39;ptas</span> <span class='ocrx_word' id='word_1_395' title='bbox 661 4520 695 4580; x_wconf 81' lang='lat' dir='ltr'>dr</span> <span class='ocrx_word' id='word_1_396' title='bbox 708 4521 927 4601; x_wconf 80' lang='lat' dir='ltr'>privilegiatas</span> <span class='ocrx_word' id='word_1_397' title='bbox 944 4518 1099 4600; x_wconf 87' lang='lat' dir='ltr'>personas.</span> 
     </span>
    </p>
   </div>
   <div class='ocr_carea' id='block_1_8' title="bbox 575 4648 1948 4906">
    <p class='ocr_par' dir='ltr' id='par_1_10' title="bbox 575 4648 1948 4906">
     <span class='ocr_line' id='line_1_43' title="bbox 631 4648 1947 4737; baseline 0.005 -23"><span class='ocrx_word' id='word_1_398' title='bbox 631 4651 763 4732; x_wconf 84' lang='lat' dir='ltr'>Reliqua</span> <span class='ocrx_word' id='word_1_399' title='bbox 778 4652 877 4717; x_wconf 73' lang='lat' dir='ltr'>edissa</span> <span class='ocrx_word' id='word_1_400' title='bbox 898 4665 1047 4736; x_wconf 78' lang='lat' dir='ltr'>praeterea</span> <span class='ocrx_word' id='word_1_401' title='bbox 1064 4655 1176 4717; x_wconf 92' lang='lat' dir='ltr'>ibidern</span> <span class='ocrx_word' id='word_1_402' title='bbox 1194 4652 1292 4734; x_wconf 86' lang='lat' dir='ltr'>relegi</span> <span class='ocrx_word' id='word_1_403' title='bbox 1313 4648 1457 4735; x_wconf 87' lang='lat' dir='ltr'>possunt,</span> <span class='ocrx_word' id='word_1_404' title='bbox 1479 4653 1649 4737; x_wconf 83' lang='lat' dir='ltr'>praecipuae</span> <span class='ocrx_word' id='word_1_405' title='bbox 1667 4654 1871 4720; x_wconf 80' lang='lat' dir='ltr'>Hautrrcr</span> <span class='ocrx_word' id='word_1_406' title='bbox 1887 4653 1947 4720; x_wconf 83' lang='grc' dir='ltr'><strong>ΙΙΙ.</strong></span> 
     </span>
     <span class='ocr_line' id='line_1_44' title="bbox 575 4731 1948 4906; baseline 0.001 -108"><span class='ocrx_word' id='word_1_407' title='bbox 575 4731 719 4801; x_wconf 88' lang='lat' dir='ltr'>Blesense</span> <span class='ocrx_word' id='word_1_408' title='bbox 738 4736 822 4802; x_wconf 87' lang='lat' dir='ltr'>Anu.</span> <span class='ocrx_word' id='word_1_409' title='bbox 838 4735 1066 4804; x_wconf 75' lang='lat' dir='ltr'>lllDLXllVll.</span> <span class='ocrx_word' id='word_1_410' title='bbox 1085 4756 1149 4820; x_wconf 91' lang='lat' dir='ltr'>quo</span> <span class='ocrx_word' id='word_1_411' title='bbox 1166 4734 1276 4802; x_wconf 78' lang='lat' dir='ltr'>assumi</span> <span class='ocrx_word' id='word_1_412' title='bbox 1289 4735 1427 4828; x_wconf 79' lang='lat' dir='ltr'>declarat</span> <span class='ocrx_word' id='word_1_413' title='bbox 1442 4756 1557 4834; x_wconf 77' lang='lat' dir='ltr'>omues</span> <span class='ocrx_word' id='word_1_414' title='bbox 1568 4736 1805 4814; x_wconf 75' lang='lat' dir='ltr'>Ecclesiasticus</span> <span class='ocrx_word' id='word_1_415' title='bbox 1816 4741 1850 4812; x_wconf 87' lang='lat' dir='ltr'>in</span> <span class='ocrx_word' id='word_1_416' title='bbox 1862 4740 1948 4906; x_wconf 66' lang='lat' dir='ltr'>sppotn</span> 
     </span>
    </p>
   </div>
   <div class='ocr_carea' id='block_1_9' title="bbox 0 0 2514 5591">
    <p class='ocr_par' dir='ltr' id='par_1_11' title="bbox 0 0 2514 5591">
     <span class='ocr_line' id='line_1_45' title="bbox 0 0 2514 5591; baseline 0 0"><span class='ocrx_word' id='word_1_417' title='bbox 0 0 2514 5591; x_wconf 95' lang='lat' dir='ltr'> </span> 
     </span>
    </p>
   </div>
  </div>
 </body>
</html>
