5017 5592
841 655 914 734 nii
934 654 1233 734 novociiris
1258 611 1683 741 aectasiniricia·
1922 695 1991 766 511
2073 771 2080 778 ⁶

507 857 593 916 nam
611 834 681 936 ipse
699 841 964 953 petulantiores,
987 844 1038 934 qui
1052 841 1111 931 est,
1126 844 1177 933 qai
1197 861 1284 924 erit,
1306 844 1342 917 Β
1355 847 1407 933 qui
1431 861 1587 915 venratio
1606 844 1649 932 est
1671 847 1866 936 ainnipttens.
1900 855 1994 948 Apo·

510 938 578 1010 cal.
599 965 629 1012 i.
649 961 709 1033 qui
736 938 767 1009 di
792 936 829 1009 sit
851 937 1028 1012 tenuissimi
1048 939 1147 1034 hujus
1169 935 1270 1011 nollti
1287 937 1437 1024 laboris,
1458 962 1645 1038 rerumque·
1670 946 1823 1015 omnium
1842 951 1931 1044 aIpIia
1956 952 1992 1025 ὃ

517 1061 641 1134 omega,
662 1041 840 1133 priucipitim
856 1041 892 1114 sil
931 1085 941 1100 ·

1043 1134 1487 1223 FlNlS.

1097 1373 1416 1466 &RQ

758 1645 1378 1762 Animadversiones
1444 1647 1754 1766 Editorin

520 1791 619 1970 Ad
635 1900 709 1985 cap.
727 1899 788 1970 IV.
806 1896 833 1982 §.
851 1895 986 1964 XVIII.
1037 1892 1157 1988 Qioad
1181 1891 1280 1964 verba
1304 1894 1560 1989 capitulationis
1581 1889 1759 1964 Caesareae
1780 1890 1819 1963 ab
1842 1891 1992 1968 Auslore
2129 1899 2132 1904 ’

520 1996 643 2068 relata,
677 1989 858 2060 notandum
881 1991 1035 2085 inprimis
1055 1989 1099 2060 e'sl
1121 1994 1154 2059 in
1178 1993 1422 2087 capitulatione
1451 1998 1552 2061 Caroli
1573 1999 1610 2062 V.
1632 2016 1669 2060 ea
1693 1993 1745 2061 iia*
1760 1989 1900 2064 referri:
1934 1995 1994 2070 ose

520 2086 766 2179 eoi-itteriliei't
784 2095 861 2161 utto
885 2095 954 2162 ocii
969 2087 1098 2174 &titul
1116 2107 1163 2182 311
1181 2089 1306 2182 Rom„
1339 2085 1429 2180 aud)
1452 2085 1660 2184 Dibstlt'clie
1675 2089 1889 2187 §eiligdct't'
1915 2097 1994 2168 utto
2138 2079 2143 2086 ’

520 2197 601 2263 NB.
623 2187 680 2261 bie
698 2183 880 2276 Zii'rdieits
906 2207 989 2278 quae
1005 2186 1081 2255 dein
1105 2192 1136 2253 in
1155 2183 1401 2280 'capitulatione
1422 2191 1604 2255 ferdinandi
1623 2193 1649 2255 I.
1672 2210 1798 2255 mutata
1822 2187 1914 2270 sunt;
1944 2185 1994 2260 fa·
2120 2245 2126 2259 .

520 2287 619 2358 cilius
636 2308 745 2353 aurem
762 2281 808 2351 est
828 2305 952 2351 evirare
974 2283 1187 2374 tautologiam
1208 2284 1318 2379 quoad
1342 2306 1466 2356 textum
1490 2304 1593 2378 prout
1614 2286 1647 2351 in
1669 2284 1916 2379 capitulatione
1937 2295 1997 2357 Gt·

520 2392 581 2458 rili
602 2390 640 2456 V.
658 2381 837 2456 habentur,
861 2381 1019 2448 nimirum
1039 2400 1075 2450 ut
1092 2379 1451 2473 praeterClirislianam
1468 2381 1676 2472 Religionem
1693 2403 1725 2451 et
1734 2379 1908 2472 Ecclesiam
1925 2386 1998 2454 uni·

521 2478 663 2560 verlini,
692 2478 780 2572 quod
800 2474 982 2566 infatuatur
999 2502 1060 2572 per
1075 2473 1115 2550 τδ
1129 2476 1398 2572 Εὸτὶβειιῑκίῐ,
1422 2483 1611 2574 Imperator
1629 2481 1728 2549 etiam
1744 2483 1777 2548 in
1795 2476 1903 2574 specie
1917 2504 1997 2576 pro·

516 2601 615 2672 tegat
635 2575 787 2646 Ecclesias
806 2577 1040 2654 Germanicas,
1072 2580 1161 2668 quod
1182 2577 1330 2667 intellige
1351 2572 1469 2670 perri
1489 2572 1672 2666 Blrdienf
1686 2603 1690 2614 ·
1705 2599 1781 2645 cum
1805 2579 1838 2644 iii
1853 2580 1996 2669 Capitu-

520 2673 703 2748 lationibus
721 2671 958 2765 posterioribus
975 2698 1041 2743 non
1058 2670 1132 2743 satis
1153 2673 1294 2744 discerni
1313 2673 1487 2744 videantur
1505 2669 1748 2764 sbrlsletibet't
1765 2678 1843 2746 uno
1857 2672 1997 2764 sbtssla

521 2773 615 2868 litbe
631 2770 791 2860 Birthan
800 2817 813 2860 f
841 2765 898 2837 nili
915 2762 1055 2840 fortassis
1070 2795 1132 2866 per
1151 2772 1305 2842 ultimum
1324 2773 1442 2842 eodem
1463 2774 1566 2841 modo
1581 2769 1767 2862 intelligere
1789 2770 1869 2841 velis
1885 2773 1996 2844 Eccle-

522 2869 584 2944 fiis
602 2869 828 2941 Germanicae.
880 2869 996 2958 ltaque
1014 2871 1044 2937 vi
1061 2868 1182 2939 horum
1199 2868 1378 2939 verborum
1391 2866 1565 2961 obllringit
1582 2864 1613 2937 se
1627 2871 1818 2961 Imperator
1834 2867 1871 2957 i)
1883 2869 1923 2938 ad
1941 2868 1999 2941 de·

521 2965 725 3042 fendendim
740 2958 916 3032 universim
933 2965 1140 3056 Religionem
1161 2990 1194 3039 et
1214 2964 1389 3038 Ecclesiam
1403 2965 1642 3044 Christianam,
1663 2991 1702 3036 ex
1717 2990 1784 3062 quo
1801 2962 1999 3037 fundamen·

524 3090 563 3141 to
583 3064 724 3135 eundem
746 3059 913 3154 quondam
928 3083 963 3132 ei·
982 3060 1036 3133 sua
1054 3073 1181 3134 ratione
1196 3065 1305 3135 idliiic
1327 3064 1429 3135 hodie
1444 3088 1600 3160 tanquam
1615 3067 1724 3158 Caput
1741 3063 1926 3158 temporale
1948 3084 1999 3134 to·

525 3166 596 3234 tius
612 3158 823 3254 Reipublicae
838 3161 938 3227 etiam
962 3162 1206 3255 aPrincipibus
1228 3164 1300 3231 aliis
1317 3166 1490 3257 Supremie
1511 3165 1659 3255 agnitum
1681 3155 1775 3230 fuisse
1796 3162 2000 3256 agnoscique

525 3259 670 3333 ostendit
692 3264 729 3326 N
742 3276 883 3326 noune
899 3265 929 3325 ia
949 3257 1023 3347 Diff.
1043 3263 1220 3348 degeiiuina
1236 3267 1436 3328 Romanorum
1453 3264 1646 3348 Imperatoris
1660 3262 1727 3327 idea
1745 3263 1850 3329 Tom.
1866 3262 1898 3326 ii
1903 3263 1927 3327 I.
1937 3259 2001 3328 hu·

523 3359 582 3454 jus
597 3354 760 3426 Thesauri
780 3360 828 3423 N.
847 3357 885 3421 Χ.
902 3353 957 3422 ubi
973 3350 1111 3423 effellus
1130 3353 1245 3424 itidem
1263 3355 1360 3442 liuius
1382 3353 1600 3445 proteslionir
1618 3353 1778 3433 recenset,
1814 3354 1887 3446 ejus
1908 3350 1997 3426 dieta

526 3451 863 3527 animadversionibus
886 3449 1036 3546 pluribus
1054 3450 1133 3521 leit
1158 3446 1310 3543 sulijellis
1326 3450 1495 3521 illustravi.
1551 3451 1592 3541 2)
1617 3447 1840 3538 Dillinguitur
1856 3455 1888 3517 in
1906 3471 2000 3522 textu

526 3549 682 3625 Pontifex
698 3576 714 3618 a
733 3551 816 3619 Sede
834 3543 1022 3631 Pontificio,
1049 3546 1129 3619 sicut
1146 3548 1314 3619 eteoclem
1330 3549 1431 3619 modo
1449 3545 1631 3644 Episcopus
1649 3570 1667 3614 a
1690 3545 1774 3615 Sede
1797 3542 1851 3614 sua
1866 3542 2000 3638 Episco-

527 3649 617 3747 pali:
645 3673 705 3745 per
722 3648 839 3717 Sedein
861 3644 1066 3717 Pontificiam
1083 3647 1281 3737 intelligitur
1297 3643 1367 3742 iple
1383 3648 1546 3715 Primatus
1568 3649 1601 3713 in
1618 3641 1801 3712 universam
1822 3641 2000 3714 Ecclesiam

528 3771 549 3820 a
572 3746 703 3816 Clinllo
720 3742 900 3826 institutus,
926 3747 1067 3841 juraque
1084 3745 1232 3834 legitime
1247 3734 1356 3814 eidem
1375 3739 1567 3834 conjunsla,
1592 3740 1632 3810 ad
1657 3764 1742 3837 quae
1764 3743 1862 3835 proin
1887 3762 2001 3833 prote·

530 3847 639 3935 genda
657 3849 843 3938 Imperator
861 3840 892 3912 se
909 3841 1053 3933 obligat;
1081 3866 1261 3936 propterea
1282 3864 1391 3912 tamen
1413 3840 1453 3911 ad
1472 3863 1587 3910 omnes
1610 3832 1853 3935 praetensiones
1876 3839 2001 3907 Curiae

470 3935 474 3944 '
530 3946 719 4016 Romanae,
745 3964 829 4033 quae
847 3940 895 4008 vel
912 3941 1008 4033 plane
1025 3967 1090 4011 non
1106 3938 1342 4020 agnoscuntur,
1367 3939 1417 4010 vel
1439 3945 1472 4008 in
1494 3937 1632 4007 dubium
1654 3939 1753 4006 etiam
1777 3959 1793 4000 a
1817 3930 2001 4004 Catholicia

529 4063 693 4111 vocantur
709 4034 930 4107 defendendas
947 4062 1012 4106 non
1027 4037 1261 4126 obstringitur,
1301 4039 1428 4132 quippe
1449 4042 1505 4130 qui
1530 4034 1636 4104 senlus
1657 4057 1716 4101 nec
1740 4029 1785 4100 est
1807 4029 2001 4104 Etctionini

529 4133 714 4209 formulam
730 4115 982 4227 capitulatioltis
999 4133 1294 4229 praescribentium
1311 4159 1370 4203 nec
1391 4136 1606 4225 Imperatoris
1622 4154 1693 4201 eam
1713 4129 1825 4221 jurato
1845 4152 1863 4196 a
1884 4125 1916 4197 se
1939 4129 2002 4198 ob·

530 4232 724 4306 servandam
741 4230 950 4324 spondentis,
976 4239 1079 4302 immo
1098 4258 1176 4300 vero
1193 4231 1257 4299 alio
1273 4231 1526 4326 Capitol-ationis
1551 4231 1624 4297 loco
1645 4228 1694 4295 uti
1710 4233 1781 4295 Art.
1811 4249 1861 4319 14.
1888 4247 2002 4314 potius

533 4329 656 4403 Caesar
673 4330 711 4398 ad
727 4336 832 4398 varias
856 4328 1016 4418 ejusmodi
1036 4326 1277 4422 praeiciifiones
1300 4333 1332 4396 iii
1355 4327 1596 4418 praejudicinm
1622 4320 1836 4394 Ecclefiarunt
1861 4326 2003 4394 Germe·

531 4433 684 4499 nicarum
706 4428 905 4494 amoliendas
920 4425 1097 4512 obligatur.
1147 4430 1233 4494 Cum
1256 4449 1363 4494 tamen
1386 4423 1485 4494 Sedes
1513 4418 1680 4491 Pontificio
1700 4445 1717 4488 a
1737 4420 1874 4517 persona
1894 4423 2004 4490 Ponti·

533 4524 607 4597 ficia
625 4523 811 4592 secernatur
828 4548 930 4617 acque
956 4524 994 4590 ad
1020 4526 1101 4591 linoc
1128 4521 1204 4590 licut
1228 4519 1329 4614 ipl'am
1354 4523 1471 4588 Sedein
1494 4517 1733 4589 defendendam
1757 4523 1944 4608 Imperator
1969 4518 2003 4587 vl

532 4623 716 4696 verborum
733 4646 873 4694 tenetur.
932 4646 970 4713 3)
1005 4623 1186 4692 Adiocatia
1215 4617 1334 4689 illhiec
1353 4642 1421 4690 non
1447 4617 1551 4690 solum
1572 4643 1654 4690 onus
1672 4614 1890 4716 protecliqois
1910 4638 2001 4779 corp·

1886 4717 1958 4805 ple<
1979 4717 2003 4777 i·
