5017 5592
590 648 803 752 orJuar
825 589 1720 739 carsnnnormuantntunrrancum
1822 687 1892 763 151.

1082 870 1111 959 a,
1160 865 1237 940 ιιι.

528 1037 598 1134 Qti
618 1040 768 1130 negantia
792 1035 866 1110 lunt
889 1033 1077 1117 sententie,
1104 1033 1258 1109 audaces
1285 1036 1337 1107 his
1359 1038 1564 1130 argumentis
1587 1037 1678 1112 suam
1700 1037 1889 1119 doslrinam

408 1130 622 1206 constabilire
639 1135 762 1221 solent,
782 1131 919 1234 prorsus
940 1134 1145 1230 judicantes,
1166 1135 1373 1206 Concordem
1391 1136 1500 1208 eidem
1514 1136 1584 1231 juri
1597 1162 1665 1209 non
1690 1137 1844 1215 obsistere
1861 1148 1890 1215 i.

410 1233 502 1327 quod
525 1236 756 1330 illiuslmentio
772 1229 917 1329 expressa
934 1239 967 1303 in
991 1231 1209 1305 concordatis
1224 1259 1290 1303 non
1314 1230 1350 1304 fir
1366 1228 1475 1318 sosia,
1496 1239 1596 1305 tacita
1617 1261 1728 1308 autem
1749 1241 1892 1332 deroga·

413 1335 460 1402 tio
475 1330 575 1426 hujus
590 1334 675 1427 juris
694 1356 759 1403 tam
776 1334 904 1428 antiqui
927 1329 1048 1401 nonsit
1075 1329 1302 1426 praesumenda
1327 1334 1364 1420 a)
1391 1336 1436 1401 ll.
1462 1333 1553 1429 quod
1569 1332 1626 1404 diu
1648 1358 1724 1407 ante
1743 1342 1890 1410 Concor·

412 1428 488 1499 dara
503 1436 730 1526 imperatores
747 1431 806 1501 illo
826 1429 904 1524 jure
927 1425 972 1500 uli
994 1425 1138 1510 suerint,
1161 1453 1221 1499 nec
1245 1429 1313 1501 ulla
1333 1430 1376 1500 de
1400 1429 1479 1511 illo,
1500 1431 1790 1508 concordatorum
1805 1457 1888 1507 tem·
1910 1512 1924 1540 e

412 1549 513 1619 pore,
537 1525 758 1600 controversia
774 1533 860 1599 inter
880 1532 1124 1624 Imperatorem
1141 1526 1173 1597 dt
1190 1527 1377 1599 collatores
1404 1530 1595 1600 Germaniae
1614 1529 1789 1617 exarserit,
1811 1558 1890 1630 pro·
2003 1607 2007 1614 ,
2064 1613 2067 1620 ,
2126 1505 2132 1512 .

412 1624 489 1694 inde
512 1650 573 1696 nec
603 1623 783 1697 transaslio
805 1628 917 1721 aliqua
937 1625 1049 1696 locum
1072 1626 1127 1695 hic
1155 1623 1278 1698 habere
1304 1630 1456 1722 potuerit
1478 1629 1514 1719 i)
1546 1629 1608 1699 111.
1633 1629 1724 1725 quod
1745 1633 1779 1701 in
1804 1632 1890 1705 hane

413 1718 513 1815 ipsam
533 1720 727 1795 sententiam
742 1721 841 1795 status
858 1722 1024 1795 Catholici
1045 1718 1285 1808 conmiserint,
1310 1721 1544 1818 respondendo
1558 1725 1598 1796 ad
1616 1750 1794 1817 gravamen
1810 1732 1890 1801 tros

414 1816 599 1891 telltntium
619 1828 658 1893 V.
675 1825 708 1891 in
724 1820 918 1892 trasiatibus
937 1824 971 1892 P.
987 1825 1040 1891 W.
1053 1845 1139 1891 anno
1160 1829 1262 1908 1646.
1274 1821 1385 1894 mense
1399 1821 1529 1918 Aprilis
1543 1827 1700 1922 utrinque
1716 1824 1838 1897 habitis
1855 1818 1888 1920 c)

414 1920 461 1986 Ν
486 1919 604 2012 quod,
625 1920 705 1990 dum
729 1918 949 1994 Protellanres
973 1919 1182 1990 concordata
1207 1919 1240 1989 dt
1264 1922 1442 2014 primarias
1464 1925 1630 2015 preceain
1658 1921 1722 1995 suis
1746 1922 1887 1997 ecclesiia

415 2010 573 2086 sublatum
589 2014 698 2094 rban't,
723 2017 823 2110 legati
843 2015 1013 2097 Caesarei,
1038 2040 1076 2086 ut
1095 2015 1207 2086 saltem
1221 2018 1276 2111 jus
1308 2042 1446 2114 precum
1469 2038 1662 2099 tuerentur,
1688 2021 1728 2090 ad
1754 2021 1889 2094 consue·
1942 2080 1976 2102 ...

419 2110 560 2186 tudinem
574 2118 764 2211 antiquam,
789 2113 922 2211 insuper
937 2113 1059 2185 habitis
1081 2116 1324 2195 Concordatis,
1350 2112 1599 2211 pollpofiroque
1611 2119 1889 2214 privilegiorum

420 2206 538 2292 oficio,
568 2217 793 2308 provocarint
809 2219 847 2303 d)
877 2216 926 2282 via
955 2216 1057 2303 igitur
1079 2209 1174 2282 fieret
1192 2211 1260 2307 juri
1295 2211 1444 2282 Cael'areo
1465 2237 1502 2280 ex
1532 2239 1642 2285 mente
1666 2214 1886 2311 ipsorummet

376 2329 389 2336 ·
419 2307 681 2394 Crtholicorum,
705 2310 953 2383 srConcordata
972 2310 1021 2380 illi
1038 2306 1183 2379 facultati
1200 2333 1318 2404 preces
1338 2309 1506 2400 dirigendi
1527 2311 1656 2381 obllate
1681 2313 1886 2388 dicerentur.

450 2491 483 2552 e)
499 2472 639 2543 Textor.
658 2475 723 2551 Jur.
735 2468 821 2563 publ.
835 2477 945 2546 Caesar.
960 2498 1026 2563 cap.
1039 2474 1096 2541 XL
1110 2495 1141 2540 o.
1156 2467 1228 2542 202}
1263 2476 1406 2558 Ayretus
1421 2478 1475 2544 cit.
1495 2483 1668 2545 commeat.
1681 2499 1748 2563 cap.
1762 2479 1804 2546 11.
1819 2481 1846 2565 i.
1860 2483 1885 2547 1.

522 2557 556 2620 dt
575 2560 626 2623 alii
645 2561 687 2622 ita
703 2560 850 2625 sentiunt.

370 2655 372 2660 ¹
451 2671 482 2750 d,
501 2661 698 2741 Boebmarus
712 2677 741 2751 J.
759 2677 796 2744 E.
819 2678 906 2745 Prot.
922 2681 972 2742 tit.
991 2678 1029 2739 de
1045 2661 1140 2754 ptaeb.
1160 2671 1194 2736 dr
1210 2675 1322 2768 dignit.
1342 2676 1374 2757 ς.
1397 2673 1495 2739 cxii.
1513 2697 1542 2759 p.
1558 2693 1627 2760 357.
1643 2677 1677 2739 dt
1692 2678 1751 2760 seq.
1802 2679 1886 2743 Cor·

518 2763 616 2824 treius
631 2764 664 2824 iu
677 2761 800 2826 observ.
819 2764 857 2823 ad
874 2763 1024 2824 concord.
1039 2781 1106 2841 cap.
1121 2758 1162 2820 ll.
1213 2755 1381 2820 ltitscltiua
1403 2760 1441 2820 de
1459 2759 1528 2838 jure
1544 2763 1631 2839 prim.
1651 2779 1724 2842 proc
1753 2781 1817 2843 cap.
1841 2761 1882 2828 ll.

518 2843 648 2907 Procilio
668 2846 699 2905 in
716 2844 817 2906 literis
830 2847 867 2906 ad
892 2842 1053 2907 llatthiam
1067 2841 1149 2924 apud
1166 2836 1337 2902 Klorkium
1363 2843 1393 2902 in
1421 2843 1514 2902 addit.
1539 2839 1653 2903 Coniil.
1677 2841 1733 2906 Ν.
1755 2843 1831 2908 Vol.
1857 2843 1881 2911 l.

517 2926 803 2989 verbasunthaec:
833 2926 1208 2996 “lliuurilumetuttnlttii
1227 2925 1323 2992 turbt.
1358 2923 1550 3003 uuibtijus
1575 2927 1788 3006 primariorum
1816 2947 1884 3007 pre·
1948 2923 1995 2995 .'
2067 3013 2072 3026 .

517 3029 586 3072 cum
605 3055 660 3073 ...
684 3017 771 3074 ornrn
784 3001 952 3080 bidniltbm
967 3006 1091 3082 suniero
1108 3011 1135 3068 in
1151 3012 1211 3068 nant
1227 3006 1302 3082 bril.
1318 3003 1406 3073 uiridi
1425 3006 1537 3070 uitiato
1556 3021 1608 3072 ruit
1625 3013 1672 3072 lcr
1685 3005 1882 3084 liunicrittitrn

516 3092 607 3166 abobi
627 3089 783 3169 inuidit·
800 3137 808 3156 .
826 3139 834 3155 .
851 3095 907 3157 titii
920 3091 968 3167 tbi
985 3095 1027 3154 lle
1046 3085 1246 3149 Concordata
1267 3085 1445 3149 Germanice
1463 3089 1500 3147 ad
1526 3108 1627 3150 terum
1644 3105 1785 3152 naturam
1810 3090 1884 3158 inme

515 3189 598 3246 nin.
634 3175 741 3248 ulctrit
765 3172 917 3238 concutit
936 3169 1079 3248 neurim,
1110 3171 1176 3236 auin
1201 3167 1250 3241 bin
1271 3175 1356 3233 brnen
1374 3169 1602 3244 concordatis,
1633 3178 1678 3239 uit
1698 3178 1756 3237 einr
1771 3175 1883 3246 obruite

516 3253 675 3331 nulrittiuc
691 3254 924 3327 ibnrdtlotnirit
937 3257 1008 3323 nitbt
1023 3256 1051 3315 iu
1065 3247 1297 3311 consideration
1315 3268 1453 3329 ortuum.
1478 3252 1593 3327 ionium
1613 3258 1695 3320 ulrin
1717 3259 1801 3320 brom
1819 3255 1881 3315 (ir-

514 3337 642 3401 dinatiia
657 3333 692 3398 dt
709 3334 939 3419 capitularibus
954 3333 1046 3413 jtbnso
1063 3333 1151 3394 salvo
1170 3330 1315 3411 cujusvis
1328 3334 1457 3397 alterius
1480 3333 1550 3414 jure
1570 3338 1688 3411 baiard>
1704 3334 1756 3413 uui
1774 3335 1882 3414 partulit

482 3497 484 3502 Ι
513 3415 808 3496 OEiunlltbotqtlrbett
827 3427 958 3490 matum,
982 3417 1084 3483 nobrio
1104 3421 1134 3480 td
1149 3419 1223 3478 bonu
1239 3415 1306 3486 oud)
1321 3418 1351 3478 iu
1366 3433 1556 3496 quocunque
1578 3416 1702 3485 mense.
1732 3436 1796 3478 non
1821 3421 1881 3480 ob·

514 3499 666 3647 prpitibps
682 3502 921 3582 quibuscunque
934 3498 1205 3559 nominationibus
1227 3496 1291 3578 {intr
1311 3500 1384 3577 but,
1407 3505 1463 3568 tini
1484 3505 1537 3566 air
1552 3507 1654 3566 iniere
1678 3499 1881 3581 proviliouea

530 3604 621 3666 ilpell
646 3584 685 3649 iss
704 3624 725 3654 n

373 3697 375 3702 ’
456 3701 485 3780 c)
503 3699 575 3767 Vid.
596 3700 740 3782 Ayretus
753 3700 807 3761 cit.
823 3708 994 3762 comment.
1012 3717 1078 3778 cap.
1103 3693 1145 3758 ll.

449 3819 483 3902 i>
502 3818 604 3884 Verba
617 3815 878 3888 protestantium,
902 3818 975 3880 dein
993 3814 1232 3878 catholicorum
1245 3810 1367 3896 profert
1379 3810 1542 3877 Cortreius
1559 3811 1591 3876 in
1612 3809 1733 3876 observ.
1748 3812 1787 3874 ad
1802 3830 1883 3875 con·

515 3904 603 3966 cord.
615 3920 685 3984 cap.
696 3900 738 3965 ll.
754 3920 785 3965 o.
801 3920 851 3984 53.
872 3898 907 3962 dt
923 3902 955 3963 in
968 3897 1144 3982 repraesent.
1161 3897 1223 3979 jur.
1238 3898 1329 3980 prim.
1342 3913 1424 3980 pree.
1442 3917 1509 3980 cap.
1526 3894 1582 3964 Vl.
1600 3896 1652 3959 sub
1670 3897 1776 3959 finem.

1067 4106 1097 4186 i·
1150 4095 1225 4168 tv.

516 4237 729 4325 Contrarium
744 4249 824 4322 huic
839 4248 1033 4345 opinionem
1049 4244 1226 4344 scriptores
1243 4243 1264 4344 b
1294 4252 1320 4318 l.
1340 4250 1429 4320 citati
1448 4244 1581 4317 firmare
1597 4270 1634 4316 ac
1654 4246 1786 4316 munire
1802 4243 1880 4316 viri·

409 4341 463 4421 dus
477 4350 633 4422 omnibus
647 4347 868 4422 contendunt:
896 4348 1104 4441 sicquidem,
1132 4370 1168 4415 ut
1181 4372 1219 4417 ex
1236 4342 1458 4418 dissertatione
1475 4346 1622 4436 Oligenii
1644 4345 1801 4435 colligere
1821 4369 1882 4438 po·

407 4450 466 4527 tui,
490 4452 519 4518 1.
536 4445 636 4544 pasin
650 4445 941 4521 Concordatorum
958 4445 1093 4541 publico
1118 4441 1183 4514 sedi
1202 4443 1401 4538 Apostolicae
1425 4438 1589 4515 reservata
1613 4440 1686 4514 sum
1708 4439 1880 4527 beneficia,

406 4551 608 4640 quaeeunque
623 4551 656 4617 in
673 4549 776 4618 Curia
790 4567 960 4626 vacarent,
986 4547 1066 4614 item
1087 4538 1245 4613 beneficia
1261 4542 1488 4614 cardinalium
1505 4540 1537 4612 dr
1554 4540 1804 4612 Pontificiorum
1820 4543 1882 4609 mi·

405 4641 600 4729 sistrorum,
625 4667 827 4745 quoeunque
841 4666 879 4716 ea
894 4642 969 4718 loco
993 4664 1164 4725 vacarent,
1199 4637 1273 4740 poil
1296 4639 1485 4718 libertatem
1505 4636 1707 4714 electionum
1728 4633 1880 4807 Ecclccfiia

1847 4755 1879 4803 a·
