5017 5592
509 641 578 721 ns
947 581 1528 702 oi'ssatrarro

506 803 724 901 decedoribus
745 787 936 904 approbata
950 804 1018 900 jam
1042 804 1205 877 derivavit
1219 805 1252 874 in
1277 800 1439 899 rescripto
1463 823 1603 899 precum
1625 798 1724 899 supra
1740 799 1901 876 adduilo.
1931 804 1977 875 li.

506 908 649 986 Carolus
662 910 723 976 lV.
740 905 771 975 dt
787 902 1151 975 Wenceslsuseuodem
1168 899 1312 997 suijuris
1329 897 1456 972 mntem
1473 897 1588 970 insuia
1613 900 1853 993 diplomatibus
1867 925 1940 994 cap.
1951 904 1977 971 1.

507 1007 615 1079 allatis
631 1002 844 1074 indicavere·
861 1005 924 1069 lll.
944 1000 1174 1092 sigismundus
1191 996 1357 1071 excedent
1372 995 1465 1068 causa
1481 997 1538 1066 illo
1552 997 1628 1089 jure
1642 994 1718 1067 ulus
1735 997 1801 1079 cll,
1820 996 1977 1070 telleGo

506 1103 620 1176 belino
633 1096 783 1195 superius
799 1101 832 1167 in
847 1095 1104 1169 hisloriacitato.
1154 1101 1216 1167 lv.
1233 1099 1347 1167 Patres
1362 1094 1504 1168 Concilii
1519 1092 1703 1190 Basilecnsts
1720 1098 1753 1165 'sn
1769 1091 1828 1167 suo
1845 1094 1977 1168 decretu

368 1272 374 1286 ,
504 1201 561 1301 Jus
578 1220 715 1296 precum
737 1221 803 1265 non
828 1194 957 1264 indulto
982 1193 1112 1290 papali,
1133 1190 1188 1264 sed
1211 1197 1401 1263 inveterate
1421 1189 1649 1263 consuetudini
1671 1190 1916 1276 attribuerunt,
1935 1214 1977 1264 at·

506 1301 580 1395 que
590 1297 623 1365 in
638 1315 840 1408 perpetuum
855 1289 1116 1364 corallabilivere.
1161 1296 1204 1372 V.
1231 1293 1298 1360 His
1314 1292 1459 1385 antiquis
1482 1277 1719 1384 diplomatibus
1733 1287 1910 1371 Cesareis,
1928 1313 1977 1363 re·

505 1394 665 1468 morioris
681 1392 743 1461 aevi
765 1388 869 1459 litelae
885 1413 1024 1485 precum
1046 1387 1278 1484 imperialium
1297 1388 1452 1482 adprime
1472 1385 1671 1466 consonant,
1691 1387 1723 1459 dr
1744 1387 1785 1457 ad
1809 1391 1977 1483 antiquam

506 1486 779 1567 consuetudinem
800 1482 933 1581 semper
951 1506 1151 1582 provocant,
1175 1484 1265 1554 nulla
1280 1477 1366 1555 stila
1388 1483 1508 1554 indulti
1527 1481 1711 1579 Apostolici
1733 1490 1920 1565 mentione,
1943 1503 1977 1555 ιιι

506 1612 546 1663 ea
563 1607 703 1682 precum
717 1608 734 1653 a
750 1583 943 1677 Leopoldo,
965 1579 1114 1679 Josepho
1130 1585 1156 1654 l.
1180 1581 1304 1653 Carolo
1325 1585 1385 1651 v1.
1403 1580 1436 1650 dr
1451 1578 1668 1664 Franciscol.
1686 1582 1849 1652 moderno
1866 1592 1977 1671 nugo·

506 1682 640 1758 stiffimo
662 1678 790 1752 Cassae
812 1681 1041 1775 expeditarum
1065 1699 1180 1750 tenore
1200 1675 1338 1749 conslat.
1360 1680 1396 1763 l)
1427 1682 1489 1749 Vl.
1512 1686 1625 1748 Aurea
1638 1678 1732 1748 Bulla
1745 1678 1812 1773 juri
1828 1675 1977 1750 Caesareo

506 1806 574 1854 nort
588 1780 661 1851 leve
677 1776 768 1852 addit
784 1777 933 1871 pondus,
950 1777 1030 1846 dum
1045 1778 1188 1846 Vicariis
1205 1778 1343 1870 Imperii
1355 1774 1409 1868 jus
1428 1777 1664 1870 primariorum
1680 1800 1836 1871 precum,
1854 1776 1977 1870 absque

504 1870 658 1974 tespeblu
674 1874 714 1944 ad
734 1872 901 1944 indultum
914 1876 956 1943 Pa
983 1872 1051 1955 ale,
1067 1871 1228 1944 concedit.
1243 1875 1276 1964 c)
1306 1876 1384 1942 V11.
1397 1875 1430 1942 in
1449 1870 1671 1943 lnllrumento
1687 1878 1722 1945 P.
1740 1879 1792 1945 W.
1806 1873 1863 1969 jus
1878 1874 1977 1944 ltocce

506 1974 667 2049 exercitio
694 1966 880 2066 praehabito
901 1971 941 2040 ad
958 1972 1123 2066 criptum,
1143 1994 1180 2040 ac
1202 1966 1322 2039 cesari
1342 1971 1376 2040 vi
1395 1966 1569 2039 sanctionis
1596 1968 1832 2065 pragmaticae,
1852 1968 1977 2065 absque

507 2070 609 2144 ullius
631 2065 750 2138 indulti
766 2069 954 2150 mentione,
976 2062 1133 2138 reliilum
1148 2061 1231 2137 fuit:
1258 2068 1295 2151 d)
1321 2090 1360 2137 ex
1374 2089 1443 2161 quo
1458 2057 1579 2147 const,
1598 2090 1714 2138 omncs
1735 2071 1786 2138 Im
1812 2070 1876 2138 etii
1891 2069 1977 2140 circa

507 2167 550 2242 ad
569 2163 761 2238 servandam
776 2162 867 2234 illam
879 2162 989 2257 legem
1005 2160 1173 2260 publicam
1187 2160 1369 2254 obligatos,
1380 2164 1448 2257 juri
1461 2187 1620 2257 precum,
1639 2187 1676 2234 ut
1690 2187 1727 2234 ut
1742 2092 1908 2244 insultum
1925 2161 1977 2235 tle·

508 2262 610 2362 super
625 2287 691 2333 non
706 2258 743 2331 stt
760 2263 806 2331 im
833 2284 996 2344 erratum,
1016 2256 1150 2332 deserte
1174 2257 1313 2341 debere,
1333 2259 1412 2329 alias
1431 2263 1536 2355 pranis
1548 2284 1619 2356 xper
1643 2259 1900 2332 constitutiones
1917 2260 1977 2332 lm·

536 2362 597 2433 etii
614 2355 738 2430 statoris
755 2285 976 2429 molliendas.
1022 2362 1121 2428 Vlll.
1148 2357 1303 2429 Tandem
1319 2353 1442 2428 constat
1457 2381 1495 2428 ex
1517 2360 1606 2452 praxi
1627 2382 1693 2427 non
1712 2359 1817 2429 lolum
1833 2358 1977 2430 aliorum

508 2387 660 2550 siegum,
679 2452 782 2525 sed&
804 2480 871 2525 non
894 2453 1064 2523 nullorum
1087 2457 1225 2548 imperii
1252 2455 1444 2548 Principum
1467 2477 1566 2526 ettam
1589 2453 1899 2534 ecclesallicorum,
1919 2455 1977 2550 qui

509 2555 585 2651 jure
600 2550 745 2648 quodam
768 2552 1164 2646 primariorumprecum
1180 2551 1213 2619 in
1229 2547 1295 2619 suis
1323 2550 1550 2621 territoriis&
1573 2549 1764 2623 dioecefibus
1784 2578 1823 2623 ex
1844 2555 1977 2647 antiqua

511 2646 748 2723 consuetudine
768 2645 833 2717 line
855 2645 984 2717 indulto
1005 2668 1163 2726 utuntur,
1186 2648 1220 2736 e)
1244 2646 1347 2735 igitur
1369 2649 1568 2742 Imperatori
1593 2644 1773 2744 succenseri
1793 2650 1935 2744 nequit,
1957 2644 1977 2724 fi

510 2748 601 2821 idem
618 2743 743 2840 absque
760 2743 830 2814 ullo
849 2743 978 2815 indulto
999 2739 1193 2822 Pontificio,
1213 2738 1267 2812 sed
1285 2766 1322 2811 er
1341 2748 1507 2837 perveteri
1526 2740 1761 2820 consuetudine
1782 2768 1947 2820 exerceat.

549 2911 643 2997 a)1n
662 2910 835 2973 derivando
854 2910 923 2991 jure
950 2912 1163 2993 primariorum
1187 2928 1315 2991 precum
1330 2910 1366 2971 ad
1385 2911 1641 2973 consuetudinem
1662 2924 1776 2992 praeter
1793 2911 1977 2985 Limnaeum,

622 2990 814 3062 Klocltium.
836 2993 1056 3072 Lampadium,
1082 2993 1280 3063 Cottreium,
1308 2992 1457 3053 llcsoldns
1474 2996 1504 3054 in
1524 2992 1637 3054 dissert.
1658 2994 1698 3056 de
1719 2993 1839 3076 Mn'tst.
1856 2991 1932 3056 Se&
1950 3009 1977 3058 α.

622 3074 660 3136 de
685 3070 790 3153 Eccles.
811 3074 892 3217 Μαι.
912 3073 985 3156 jare
1008 3074 1043 3137 C.
1061 3092 1092 3147 4.
1114 3094 1144 3136 n.
1159 3093 1190 3155 3.
1226 3072 1383 3135 Heuricus
1411 3074 1457 3135 De
1477 3075 1602 3136 Cocceii
1622 3073 1704 3221 oZur.
1728 3096 1749 3157 p
1790 3080 1808 3136 l.
1837 3076 1977 3155 praeeat.

625 3153 773 3297 {turqqnp
787 3153 818 3219 6.
882 3155 1042 3219 lascovius
1061 3153 1194 3237 Princip.
1211 3153 1278 3226 lut.
1295 3156 1381 3237 publ.
1402 3155 1469 3219 Lib.
1490 3156 1529 3222 V.
1552 3177 1619 3239 cap.
1679 3156 1712 3221 dt
1731 3158 1784 3221 alii
1804 3157 1911 3242 pluteo
1932 3173 1977 3221 ee·

512 3327 519 3344 ⁸
551 3352 589 3433 b)
609 3349 684 3417 Vid.
703 3327 814 3414 eorum
830 3348 1005 3434 ‘diplomata
1030 3349 1168 3415 Caelarea
1187 3369 1325 3434 precum.

551 3473 583 3552 a)
602 3468 676 3536 Vid.
698 3468 812 3532 Aureae
827 3468 928 3531 Bullae
945 3488 1012 3551 cap.
1025 3466 1067 3531 V.
1090 3469 1121 3548 §.
1136 3467 1161 3531 1.
1176 3487 1240 3549 quo
1255 3468 1411 3550 speciatim
1427 3468 1562 3535 Vloariia
1574 3467 1701 3550 imperii
1713 3466 1768 3552 jas
1781 3467 1824 3530 ad
1839 3465 1977 3550 beneficia

624 3550 806 3634 ecclafiaqlr'co
826 3548 1032 3634 praesentandi
1050 3551 1251 3644 conceditur..
1275 3548 1360 3613 conf.
1384 3550 1574 3614 Griebnerua
1595 3553 1635 3615 de
1656 3552 1799 3632 precibus
1827 3547 1977 3631 primarii!

626 3631 732 3696 Vicar.
755 3632 867 3714 lmper.
890 3635 919 3709 ς.
933 3650 963 3712 ι).
1000 3630 1167 3694 Frltschius
1185 3632 1224 3694 de
1240 3650 1311 3713 Jure
1326 3640 1452 3714 precum
1470 3634 1561 3715 prim.
1582 3634 1617 3698 C.
1631 3631 1688 3698 111.
1708 3652 1739 3697 n.
1752 3643 1781 3707 8.
1801 3628 1836 3693 de
1856 3631 1924 3696 alii.

553 3750 592 3829 al)
613 3746 754 3811 lustrum.
771 3746 802 3813 P.
816 3746 870 3812 W.
891 3746 960 3811 Art.
979 3746 1018 3812 V.
1041 3747 1074 3829 ς.
1090 3759 1138 3822 18.
1161 3746 1195 3811 dt
1213 3748 1264 3815 26.

551 3866 584 3949 a)
609 3862 855 4028 Vrffil'ss‘m'
873 3867 901 3933 ln
921 3867 968 3934 brt
992 3863 1144 3946 Sentibus
1171 3864 1440 3948 &lautissimam
1452 3864 1543 3949 labra.
1565 3866 1633 3933 Lib.
1648 3864 1708 3936 tv.
1725 3882 1794 3949 cap
1814 3860 1857 3929 V.
1874 3861 1902 3946 ι
1920 3859 1977 3929 xl

1136 4055 1218 4158 ‘a
1269 4066 1313 4141 rt.

626 4192 782 4287 Duplicis
808 4194 908 4293 hujus
935 4191 1102 4268 sententiae
1125 4193 1182 4269 sabi
1209 4202 1344 4295 penitus
1369 4200 1599 4272 contrariantis
1620 4193 1805 4269 rationibus
1830 4196 1977 4269 intimius

513 4285 696 4386 perspeslis
711 4290 929 4389 excussaque,
949 4293 1093 4363 mediam
1113 4294 1312 4389 quibusdam
1329 4298 1455 4393 placuit
1469 4299 1554 4367 inire
1577 4297 1684 4374 viam,
1707 4319 1771 4391 qua
1785 4293 1837 4366 vel
1856 4317 1977 4365 utram·

515 4408 583 4479 que
605 4384 694 4454 illam
715 4389 908 4479 opinionem
933 4391 1164 4473 cortciliarent,
1185 4395 1237 4467 vel
1257 4394 1369 4466 saltem
1386 4396 1536 4464 veritatis
1555 4393 1653 4487 adyta
1675 4385 1806 4461 felicius
1826 4412 1977 4487 penetra·

514 4504 604 4553 rent:
630 4481 707 4553 hinc
727 4481 780 4574 jus
802 4488 1036 4579 primariorum
1057 4512 1195 4585 precum
1212 4491 1322 4586 quoad
1344 4483 1552 4562 substantiam
1574 4492 1717 4584 antiquae
1737 4485 1977 4573 consuetudini,

507 4578 626 4678 quoad
643 4578 841 4656 madorem
859 4580 1083 4679 qualificatum
1093 4636 1104 4673 ,
1125 4612 1194 4687 quo
1207 4612 1395 4677 exercetur,
1417 4587 1549 4663 indulto
1567 4582 1744 4662 Pontificio
1759 4583 1875 4668 deberi
1895 4581 1977 4656 arbi·

1853 4751 1856 4755 .
1892 4701 1977 4755 ω
