5017 5592
632 509 680 594 48
1083 496 1664 576 DISSERTATIO

449 656 591 760 Narin-⁴
636 660 942 760 superTurearum
964 671 1173 768 Imperatore
1197 673 1388 746 Germaniae
1409 668 1531 743 finibus
1552 675 1698 743 exercitu
1715 668 1812 767 plane
1834 664 2050 742 formidando
2064 670 2114 740 in·

450 743 609 890 gefllffn·
636 762 813 836 cutnbente
828 817 845 848 ,·
864 765 984 839 auxilia
1007 773 1119 841 omnia
1139 793 1254 842 contra
1274 775 1405 841 Toreas
1428 767 1639 854 abnuebant3
1660 791 1768 864 neque
1790 765 1849 839 nili
1869 765 2015 840 cancella
2036 767 2118 840 reli·

452 845 535 974 ,¹¹⁸2
567 849 598 894 ¹¹·
639 864 746 956 gionis
763 863 916 937 libertate
933 861 964 936 se
980 867 1229 940 Fetdinandum
1251 871 1378 960 Regem
1399 865 1596 939 salutaturus
1617 863 1874 963 profitebantur.
1920 869 2118 938 Ututrum·

472 927 547 994 53’
640 985 707 1058 que
728 959 938 1036 obtineretur
968 990 986 1036 a
1012 963 1300 1048 Protellanribns,
1330 987 1507 1061 exoptante
1537 961 1721 1036 cesare&
1755 961 1989 1047 Ferdinando,
2016 958 2120 1036 miffit

639 1063 794 1152 Mogono
822 1061 853 1133 dt
878 1061 1027 1136 Palatino
1049 1065 1268 1160 Septemviris
1290 1089 1307 1134 a
1333 1061 1460 1135 caesare
1481 1065 1573 1160 pacis
1601 1062 1882 1134 conciliatoribus
1902 1064 2022 1159 primae
2035 1085 2118 1136 eum

641 1154 902 1232 Proteslantibus
926 1161 1111 1254 Religionis
1133 1162 1273 1232 inducite
1303 1160 1542 1254 Norimbergar
1562 1160 1603 1231 ad
1624 1157 1725 1233 finem
1747 1159 1832 1257 Julii
1854 1184 1936 1231 natae
1959 1162 1991 1230 dr
2014 1163 2116 1232 initio

642 1255 783 1348 Rugulli
800 1266 841 1329 A.
864 1285 965 1351 ¹532·
987 1259 1143 1331 acarolo
1164 1255 1368 1331 confirmate
1388 1255 1526 1331 fuerunt
1548 1258 1646 1354 hujus
1668 1263 1819 1330 tenoris:
1853 1257 1994 1330 Carolus
2011 1282 2050 1330 ur
2069 1253 2121 1330 su·

639 1360 930 1452 premumcapnt
949 1359 1086 1450 lmperii
1109 1357 1257 1428 inducias
1281 1357 1446 1453 usquead
1469 1358 1658 1428 Concilium
1681 1355 1867 1436 Generale,
1889 1359 1942 1426 vel
1959 1360 1993 1426 in
2015 1355 2119 1452 hujus

642 1445 777 1525 defellu
801 1479 840 1525 ns
869 1453 963 1524 need
982 1455 1177 1526 ulteriorem
1204 1453 1479 1527 deliberationem
1498 1478 1574 1528 com
1596 1454 1741 1526 statibus
1762 1449 2024 1526 Proteliantibus
2039 1479 2119 1542 coo·

641 1549 757 1631 cedit,
788 1479 1086 1624 Ecclefiallicorum
1110 1551 1276 1624 bonorum
1298 1549 1523 1648 poll'ellionem
1542 1575 1583 1622 eo
1606 1576 1713 1650 usque
1742 1575 1858 1623 contro
1886 1553 2063 1624 intentatas
2079 1554 2122 1624 'in

643 1647 786 1746 Judiriis
804 1652 943 1745 Imperii
963 1650 1037 1721 lites
1058 1650 1232 1745 indulget,
1259 1673 1415 1748 vetatque
1438 1652 1611 1744 religionis
1630 1646 1726 1724 cause
1749 1652 1907 1745 cuiquam
1930 1647 2120 1724 molessietu

641 1747 760 1822 creari.
789 1750 844 1842 (a)
1790 1795 1793 1800 .

668 1895 737 1979 (a)
756 1895 792 1960 ln
806 1895 934 1961 Recelsu
948 1897 1073 1983 Imperii
1092 1898 1311 1964 Ratisbonenli
1325 1900 1483 1966 haedere
1500 1901 1595 1974 nihil,
1615 1900 1677 1984 ipsa
1698 1919 1780 1964 vero
1794 1899 1968 1966 cantastra
1987 1900 2124 1983 ejusque

758 1981 961 2043 confirmatio
973 1997 1064 2046 extat
1081 1984 1163 2066 apud
1181 1983 1457 2046 Gouonsrutn
1481 1984 1563 2046 Toni.
1577 2003 1607 2046 a..
1631 1982 1753 2066 Conssii.
1778 1983 1855 2063 Imp.
1873 2001 1947 2064 pag.
1966 2001 2036 2062 172.
2055 1984 2125 2050 Va·

755 2064 801 2124 ria
819 2061 913 2142 hujus
929 2063 1163 2130 Conventlooie
1184 2085 1295 2128 ateana
1317 2067 1416 2128 edidit
1439 2065 1785 2130 l'nnunvtcrnus
1807 2065 1885 2148 Hisl.
1913 2066 2023 2130 concil.
2048 2065 2124 2128 Tri·

755 2144 903 2313 mlh-elz
915 2163 944 2230 3.
957 2166 1021 2233 cap.
1036 2169 1067 2234 9.
1080 2145 1174 2214 conl.
1189 2148 1228 2214 D.
1241 2145 1301 2212 Ko
1310 2167 1334 2212 u
1343 2169 1370 2212 rs
1379 2168 1463 2212 uuae
1477 2144 1604 2232 Differi.
1617 2149 1654 2212 de
1664 2150 1769 2232 priano
1778 2165 1850 2232 port
1864 2146 2038 2231 Religionis
2056 2145 2126 2214 Nc·

1281 2386 1318 2470 ς.
1367 2382 1504 2458 XXll.

461 2519 632 2607 colimini·
759 2534 846 2632 Quia
859 2531 1001 2614 carolo,
1027 2532 1236 2617 Germanic,
1252 2535 1371 2630 reiqne
1387 2531 1566 2605 catholice
1580 2529 1658 2604 inde
1673 2525 1804 2628 frustras
1817 2531 2012 2618 excreverit,
2022 2553 2126 2608 eveo·

459 2607 567 2702 nanae
582 2625 631 2670 ’θ’
646 2654 698 2704 rus
713 2629 839 2706 docuit.
888 2635 929 2703 ln
950 2635 1105 2703 comitiis
1126 2630 1423 2703 Wormatienstbus
1448 2639 1489 2702 A.
1512 2657 1614 2723 ¹535·
1636 2633 1814 2726 extirpatio
1833 2627 1968 2703 fanatici
1989 2631 2129 2704 Anabu-

460 2685 631 2834 liffizo
672 2729 819 2802 tillarum
844 2726 1042 2802 Monallerii
1064 2727 1337 2825 Wellphalorum
1360 2731 1470 2822 Regni
1495 2726 1646 2810 decreta,
1672 2730 1706 2798 in
1730 2731 1885 2800 comitiis
1907 2753 1990 2800 vero
2016 2731 2128 2802 Ratia-

361 2859 364 2874 ·
460 2756 841 2915 m1„R,fi,.bonenfibns
864 2833 905 2897 A.
926 2851 1029 2916 ¹54¹·
1052 2824 1212 2920 prasente
1228 2831 1354 2918 Legata
1369 2822 1543 2898 Pontificio
1567 2825 1668 2898 card.
1694 2829 1885 2899 Contereno
1903 2825 2129 2924 colloquium

461 2932 537 2997 bon.
569 2934 632 3002 Aa.
647 2924 840 2997 catholicos
857 2927 944 2993 inter
969 2922 1002 2993 dr
1026 2921 1244 2996 Protellantes
1266 2923 1465 3016 Theologos
1489 2923 1663 3003 habitunt,
1690 2918 1805 2994 eleciis
1826 2948 1844 2995 a
1869 2921 1999 2996 caesare
2021 2925 2129 3004 eollo·¹

462 3031 555 3098 ³541·
646 3021 843 3104 cutoribus,
869 3025 950 3116 quin
975 3017 1052 3090 fidei
1075 3023 1225 3116 quadam
1248 3017 1394 3092 formula
1420 3019 1564 3094 exhibita
1580 3016 1639 3090 sub
1658 3021 1698 3089 iis
1719 3019 1899 3094 verborum
1927 3019 2127 3109 involucris,

573 3123 575 3127 ’
646 3143 685 3193 ut
707 3119 906 3214 acceptanda
921 3116 960 3188 ab
981 3141 1123 3211 utraque
1149 3114 1371 3190 diffidentium
1393 3141 1489 3214 parte
1510 3118 1724 3199 crederetur,
1745 3121 1842 3190 irrito
1867 3117 1968 3214 plane
1986 3117 2126 3206 efferre,

646 3241 723 3289 nem
741 3242 800 3288 nee
816 3219 948 3297 Rome,
968 3239 1027 3286 nee
1046 3216 1226 3286 Catholicis
1252 3216 1406 3313 pluribus
1430 3215 1503 3285 aliis
1525 3215 1667 3308 placuit,
1692 3217 1867 3288 veritatem
1882 3215 1941 3288 sub
1961 3217 2130 3312 ambigui·

646 3338 714 3388 tate
732 3310 943 3396 delitescere,
965 3309 1071 3384 Eckio
1092 3310 1235 3409 ipsomet
1261 3315 1386 3406 ajente,
1407 3307 1589 3384 formulam
1604 3311 1688 3382 hanc
1715 3314 2037 3389 Melancbtonizare.
2066 3317 2128 3412 (a)

643 3415 677 3484 Is
695 3437 798 3509 porro
813 3413 1040 3484 Comitiotum
1056 3406 1149 3480 finis:
1176 3409 1235 3500 (b)
1264 3407 1371 3482 Caesar
1393 3411 1581 3481 Concilium
1598 3413 1631 3479 in
1648 3413 1833 3481 Germania
1852 3413 2054 3510 pollicetur,
2072 3419 2127 3486 in-

647 3516 747 3581 terim
768 3534 848 3581 vero
863 3515 896 3579 in
919 3505 1080 3580 dollrinis
1104 3506 1342 3604 persistendum
1362 3503 1426 3578 elle
1440 3507 1552 3602 jubet,
1573 3531 1675 3577 noras
1694 3509 1846 3580 invenire
1867 3533 1976 3594 vetar,
2004 3509 2129 3586 Refor-

646 3612 828 3678 mationem
855 3630 989 3677 morum
1012 3634 1031 3677 a
1053 3607 1151 3678 card.
1174 3611 1364 3678 contareno
1391 3602 1594 3700 propositam
1622 3603 1841 3676 Ecclefiarum
1867 3609 2019 3679 Praelatis
2035 3633 2130 3684 eom·

648 3704 802 3786 mandat,
823 3700 1052 3794 Augustannm
1066 3701 1222 3774 Edillum
1241 3729 1306 3774 una
1320 3725 1430 3773 tamen
1448 3727 1523 3772 cnm
1543 3702 1685 3773 induciis
1706 3703 2051 3798 Norimbergenfibus
2065 3709 2154 3784 illl·-

647 3799 763 3872 batum
780 3824 915 3872 manere
936 3795 1072 3881 statuit,
1099 3803 1249 3888 adeoque
1274 3794 1458 3871 fotenfibus
1484 3797 1596 3870 ltribus
1619 3824 1658 3870 ex
1680 3797 1773 3869 causa
1795 3801 1969 3895 religionis
1994 3801 2133 3901 (eonse-

649 3922 791 3992 quenter
810 3898 843 3970 dt
865 3895 1032 3972 bonorum
1059 3893 1379 3988 Ecclefiallicorunt)
1407 3898 1490 3968 orris
1511 3894 1679 3992 usquead
1699 3899 1889 3972 concilium
1913 3898 2135 3999 superseden-

650 3996 730 4067 dum
751 3991 825 4068 elle.

689 4141 746 4227 (a)
767 4141 841 4208 Vid.
858 4143 927 4224 ejus
942 4145 1114 4209 declaratio
1130 4145 1211 4227 apud
1228 4143 1501 4209 coronarunt
1522 4141 1604 4205 Tam.
1617 4157 1647 4204 ι.
1665 4141 1787 4228 constit.
1805 4147 1883 4230 Imp.
1891 4147 1948 4230 sol.
1962 4167 2038 4234 233.
2050 4155 2136 4222 ulia·

762 4244 819 4368 pce
841 4224 896 4287 hnc
921 4230 1106 4308 pertinentia
1136 4227 1245 4292 ibidem
1261 4223 1320 4310 sol
1345 4237 1415 4308 183.
1435 4221 1566 4290 Confer.
1587 4221 1642 4288 ΡΑ
1653 4245 1904 4296 uunv1c11s1
1926 4231 2007 4319 Hesi.
2040 4237 2133 4308 Can,

795 4308 855 4373 rid.
869 4309 918 4373 lib.
931 4329 961 4391 4
973 4328 996 4375 c.
1012 4307 1149 4394 13.Jeqq.

688 4443 743 4530 (b)
763 4437 809 4518 R.
824 4447 867 4520 et.
882 4464 922 4526 321
942 4447 1168 4530 Renenlpnrn
1204 4446 1249 4516 A.
1265 4462 1355 4530 1541·
1376 4461 1397 4508 a
1422 4445 1456 4528 ς.
1479 4458 1528 4510 12.
1547 4443 1695 4530 atquem
1712 4461 1765 4527 3²·

1948 4578 1986 4678 n.
2002 4584 2138 4670 xxrtr.
