5017 5592
501 672 575 761 aaa
642 671 645 682 ·
761 613 1429 774 otssnnrarro‘rusnot‘uco-
1451 656 1724 738 canonica

396 903 400 910 .
496 803 545 915 'ex
563 835 840 912 conciliorum&
858 840 983 911 Summ.
1000 832 1198 907 Pontificum
1216 839 1360 916 decretis
1381 843 1422 914 ad
1438 868 1554 940 preces
1575 841 1880 918 Eccleiaslicorum
1897 845 1977 917 Pro·

504 938 668 1110 prorum,
691 936 886 1038 interpofira
905 938 1258 1024 authoritatc,Caroli,
1281 967 1342 1039 par
1355 942 1443 1041 ipsos
1459 944 1608 1016 clericos
1633 939 1719 1016 faita
1731 941 1875 1015 inscribi
1894 935 1977 1016 min·

531 1057 614 1109 avit:
1952 1076 1956 1081 '

467 1173 473 1194 ¹
546 1167 621 1256 Ego
634 1135 767 1231 Carolus
784 1165 891 1233 Gratia
902 1166 979 1244 Dei,
998 1166 1212 1253 Ejusdemque
1224 1166 1435 1233 misericordia
1450 1169 1590 1235 donante
1605 1169 1676 1235 Rex
1694 1166 1729 1233 dt
1747 1168 1891 1236 devotus
1902 1169 1971 1237 San·
2009 1165 2013 1250 ἰ

620 1249 681 1316 &ae
699 1249 847 1315 Eccleliae
864 1250 1039 1324 Defensor,
1058 1251 1250 1336 humilisque
1269 1252 1419 1333 Adjutor.

621 1397 701 1465 Vll.
737 1398 849 1492 Qtam
872 1391 959 1466 belle
980 1388 1068 1464 fasla
1091 1392 1204 1464 Caroli
1227 1392 1332 1464 titulis
1361 1389 1450 1465 hisce
1476 1417 1513 1465 ac
1536 1388 1647 1464 verbis
1670 1390 1967 1491 correspondcriat,

412 1521 416 1532 ·
532 1514 676 1588 namque
693 1488 824 1564 sirenue
844 1514 917 1564 ante
934 1492 964 1562 dr
983 1489 1055 1586 poll
1070 1490 1197 1562 aditum
1215 1495 1356 1588 imperii
1376 1491 1507 1561 culmen
1523 1514 1635 1587 partes
1651 1492 1814 1564 Advocati
1829 1491 1968 1567 Ecclesa·
2010 1503 2013 1582 j

505 1515 595 1671 sici,
621 1615 657 1660 ac
675 1611 761 1662 tera
779 1590 962 1682 Religionis
986 1586 1180 1660 Defensoris
1206 1588 1330 1685 ubique
1356 1610 1522 1659 tertarum
1545 1610 1661 1659 contra
1685 1587 1835 1662 Ecclestae
1852 1592 1887 1665 dc
1904 1589 1966 1666 fidei

507 1685 618 1758 hostes
636 1686 796 1767 obiverit,
818 1713 856 1757 ex
878 1689 971 1762 lllius
987 1685 1083 1779 gestis
1101 1684 1175 1756 saris
1190 1684 1356 1783 superque
1375 1684 1690 1770 omnibuseonlla13
1718 1683 1872 1762 fulminis
1892 1695 1967 1763 enim

508 1782 611 1857 instar
633 1783 742 1857 ubivis
765 1786 916 1858 locorum
940 1785 1071 1867 aderat,
1089 1786 1122 1855 in
1165 1783 1262 1855 uibus
1282 1809 1338 1856 aut
1359 1781 1542 1864 necessitas,
1569 1807 1625 1854 aut
1640 1785 1764 1857 utilitas
1788 1788 1969 1862 Ecclesaaeil

425 1933 428 1960 ,
508 1880 569 1954 lud
587 1882 786 1980 expetebat:
814 1886 973 1965 Saxones,
997 1809 1277 1978 pernitioltffintos
1297 1906 1339 1954 eo
1362 1905 1516 1978 tempore
1539 1879 1662 1952 Christi
1687 1882 1824 1967 hostes,
1851 1891 1970 1984 pcnirnt

404 2037 406 2042 s
507 1973 635 2072 fregit:
661 1984 866 2052 Hunnorum
894 1983 1081 2076 principem
1106 1982 1297 2072 caganum,
1315 1980 1479 2070 religione
1496 1977 1721 2054 Christianum
1738 2006 1855 2054 contra
1870 1983 1970 2056 infide.

510 2077 560 2149 les
584 2078 811 2176 barbarosque
830 2079 1063 2150 Bohemann'os
1088 2077 1221 2150 Selavos
1237 2081 1270 2148 in
1294 2078 1432 2150 tutelam
1457 2102 1580 2170 magno
1604 2073 1682 2147 fidei
1704 2082 1971 2157 commodorect·

509 2179 587 2272 pit:
613 2179 793 2249 Saracenos
808 2200 846 2247 ex
861 2176 1021 2248 Sardiniae
1037 2176 1068 2248 dr
1088 2173 1226 2247 Corsicae
1242 2174 1355 2247 insulis
1368 2174 1437 2268 jam
1461 2179 1629 2269 occupatis
1641 2180 1701 2247 toti
1719 2178 1822 2249 tratre
1837 2179 1972 2267 infidipn·

512 2273 1623 2466 {titilllgt‘tlzlillz,ll'llilltltfs‘lillis‘
1636 2275 1973 2448 dissidiis}

510 2477 765 2567 propugnavi13
794 2469 919 2541 verbu:
947 2468 1086 2541 Ecclesia
1109 2467 1203 2540 bonis
1225 2468 1380 2540 omnibus
1405 2494 1467 2562 per
1496 2466 1759 2561 gloriostffimum
1783 2472 1874 2546 hunc
1895 2473 1974 2545 suum

511 2566 721 2639 Advocatum
742 2570 871 2666 repleta
884 2561 974 2649 fuit,
998 2592 1099 2664 quem
1122 2590 1304 2664 propterea
1323 2565 1503 2661 gratissimo
1518 2563 1640 2640 affettu
1659 2592 1854 2655 veneratur,
1872 2572 1984 2674 unul,

422 2683 429 2698 ⁸
512 2662 782 2738 loavolummis
799 2666 951 2738 laudibus
968 2666 1129 2738 extollere
1147 2661 1291 2740 cessabit.
1805 2677 1812 2686 ⁴

630 2817 729 2887 Vlll.
755 2816 817 2885 Uti
835 2809 1086 2907 Augustilsrmus
1103 2820 1293 2912 imperaror
1309 2811 1449 2885 Carolus
1465 2813 1605 2884 inomni
1620 2807 1675 2884 sua
1690 2813 1756 2885 vita
1772 2815 1923 2891 Ecclefie
1936 2839 1981 2891 tn«

514 2908 616 2981 telam
637 2910 822 2981 constanter
836 2914 929 2982 cordi
948 2912 1080 2993 habuit,
1104 2918 1150 2984 ita
1168 2913 1307 2983 eandem
1325 2907 1541 2983 Serenillimis
1558 2909 1623 2980 suis
1646 2911 1751 2982 tribus
1767 2917 1797 2983 F
1798 2916 1866 2985 iliis
1882 2918 1979 2988 Ludo·

512 3010 612 3087 vico,
632 3010 776 3103 Pipino,
799 3001 833 3077 dr
852 3009 975 3080 Catolo
993 3011 1026 3078 in
1043 3009 1162 3081 tabulis
1189 3010 1440 3082 testamentariis
1456 3033 1542 3079 anno
1558 3005 1680 3079 ehnlh
1697 3017 1777 3089 806.
1795 3015 1915 3086 etesiis
1927 3012 1980 3087 sol·

514 3102 606 3175 licite
627 3103 895 3178 commendavit:
921 3101 1048 3177 Passum
1068 3131 1106 3180 ex
1126 3106 1320 3180 testamento
1339 3109 1500 3178 Batonius
1522 3100 1610 3178 hisce
1628 3102 1752 3178 refert:

555 3257 657 3347 Super
672 3258 778 3320 omnia
800 3269 907 3321 autem
927 3258 1094 3339 jubemus,
1118 3269 1155 3323 ut
1174 3258 1229 3344 ipli
1243 3281 1273 3343 3.
1295 3258 1417 3323 fratres
1434 3279 1540 3322 curam
1563 3256 1596 3321 dc
1622 3260 1837 3329 defensionem
1856 3263 1887 3330 S.
1904 3265 1979 3331 Petri

631 3339 721 3402 simul
740 3339 925 3422 suscipiant,
945 3341 1022 3404 ficut
1038 3344 1195 3423 quondam
1210 3347 1248 3406 ab
1263 3344 1341 3405 Avo
1363 3340 1479 3407 Nostro
1500 3341 1618 3403 Carolo
1641 3344 1821 3423 «Marullo,
1841 3347 1876 3410 dt
1890 3351 1982 3413 beata

629 3426 794 3486 memoriae
821 3422 976 3488 Genitore
998 3423 1109 3505 Pipino
1131 3424 1236 3506 Rege,
1256 3423 1324 3486 &a
1352 3424 1454 3489 Nobis
1478 3423 1583 3505 postea
1603 3422 1739 3507 suscepta
1761 3427 1828 3501 est,
1851 3444 1889 3494 ut
1907 3432 1981 3494 Eum

631 3525 705 3569 cum
717 3506 806 3568 omni
823 3506 986 3585 adjutorio
1000 3509 1038 3570 ab
1052 3506 1193 3569 hostibus
1212 3505 1380 3569 defendere
1392 3509 1549 3576 nitantur,
1567 3505 1600 3568 de
1612 3506 1761 3586 justitiam
1776 3508 1877 3586 suam,
1889 3533 1980 3595 quan·

631 3599 700 3650 tum
714 3591 751 3649 ad
765 3589 848 3667 ipsos
860 3591 995 3670 pertinet
1009 3631 1018 3659 ,
1033 3588 1066 3652 dt
1081 3592 1165 3650 ratio
1185 3588 1341 3671 postulat,
1364 3589 1478 3651 habere
1498 3588 1637 3651 saciant:
1658 3589 1809 3655 Similiter
1824 3594 1859 3657 dc
1875 3598 1914 3660 de
1925 3614 1980 3659 cae·

630 3672 709 3734 teris
729 3670 899 3746 Eccleliia,
919 3690 990 3755 quae
1002 3672 1055 3736 sub
1074 3672 1201 3735 illorum
1220 3671 1338 3746 suerint
1355 3671 1525 3753 potestate,
1548 3675 1757 3755 praecipimus.

517 3812 650 3887 Deinde
669 3813 770 3883 morti
794 3813 967 3907 proximus
989 3810 1046 3882 fibi
1068 3814 1102 3883 in
1128 3814 1278 3908 imperio
1302 3808 1487 3884 succedenti
1507 3811 1597 3881 Filio
1628 3814 1798 3886 Ludovico
1821 3817 1884 3887 Pio
1905 3818 1984 3889 inter

521 3914 584 3985 alra
600 3914 664 3983 hoc
681 3935 817 4007 quoque
837 3916 1002 3981 monitum
1019 3909 1275 3982 saluberrimum
1296 3910 1405 3992 dedit,
1422 3908 1553 3980 serto&
1569 3910 1752 3983 conllauter
1770 3911 1918 3986 lludcatt
2003 3989 2008 4010 ,

559 4065 821 4143 omnipotentem
837 4055 940 4123 Deum
961 4060 1143 4141 diligere&
1163 4062 1295 4132 timere,
1317 4059 1387 4142 ejus
1408 4057 1564 4143 praecepta
1584 4059 1724 4136 servare,
1752 4062 1911 4129 Ecclesiae
1933 4064 1985 4128 de·

633 4145 762 4209 tendere
773 4164 789 4205 a
802 4144 908 4221 pravis
924 4142 1124 4219 hominibus,
1143 4143 1255 4207 deinde
1270 4142 1459 4205 Sacerdotes
1474 4143 1633 4206 honorare
1646 4160 1680 4208 ut
1694 4159 1818 4227 patres,
1836 4151 1983 4230 populum

634 4228 767 4308 diligere
782 4236 818 4287 ut
831 4221 941 4297 lilios,
965 4225 1113 4307 superbos
1131 4226 1164 4286 dt
1190 4223 1391 4306 nequissimos
1412 4226 1558 4288 homines
1574 4227 1605 4287 iu
1628 4231 1712 4291 viam
1731 4228 1841 4293 salutis
1861 4230 1987 4295 coadioa

634 4311 795 4391 dirigere,
815 4312 1035 4373 coeuobiorurn
1057 4306 1291 4373 consolatorem
1314 4307 1347 4371 dt
1368 4327 1537 4391 pauperum
1550 4308 1620 4373 effe.

693 4427 811 4489 Barata.
830 4425 872 4488 ad
889 4447 961 4493 aaa.
976 4439 1046 4512 813.
1065 4449 1096 4493 a.
1111 4448 1160 4511 13.

662 4547 669 4558 '
693 4544 996 4704 Etuossgwlmaa
1011 4550 1045 4611 t'tt
1072 4547 1183 4612 tabulis
1214 4542 1508 4630 chronographiae,
1536 4541 1652 4607 Sucaelo
1675 4541 1729 4610 σᾶ.
1751 4542 1791 4606 ab
1812 4562 1897 4609 anan
1920 4563 1988 4632 700·

1771 4867 1777 4876 ¹
1849 4765 1914 4839 tx.
1939 4761 1994 4833 Pia
