5017 5592
656 581 747 695 ns
770 617 900 715 June
923 565 1191 698 cossium
1215 620 1587 712 intromittunt
1602 605 1824 714 tusculi
1924 651 2000 743 227
2043 581 2047 591 ¹

512 820 575 890 'ces
589 807 761 893 concessit,
780 808 871 906 quod
885 797 1024 881 ¹evidens
1037 807 1085 883 est
1105 834 1145 881 er
1169 812 1423 882 Exerrrrrielibes
1438 807 1599 886 Berrloldi
1622 818 1811 909 Mrgtnritti
1832 815 1925 891 leit.
1943 843 1996 896 re·

518 917 593 986 latis
613 924 715 1001 1487.
768 913 878 1004 Qiam
904 914 1046 979 maxime
1065 908 1247 1004 notandum
1264 906 1309 979 ell
1326 917 1360 978 in
1382 904 1528 981 formula
1549 911 1673 1004 ibidem
1696 909 1817 986 inserta
1831 924 1996 991 Maximi·

516 1021 634 1085 Itanum
657 1009 780 1077 nullam
799 1006 918 1075 indulti
938 1008 1141 1076 mentionem
1161 1001 1290 1084 facete,
1308 1003 1360 1076 sed
1379 1009 1490 1100 potius
1506 1010 1545 1078 ad
1564 1009 1618 1104 jus
1632 1036 1670 1081 ex
1691 1007 1995 1089 consuetudinede·

514 1112 624 1183 bitum
641 1100 908 1177 Antecessuribus
923 1102 988 1173 suis
1002 1099 1187 1200 prouocare
1196 1107 1229 1173 in
1245 1103 1354 1175 verbis
1371 1130 1379 1170 :
1405 1109 1490 1174 (lum
1504 1131 1613 1201 nuper
1627 1108 1737 1177 divina
1752 1108 1994 1205 dispensatione

513 1208 580 1293 „od
599 1205 711 1295 regale
726 1200 892 1271 sublimati
909 1196 1071 1293 sastigtam
1089 1201 1226 1291 Augulli
1242 1225 1363 1292 nomen
1379 1198 1597 1297 suscepimus,
1613 1204 1762 1284 debitum
1778 1205 1994 1293 arbitramur,
2069 1201 2073 1215 ⁸

514 1330 579 1389 „ut
596 1306 684 1372 inter
704 1302 765 1369 slis
784 1304 877 1389 regni
896 1301 1036 1369 Romani
1051 1298 1125 1393 jura
1141 1303 1244 1367 ecism
1267 1298 1447 1369 laudabiles
1465 1297 1725 1397 diutisbntasque
1741 1301 1996 1378 consuetudines

514 1401 608 1487 „stn'e
623 1400 867 1490 interruptione
890 1394 1121 1466 conservemus
1143 1394 1270 1479 illesas,
1286 1420 1350 1491 qua
1371 1395 1413 1466 de
1436 1421 1569 1468 recum
1592 1400 1688 1470 nobis
1714 1424 1778 1495 pto
1794 1400 1997 1495 predeceffo

515 1525 617 1583 „tum
636 1494 822 1565 nnllrotum
843 1490 987 1584 velligiis
1001 1494 1053 1585 jus
1070 1494 1106 1563 stt
1131 1495 1323 1563 nominandi
1340 1492 1403 1563 sive
1424 1494 1623 1567 decernendi
1645 1520 1762 1593 preces
1784 1498 1914 1589 regules
1929 1523 1994 1573 etc.

512 1596 684 1693 Equidem
700 1589 894 1663 Pontificem
910 1592 988 1659 dato
1002 1592 1040 1659 sd
1063 1589 1219 1662 Ecclestss
1240 1593 1456 1663 Germanicas
1473 1598 1572 1663 Brevi
1586 1592 1780 1664 concessioni
1803 1596 1880 1667 huic
1893 1594 1994 1668 oblli·
2035 1604 2038 1610 '

512 1694 587 1768 risse
612 1713 755 1788 apparet
772 1714 809 1760 eit
833 1690 897 1757 alio
921 1695 1019 1758 Brevi
1041 1698 1242 1759 Revrtaterto
1261 1694 1384 1784 prioris
1418 1696 1584 1759 Innocenrii
1605 1698 1702 1764 VIII.
1721 1691 1764 1761 de
1784 1717 1870 1763 anno
1891 1706 1997 1782 1489.

515 1816 618 1889 atque
637 1793 786 1859 Frederica
803 1792 870 1856 III.
893 1786 1000 1855 adhuc
1018 1788 1149 1855 vivente
1167 1787 1262 1865 doto,
1287 1786 1343 1856 ubi
1363 1781 1512 1856 Pontifex
1526 1789 1635 1882 inquit
1649 1816 1667 1856 a
1683 1810 1715 1859 te
1739 1796 1858 1880 quidem
1878 1813 1930 1883 per
1943 1795 1993 1861 tsi·
2038 1811 2041 1816 ⁴

511 1899 624 1977 verses
643 1895 748 1956 literas
762 1889 794 1953 in
814 1886 912 1967 {erma
928 1891 1041 1954 Brevis
1055 1886 1212 1952 inhibitum
1226 1886 1318 1974 fuiffe
1332 1909 1368 1953 ne
1386 1909 1484 1975 precer
1499 1891 1722 1956 maximiliani
1743 1891 1994 1970 admitterentur,
2053 1887 2058 1895 ’

512 1986 607 2083 quorl
624 1983 744 2056 deinde
767 2003 919 2062 revocat,
940 2003 1063 2076 eosque
1078 1980 1205 2049 admitti
1224 1985 1404 2074 praecipit:
1429 1981 1529 2075 idque
1552 1982 1662 2052 denuo
1685 2005 1772 2054 novo
1795 1989 1896 2054 Brevi
1914 2008 1994 2055 con·

512 2086 664 2157 firmarit
679 2104 764 2147 anno
786 2103 894 2164 ¹49⁷-
914 2078 1002 2172 quod
1021 2101 1107 2147 estat
1126 2084 1146 2146 t.
1160 2084 1211 2147 tit.
1232 2086 1277 2147 N.
1293 2081 1388 2151 XIII.
1430 2082 1550 2148 Denuo
1565 2080 1672 2150 adbuc
1687 2082 1817 2150 vivente
1841 2085 1992 2153 Friderice
2049 2111 2054 2128 ·

512 2183 548 2256 id
565 2203 736 2252 exaratum
752 2172 834 2251 suit,
861 2177 987 2270 quippe
1003 2178 1059 2269 qui
1083 2174 1122 2243 sd
1144 2188 1198 2257 ¹8·
1218 2186 1307 2267 Aug.
1330 2201 1432 2265 ¹493·
1455 2178 1556 2244 vitant
1574 2183 1753 2272 protraxit,
1777 2201 1886 2273 neque
1905 2201 1992 2249 annu

517 2270 960 2370 1492.utiitAurlorjam
984 2296 1135 2341 mortuus
1153 2266 1227 2342 fuit.
1277 2269 1414 2342 Acceffit
1437 2271 1571 2342 demum
1590 2298 1676 2344 anno
1700 2297 1804 2365 1497.
1830 2280 2016 2370 Itultrltttttt,

510 2381 671 2478 priorum
688 2370 942 2444 declarantium
960 2370 1051 2469 quod
1076 2371 1337 2442 exhibererent.
1353 2377 1401 2443 N.
1416 2370 1488 2442 XX
1485 2373 1533 2444 11.

632 2564 685 2637 ad
701 2563 849 2660 ejusdem
866 2567 952 2658 Cap,
972 2571 1001 2651 ς.
1019 2562 1149 2632 ΧΧἮΙ
1185 2567 1216 2632 Α
1239 2561 1391 2650 Furcifer
1411 2568 1436 2634 t.
1458 2562 1584 2635 nuilsm
1601 2562 1700 2660 plane
1715 2568 1920 2637 mentionem
1934 2568 1990 2637 In·

509 2668 598 2741 dulti
617 2658 737 2734 fabiam
752 2658 866 2742 fuisse,
887 2659 941 2730 sed
956 2665 1157 2730 inveteratae
1171 2656 1277 2730 solum
1298 2658 1560 2741 consuetudinis,
1583 2668 1631 2733 uti
1646 2665 1755 2734 innuit
1770 2661 1917 2743 Auilor,
1933 2686 1990 2757 pa·

509 2791 561 2841 ret
574 2786 663 2834 nunc
677 2759 812 2831 uberius
828 2782 867 2829 ex
879 2753 1023 2827 formula
1037 2757 1187 2851 ejusdem
1204 2760 1424 2852 lmperttoris
1438 2754 1592 2853 impressa
1606 2763 1629 2829 I.
1645 2765 1698 2830 cir.
1716 2767 1763 2831 N.
1773 2766 1864 2835 LVI.
1882 2765 1989 2832 immo

505 2887 595 2939 vero
610 2862 644 2929 in
659 2858 764 2929 literis
779 2857 820 2926 ad
837 2854 1035 2948 Archi-Ep.
1051 2859 1147 2947 Mog.
1167 2853 1293 2925 ibidem
1314 2861 1363 2928 Ni
1377 2861 1478 2929 LVII
1506 2856 1614 2950 inquit
1630 2853 1720 2927 idem
1740 2859 1827 2952 ltnp.
1844 2854 1989 2930 relatum

511 2960 593 3049 „sibi
612 2951 708 3028 fuisse
727 2981 746 3025 a
763 2955 898 3025 Nuntio
917 2948 1104 3023 Coloniensi
1120 2955 1152 3022 in
1167 2952 1274 3023 literis
1289 2948 1354 3022 suis
1371 2950 1411 3021 ad
1430 2951 1584 3049 capitula
1599 2953 1802 3027 Germaniae
1817 2955 1906 3024 inter
1920 2952 1985 3027 alis

512 3054 694 3150 „assertum
709 3048 821 3133 fuisse,
842 3048 933 3147 quod
947 3049 1057 3120 eidem
1072 3074 1134 3146 per
1150 3053 1324 3119 Summum
1342 3047 1535 3122 Pontificem
1551 3055 1667 3121 Preces
1684 3048 1725 3120 stc
1740 3048 1849 3121 dillae
1862 3054 1990 3146 prims·

511 3159 606 3247 „tiae
623 3151 759 3222 collatae
776 3145 919 3223 suerint,
938 3150 993 3241 jus
1015 3170 1124 3216 autern
1140 3144 1223 3216 illud
1242 3171 1303 3241 per
1325 3148 1494 3242 antiquam
1515 3149 1763 3242 Imperatorum
1781 3149 1987 3244 proerogati-

519 3279 612 3340 „vam
631 3272 692 3344 per
708 3245 795 3341 ipsos
812 3250 843 3314 in
862 3249 1010 3339 Imperio
1028 3241 1289 3338 praedecessores
1305 3241 1505 3335 absquenlia
1522 3240 1723 3315 concessione
1738 3246 1778 3315 ad
1793 3243 1825 3316 se
1840 3245 1988 3316 delatum

515 3346 655 3435 „fuilIe3
682 3348 852 3417 Nuntium
874 3346 1027 3433 ignorare
1050 3365 1110 3409 nee
1130 3337 1218 3436 polle
1243 3366 1301 3410 nec
1325 3341 1465 3422 debete,
1487 3366 1550 3436 qus
1571 3344 1698 3412 ratione
1724 3366 1872 3413 mentem
1892 3341 1984 3413 suam

516 3472 613 3538 „erga
640 3449 813 3515 Summum
838 3437 1028 3509 Pontificem
1050 3435 1191 3531 desuper
1211 3435 1422 3533 expresserit,
1444 3462 1544 3534 quein
1570 3442 1688 3532 utique
1706 3463 1769 3532 pro
1791 3436 1846 3509 sus
1862 3440 1895 3508 in
1915 3437 1985 3508 ser·

516 3547 627 3617 vindis
646 3541 752 3637 posits
768 3539 929 3628 religione
946 3561 963 3604 t
980 3536 1035 3606 tali
1056 3531 1172 3606 asserto
1188 3536 1286 3627 longe
1304 3535 1448 3605 alienum
1464 3531 1526 3605 else
1552 3533 1681 3627 speret;
1698 3534 1769 3603 vult
1790 3533 1926 3612 deinde,
1946 3554 1985 3605 ut

516 3644 573 3714 hae
591 3644 738 3709 literaea
762 3635 923 3728 Capitulis
943 3657 1007 3701 non
1030 3631 1264 3722 agnoscantur,
1288 3656 1346 3700 nec
1367 3628 1558 3725 responsum
1579 3631 1704 3699 eisdem
1727 3630 1836 3699 detur.
1886 3625 1983 3725 Jose·

491 3822 496 3826 .
518 3748 597 3833 plion
622 3741 669 3806 II.
689 3758 823 3827 quoque
839 3735 871 3799 in
893 3728 956 3798 suis
977 3725 1130 3797 formulis
1148 3729 1258 3798 denuo
1280 3729 1404 3796 nullam
1424 3728 1544 3796 ludulti
1565 3732 1768 3797 mentionem
1784 3721 1909 3805 secisse,
1924 3749 1981 3820 ps·

520 3861 559 3907 tet
580 3862 618 3902 ex
641 3856 702 3902 ea,
733 3854 817 3923 quac
843 3828 916 3895 loco
947 3822 1075 3917 saepius
1092 3829 1191 3894 citato
1224 3830 1269 3894 N.
1295 3829 1381 3893 LlX.
1410 3821 1562 3894 offertur.
1613 3829 1775 3895 Morsu
1805 3825 1838 3892 in
1861 3817 1981 3894 Tanti.

519 3935 604 4015 von
625 3936 695 4002 cru
718 3921 975 4020 Ziopsetlt'ditn
998 3918 1384 4021 diruitrnttgstcclitnt
1400 3930 1476 3999 uno
1493 3917 1678 4018 Dflt'tbtrtt
1698 3946 1731 4016 p.
1750 3925 1831 4007 486.
1849 3922 1894 3988 ait
1909 3942 1982 3988 nar·

520 4047 619 4102 ratum
635 4025 691 4095 libi
708 4028 857 4091 Viennae
872 4047 889 4090 t
906 4024 1039 4091 Nuntio
1053 4022 1199 4105 liullam,
1223 4022 1256 4089 in
1273 4045 1338 4115 quo
1353 4015 1490 4090 facultas
1508 4023 1740 4112 primitiarum
1756 4040 1983 4113 precumcon·

518 4130 735 4200 redenlstum
757 4122 983 4199 contineatur,
1008 4121 1155 4211 porrigi,
1174 4142 1315 4213 eamque
1331 4119 1459 4187 admitti
1474 4115 1527 4185 sed
1547 4141 1612 4184 non
1636 4112 1812 4184 reseratam
1835 4115 1876 4183 ad
1892 4110 1977 4184 Aria

517 4228 648 4321 reponi:
668 4218 756 4286 idem
783 4241 824 4285 ue
842 4213 898 4286 sub
914 4216 1040 4311 josepho
1052 4220 1097 4283 II.
1112 4218 1156 4283 ita
1172 4210 1340 4306 contigisse
1350 4212 1487 4282 insinuat
1501 4212 1541 4288 itt
1553 4217 1636 4288 bem
1650 4211 1816 4304 struesltlt
1824 4205 1980 4301 &estber

518 4241 872 4405 Stsotsbcnobud).
899 4337 927 4387 t.
943 4310 1063 4399 Clitis.
1090 4337 1123 4389 2.
1140 4308 1263 4398 Burs).
1282 4338 1315 4381 2.
1332 4321 1403 4399 Cap·
1420 4322 1450 4386 b.
1470 4334 1500 4393 3.
1524 4306 1577 4377 sed
1593 4311 1649 4403 qui
1669 4333 1728 4395 per
1749 4310 1885 4379 modum
1900 4330 1977 4376 cen·

514 4420 603 4493 surae
630 4418 706 4485 hinc
724 4414 799 4479 inde
816 4415 914 4479 citato
927 4406 1102 4479 Troblatui
1119 4407 1215 4502 plura
1231 4408 1427 4499 interposuit
1440 4401 1592 4476 assertum
1607 4402 1691 4478 istud
1713 4428 1868 4507 tunquam
1885 4415 1930 4476 ita
1942 4398 1976 4476 se

511 4520 633 4594 babens
649 4535 716 4582 non
731 4508 801 4581 vult
824 4505 1019 4601 agnoscere,
1043 4509 1147 4576 immo
1164 4508 1301 4574 omnino
1315 4504 1428 4600 potius
1442 4501 1560 4599 rejicit.

1240 4688 1343 4768 Ffs
1880 4692 1978 4776 ,Ar
2057 4765 2061 4771 .
