5017 5592
503 621 575 711 696
954 555 1557 687 utssau'rarto·
1671 583 1676 592 '

503 792 676 891 lpiendida
693 788 792 863 verba
809 790 841 862 d·
857 775 1092 863 abbrafliones
1111 787 1166 862 seu
1184 787 1405 864 formalitatea
1419 789 1678 888 metaphysieaa,
1702 813 1791 887 quaa
1811 783 1986 885 sompnii·

503 899 571 966 tica
584 887 685 964 evelle
699 890 835 985 jubent,
863 914 898 962 ae
919 898 1017 961 toties
1038 887 1235 961 scholasticis
1250 891 1454 989 exprobrant
1469 888 1692 962 Adversarii?

622 1048 702 1116 Vll.
729 1046 886 1140 Princeps
901 1044 978 1140 jure
1001 1044 1177 1140 majestatis
1195 1043 1294 1116 habet
1311 1044 1498 1114 dominium
1515 1045 1663 1115 eminens
1680 1042 1715 1111 in
1738 1036 1871 1112 fundos
1889 1033 1987 1109 subdi·

411 1137 424 1146 ’
505 1165 637 1226 ιοιιιιιι,
662 1165 744 1234 ergo
758 1141 840 1235 justa
856 1142 1000 1214 excausa
1016 1143 1196 1240 prohibere
1214 1139 1338 1238 potest,
1365 1167 1406 1211 nc
1422 1142 1462 1210 ad
1486 1166 1638 1235 corpora,
1649 1139 1870 1236 privilegiata
1886 1135 1986 1206 devol·

379 1325 398 1344 ι
436 1277 442 1294 ⁶
505 1267 642 1314 vantur,
691 1265 728 1322 to.
748 1239 832 1312 Dtsi.
848 1266 963 1334 consq.
986 1246 1018 1311 Si
1032 1240 1119 1336 julio
1135 1247 1234 1312 etiam
1257 1239 1359 1309 modo
1382 1232 1415 1308 i‘d
1439 1237 1570 1333 prestet
1597 1243 1637 1310 C.
1690 1242 1723 1308 Si
1742 1237 1926 1328 illegitime
1944 1236 1985 1302 N.

505 1339 603 1411 Adde
621 1337 724 1408 solum
743 1335 932 1408 consensum
950 1338 1116 1410 Poutistcis
1132 1338 1175 1410 oh
1192 1338 1366 1434 privtlcgta
1384 1335 1621 1419 Eccleharum,
1643 1362 1717 1432 quae
1732 1332 1839 1405 semei
1851 1326 1988 1402 concessa

506 1461 573 1505 nau
597 1433 726 1504 subdito
749 1435 902 1526 abrogati
926 1463 1106 1533 nequeunt.
1167 1440 1230 1507 Sed
1259 1439 1380 1505 merito
1402 1434 1625 1505 desideramus
1646 1441 1679 1504 in
1704 1427 1986 1518 Adversariatum

506 1536 684 1629 principiis
708 1560 845 1612 nerum,
870 1561 969 1628 quem
1002 1562 1135 1615 vocant,
1163 1531 1439 1629 lvllemaucum.--
1469 1533 1574 1611 Vide,
1601 1557 1669 1624 quo
1691 1527 1811 1601 sensvm
1837 1553 1902 1599 noa
1919 1551 1987 1622 pro·

507 1631 630 1700 vehant
646 1633 845 1724 hypotheses
862 1633 944 1712 ille,
973 1633 1094 1702 Leiior
1111 1634 1270 1704 Etudue!
1299 1635 1428 1701 Pariter
1442 1633 1530 1700 euim
1543 1630 1669 1722 dicam:
1688 1630 1897 1699 Dominium
1911 1623 1986 1695 illud

508 1728 612 1797 altum
637 1735 719 1797 adeo
739 1734 859 1798 tenacis
881 1728 924 1800 etl
951 1730 1070 1798 indolis
1095 1756 1220 1827 perque
1238 1755 1353 1800 omncs
1378 1723 1471 1798 sandi
1496 1725 1608 1819 glebas
1630 1729 1676 1797 ita
1699 1725 1731 1797 se
1749 1722 1931 1804 diffundit,
1954 1745 1986 1792 ιιι

506 1824 598 1919 jutta
621 1824 835 1895 Adversarius
866 1828 1044 1922 plerosque
1062 1828 1146 1898 bona
1167 1828 1291 1899 stabilia
1314 1853 1379 1897 non
1397 1823 1560 1897 transeant
1576 1825 1616 1894 ad
1636 1823 1814 1900 Ecclesiae,
1840 1819 1985 1892 uilicum

511 1923 575 1992 hoc
597 1929 718 2004 onerc3
743 1926 815 1993 lere
835 1926 874 1991 ad
897 1951 973 1994 eum
996 1929 1152 2007 modum,
1180 1952 1248 2023 quo
1272 1950 1324 1996 res
1347 1923 1504 2020 quelibet
1526 1920 1639 1994 transit
1660 1923 1740 1994 e'um
1761 1945 1871 1992 onere
1889 1920 1985 2014 hypo·

402 2095 408 2104 ,
509 2019 632 2100 thece,
652 2019 784 2100 census,
812 2017 902 2091 seudi
922 2024 974 2093 &a
1003 2050 1085 2114 ergo
1101 2021 1353 2119 Princepsjosta
1371 2022 1414 2094 de
1431 2018 1524 2091 causa
1538 2025 1638 2091 etiam
1658 2019 1835 2114 bonejam
1858 2039 1931 2088 ante
1946 2015 1984 2086 le·

510 2141 586 2210 gem
605 2123 865 2194 atnortizationia
883 2146 976 2214 parta
994 2121 1100 2216 potest
1119 2126 1251 2219 eripere
1272 2117 1433 2191 Ecclebis.
1484 2121 1682 2189 Domiuium
1699 2119 1809 2188 altum
1832 2117 1934 2187 etiam
1954 2112 1984 2183 ia

411 2209 431 2218 ”
507 2213 667 2312 personas
680 2215 894 2288 subditorum
918 2224 1017 2296 certis
1041 2218 1164 2290 casabus
1188 2218 1219 2291 se
1236 2220 1399 2290 extendit:
1427 2219 1539 2311 itaque
1561 2220 1719 2311 Princeps
1736 2211 1826 2310 jussa
1843 2215 1887 2284 de
1902 2205 1985 2283 eausa

511 2315 594 2384 VG.
610 2339 649 2381 ue
668 2313 769 2384 debnr
785 2342 841 2409 qut
856 2313 957 2386 casira
974 2315 1151 2413 sequantur
1166 2319 1230 2388 &u
1250 2341 1360 2387 vetare
1373 2319 1516 2409 poterit,
1537 2339 1577 2383 ne
1594 2317 1669 2410 quis
1688 2307 1983 2404 ingrediaturteii·

510 2413 662 2498 gionem:
689 2436 787 2507 atque
810 2413 892 2484 adeo
911 2414 993 2508 josia
1016 2417 1057 2487 de
1083 2414 1177 2485 causa
1200 2417 1374 2485 extrahere
1395 2437 1415 2483 e
1438 2408 1586 2482 claustris
1611 2413 1643 2482 dt
1667 2412 1831 2482 addicere
1852 2408 1981 2480 militie.

511 2510 619 2577 Porro
640 2530 752 2579 utrum
768 2512 851 2602 justa
875 2512 911 2581 bt
932 2516 1039 2598 trttfir,
1065 2516 1186 2582 iterum
1212 2512 1310 2582 solius
1330 2512 1494 2604 Principis
1514 2506 1560 2579 est
1580 2506 1803 2600 cognoscere;
1830 2504 1984 2605 quidJam

427 2675 429 2684 ,
511 2607 577 2676 erit
598 2603 725 2699 uspiam
742 2611 792 2678 vel
809 2614 842 2678 in
860 2607 1008 2682 Ecclefiis
1025 2611 1076 2680 vel
1095 2615 1127 2680 iu
1150 2607 1376 2681 Ecclebabicia
1393 2630 1585 2701 exemptum
1603 2603 1880 2701 ajurisdifflone
1897 2602 1984 2674 secu·

483 2701 599 2773 lan?
622 2708 698 2775 Hoc
713 2729 946 2798 argumentum
971 2713 1003 2778 in
1022 2705 1204 2805 Sysiemate
1226 2713 1268 2777 D.
1288 2707 1414 2779 Glctrle
1436 2729 1502 2774 uon
1525 2699 1622 2774 facile
1645 2699 1807 2784 solvitur,
1835 2693 1985 2795 licetipse

512 2825 670 2895 reponat:
696 2803 884 2876 Discrimen
902 2803 964 2876 else
981 2810 1012 2875 in
1030 2805 1098 2902 ipsa
1113 2810 1162 2875 tei
1179 2805 1301 2878 indole.
1352 2804 1609 2874 irreverentiam
1624 2797 1718 2882 sore,
1747 2799 1771 2872 fi
1793 2803 1891 2872 Laiei
1912 2796 1985 2894 judi·

513 2922 589 2969 cent
605 2900 645 2970 de
662 2902 870 2971 Clericorum
887 2902 1054 2997 personis,
1081 2930 1146 2972 uon
1165 2927 1294 2983 autem,
1320 2899 1398 2972 stdc
1420 2924 1537 2971 eorum
1558 2898 1669 2973 rebua.
1718 2902 1817 2969 Hinc
1842 2893 1984 2968 immuni·

514 3018 615 3065 tatem
630 3001 811 3084 personalem
828 3002 1040 3071 Clerieorum
1059 3002 1209 3070 concedit
1226 2998 1288 3069 else
1301 3001 1386 3093 juris
1402 3001 1522 3079 divini3
1546 3023 1612 3067 uon
1628 3001 1752 3068 realem.
1808 2996 1877 3067 Sed
1892 2991 1984 3065 sicle·

513 3095 603 3162 ricus
628 3097 750 3162 intuitu
778 3093 943 3165 bonorum
967 3102 1040 3192 rapi
1064 3095 1170 3191 potest
1193 3098 1231 3166 ad
1258 3099 1411 3193 Judicem
1437 3095 1649 3176 secularem,
1682 3096 1797 3165 vexari
1821 3096 1984 3170 citatione,

514 3186 662 3268 asiione,
689 3197 900 3272 executione,
927 3195 1008 3287 quid
1034 3193 1132 3264 rebat
1154 3193 1211 3264 nib
1241 3221 1294 3277 ut,
1328 3219 1394 3287 quo
1420 3190 1551 3264 fruatur
1572 3196 1785 3262 immunitate
1807 3188 1982 3285 personali,

515 3286 644 3357 abdicet
660 3286 690 3358 se
714 3291 753 3357 iis
770 3290 924 3361 omnibus
941 3293 1057 3376 rebus,
1085 3291 1149 3362 stuc
1165 3292 1286 3387 quibus
1308 3297 1374 3363 vita
1398 3293 1466 3361 haec
1487 3289 1671 3361 miserrime
1696 3291 1873 3360 trahitur?
1896 3291 1935 3358 Et
1951 3281 1985 3355 bc

514 3384 660 3481 denique
673 3412 748 3457 cum
765 3392 919 3478 Diogene
934 3393 966 3459 in
980 3391 1081 3461 domo
1095 3388 1237 3462 versatili
1255 3392 1295 3460 dc
1311 3413 1452 3483 utraque
1472 3386 1605 3461 fortuna
1617 3385 1858 3481 triumphabit.
1883 3390 1985 3456 Fater*

514 3482 595 3552 dom
613 3482 676 3564 est,
697 3482 719 3554 st
736 3484 891 3579 usquam,
918 3489 972 3559 hic
989 3492 1162 3559 marimea
1181 3486 1363 3560 Canonilb's
1380 3485 1530 3559 diffidere
1545 3486 1812 3558 DD.Politicos:
1838 3484 1895 3556 lili
1908 3485 1984 3553 euim

513 3577 601 3650 baua
627 3579 842 3652 Ecclestarum
864 3589 1011 3658 eximunt
1041 3583 1445 3682 ajudiciis‘saeculartbus
1475 3583 1517 3655 ob
1545 3585 1804 3678 prerogativam
1830 3583 1985 3674 personae,

512 3676 606 3770 cujus
623 3676 695 3749 sunt
711 3678 902 3761 accessoria;
930 3686 964 3753 hi
980 3683 1064 3779 ipsas
1082 3682 1236 3781 personas
1254 3681 1488 3754 Ecclesiasticus
1505 3679 1711 3752 substernunt
1727 3677 1888 3777 potestati
1906 3676 1983 3778 palie

514 3778 585 3844 tica
602 3775 645 3846 ob
664 3778 810 3848 indolem
828 3781 1011 3863 bonorum,
1038 3783 1182 3878 eoquod
1201 3783 1270 3851 hec
1292 3779 1349 3852 suu
1365 3780 1574 3879 temporalia.

629 3930 728 3998 Vlll.
756 3929 907 4024 Qtilihet
922 3930 972 4001 vel
986 3930 1134 4025 privatus
1151 3927 1260 4023 potest
1274 3929 1457 4018 prohibere
1473 3954 1536 4027 per
1556 3925 1806 4024 dispositionem
1827 3926 1985 4002 fideicom‘

512 4020 708 4100 missorium.
727 4050 768 4096 ue
788 4027 872 4099 bona
886 4028 1071 4098 alienentur
1084 4052 1174 4098 extra
1191 4024 1372 4110 familiam,
1385 4032 1484 4099 etiam
1501 4032 1534 4098 in
1552 4024 1726 4112 Ecclefim
1745 4053 1807 4099 cur
1820 4054 1890 4100 non
1906 4030 1985 4100 Pria·

513 4145 612 4216 ceps,
638 4120 695 4192 nili
717 4149 792 4197 cum
815 4125 1021 4198 miseriorem
1044 4120 1202 4196 faciamus
1225 4122 1302 4221 ipsis
1323 4128 1490 4219 privatis?
1516 4126 1635 4196 Plusne
1652 4125 1738 4197 vaiet
1759 4125 1983 4198 testamentum

511 4221 653 4315 privati,
676 4246 775 4316 quam
791 4225 841 4295 lex
859 4226 1048 4319 Principis?
1072 4225 1202 4293 Mirum
1220 4227 1252 4292 in
1272 4225 1408 4295 modum
1424 4224 1478 4293 hic
1491 4224 1674 4318 triumphat
1688 4228 1733 4296 D.
1747 4225 1899 4306 Glcttle,
1918 4216 1983 4293 acsi

512 4315 602 4384 clava
626 4322 785 4390 Herculis
809 4327 938 4394 Patrem
960 4321 1126 4391 Cardenus
1154 4319 1344 4393 obtrivisset.
1398 4319 1461 4392 Sed
1484 4318 1563 4402 mh
1585 4344 1823 4413 argumentum
1848 4323 1983 4415 penitius

513 4418 674 4493 excutias,
703 4420 787 4487 nihii
811 4417 874 4501 est,
909 4419 999 4513 quod
1020 4420 1187 4488 terrearis.
1240 4424 1355 4489 Pectat
1378 4420 1410 4487 in
1434 4417 1632 4488 methodum
1654 4416 1912 4514 syllogisticam,
1935 4418 1983 4513 qui

511 4514 622 4598 arguit
637 4538 652 4580 a
670 4537 763 4606 parte
779 4518 818 4585 ad
835 4540 955 4587 totoni.
1008 4514 1203 4611 Respublica
1216 4514 1341 4586 vallum
1358 4513 1403 4584 esi
1420 4541 1560 4610 corpus,
1588 4519 1620 4585 in
1636 4541 1723 4612 quo,
1748 4514 1772 4587 st
1787 4541 1881 4589 certa
1896 4515 1984 4614 patri·

511 4608 674 4708 calatium
691 4608 909 4705 personarum
926 4611 1012 4689 baua
1029 4611 1177 4690 inneiias
1196 4615 1331 4717 viuculo
1353 4609 1611 4700 fideicommissa,
1636 4613 1844 4710 majoratus,
1867 4618 1984 4726 Prina-

1905 4733 1986 4811 gear·
