5017 5592
609 639 679 716 192
1044 615 1627 700 DIssaRTATto

606 823 795 901 penumero
817 802 850 876 in
873 802 1022 900 precislia
1044 802 1220 901 qualitates
1243 803 1333 898 jutta
1359 802 1477 875 statura
1504 800 1723 876 Ecclesiarum
1754 801 1890 876 idoneas
1918 801 2081 878 desidera·

539 968 557 984 ,
606 925 687 973 tunt
701 901 733 990 t)
759 929 827 1000 quo
848 904 977 975 abunde
998 901 1141 999 satisque
1163 902 1374 975 manifestum
1397 903 1568 983 redditur,
1595 898 1685 996 ipsos
1708 900 1884 973 Pontifices
1906 900 2086 974 observan-

608 1002 662 1074 tiae
682 996 876 1076 statutorum
891 999 1088 1092 invigilasse,
1109 1002 1263 1096 adprime
1283 1003 1374 1074 enim
1394 1022 1571 1110 noverant,
1594 1003 1795 1071 inveterator
1818 1024 1929 1114 morea
1949 998 2088 1112 slatuta·

607 1095 1899 1293 2sistislli‘lllss&bibliisJ¹sit¹sst⁵alssizsiisssz
1911 1123 2086 1269 illisi:

608 1289 690 1363 cleri
707 1294 882 1373 invehant,
904 1319 959 1365 aut
973 1293 1153 1391 disciplina
1170 1293 1390 1370 ecclesiasticae
1410 1319 1548 1366 nervum
1566 1298 1784 1391 vigoremque
1799 1295 1954 1365 incidant.
1998 1299 2084 1365 Non

606 1389 746 1482 quidem
767 1392 887 1480 ignoro
904 1389 1080 1465 Pontifices
1102 1392 1297 1474 nonnullos,
1324 1389 1507 1490 prasertim
1526 1417 1543 1462 a
1566 1416 1719 1488 tempore
1748 1391 1930 1462 Clementis
1947 1395 2026 1462 Vll.
2046 1392 2086 1462 il·

606 1484 650 1556 lia
667 1486 853 1579 derogasse,
873 1488 927 1561 sed
943 1515 1043 1584 quem
1059 1490 1222 1584 ejusmodi
1240 1491 1474 1582 derogationes
1491 1487 1649 1562 effebium
1668 1488 1790 1560 sortitae
1805 1486 1883 1572 sint,
1898 1514 1992 1583 aeque
2006 1514 2086 1559 con·

608 1578 689 1666 stat,
712 1585 867 1658 videlicet
894 1589 1041 1659 nullum:
1067 1592 1136 1658 imo
1157 1594 1318 1660 intererat
1344 1590 1377 1658 dt
1401 1593 1616 1683 imperatoria
1641 1589 1673 1658 o
1697 1588 1839 1658 nationis
1859 1589 2083 1670 Germanicae,

608 1704 648 1776 qt
666 1707 707 1752 ne
722 1680 842 1755 talibus
866 1683 1048 1777 derogandi
1068 1682 1224 1757 formulis
1244 1684 1462 1758 Ecclefiarum
1480 1685 1757 1759 Germanicarum
1773 1682 1911 1779 syllema
1928 1707 2085 1756 concute·

609 1802 721 1861 retur,
741 1803 776 1852 ac
797 1779 989 1877 pessumiret
1006 1809 1072 1856 non
1095 1782 1161 1857 fine
1182 1782 1301 1878 majori
1324 1783 1546 1856 turbatum&
1575 1808 1595 1854 o
1623 1779 1823 1878 positionum
1844 1776 2001 1860 fremitu,
2022 1785 2085 1876 qui

609 1876 645 1948 in
667 1875 828 1963 Ecclesia,
851 1904 969 1976 utpote
989 1884 1111 1977 quietia
1135 1907 1171 1954 ac
1194 1884 1442 1978 tranquillitatis
1464 1880 1567 1953 beatae
1586 1809 1673 1962 liiau,
1696 1880 1793 1975 plane
1814 1880 1947 1951 exulare
1972 1877 2085 1958 debet.

609 1975 696 2048 Hac
716 1974 1037 2145 consequunturaiia
1055 1979 1128 2075 pari
1150 1980 1331 2076 prudentia
1349 2005 1386 2052 ae
1408 1976 1546 2090 discreta
1572 1973 1869 2072 circumspeliionc
1896 1976 2086 2091 pondecan·

610 2069 694 2239 iii,
710 2072 2087 2270 ill,52¹3,isaias‘bi'lgsb‘stssssslissinislsflbsit

610 2259 700 2348 sliri,
723 2271 895 2352 Cantoria,
917 2275 1062 2357 Decani,
1087 2270 1273 2369 Prapostti,
1291 2274 1323 2344 dt
1338 2271 1401 2344 alia
1415 2267 1524 2343 officia
1538 2273 1574 2342 in
1593 2267 1741 2342 Ecclesia
1759 2267 2014 2378 Catbcdralibus
2030 2265 2086 2340 vel

610 2362 794 2455 collegiatis
812 2366 888 2462 jure
902 2391 1040 2466 precum
1059 2370 1284 2444 admittendus
1301 2367 1363 2452 esi,
1390 2394 1465 2441 cum
1482 2364 1599 2440 statuta
1620 2366 1653 2439 dt
1677 2365 1929 2438 consuetudines
1946 2392 1999 2436 vn
2016 2389 2086 2437 von

489 2477 496 2484 ’·
611 2467 763 2533 omnium
779 2464 996 2538 Ecclefiatum
1012 2469 1201 2542 Germaniae
1216 2469 1249 2538 id
1264 2463 1409 2564 expresse
1430 2468 1590 2546 condant,
1609 2489 1645 2535 ut
1660 2463 1786 2535 nonnisi
1808 2488 1870 2560 pet
1885 2459 2086 2535 eleslionem

611 2555 647 2629 dt
662 2583 738 2630 vota
757 2560 883 2657 majora
905 2564 1041 2659 capituli
1058 2567 1100 2636 ad
1120 2589 1174 2638 ear
1196 2567 1389 2662 pertingere
1404 2566 1477 2660 quis
1494 2560 1590 2658 possit
1614 2587 1650 2660 ac
1666 2559 1792 2635 debeat.
1844 2565 1958 2658 Quare
1974 2560 2089 2634 Eccle-

532 2669 536 2681 '
609 2649 664 2728 siae
679 2658 869 2734 Germaniae
891 2660 1071 2735 Catholice
1092 2661 1305 2754 summopere
1326 2683 1527 2734 venerantur
1548 2654 1725 2754 aquislima
1746 2659 1859 2759 Carpli
1874 2665 1934 2730 Vs.
1959 2658 2088 2748 glorio·

610 2746 727 2825 fiffime
746 2762 916 2833 memorie
932 2762 1150 2855 Imperatoria
1165 2758 1324 2852 rescripta
1338 2759 1378 2829 ad
1393 2752 1549 2827 Ecclesiae
1570 2755 1880 2848 wirceburgensis,
1902 2753 2087 2827 Cathedta·

609 2845 729 2923 lem&
752 2853 960 2949 collegiatam
984 2861 1077 2930 Novi
1102 2855 1291 2930 monasterii
1314 2855 1406 2937 data,
1425 2853 1546 2950 quibua
1568 2855 1755 2925 nullatenus
1777 2879 1892 2925 earum
1913 2851 2028 2924 slatuta
2049 2851 2087 2925 dt

611 2943 865 3024 consuetudines
882 2949 1066 3046 infringere
1083 2953 1115 3027 se
1130 2954 1213 3027 velle
1233 2951 1430 3026 contestatus
1446 2949 1511 3033 eli,
1533 2949 1737 3046 &precislaa
1763 2949 1873 3031 simul,
1895 2950 1974 3020 dunt
1995 2949 2086 3023 ultra

611 3064 670 3116 eos
690 3045 814 3118 limites
836 3052 894 3145 qui
919 3050 1105 3133 tentabant,
1129 3053 1169 3123 ad
1194 3047 1437 3123 observantiam
1458 3045 1655 3122 statutorum
1677 3045 1812 3122 remisit.
1832 3051 1852 3057 “
1871 3052 1949 3119 Hoc
1969 3069 2088 3142 quem·

611 3140 793 3215 admodum
807 3144 883 3240 jure
903 3144 1057 3220 assertum
1076 3152 1138 3232 ivi,
1162 3152 1205 3220 ita
1226 3151 1371 3220 rationes
1394 3170 1464 3219 tum
1487 3147 1659 3242 politicas,
1683 3171 1753 3218 tum
1775 3143 1954 3241 disciplina
1974 3141 2087 3222 Eccle-

610 3231 742 3310 siasticae
763 3238 927 3316 servandae
952 3270 1220 3343 peropportunaa
1235 3247 1324 3318 idem
1341 3244 1478 3318 suadere
1493 3241 1652 3316 erisiimo.
1704 3247 1845 3317 Salutati
1866 3243 2087 3338 quippe'con·

611 3329 684 3405 silio
697 3333 743 3408 esi
769 3338 1016 3426 introduslum,
1035 3367 1072 3415 ut
1094 3346 1127 3414 in
1156 3345 1309 3438 capitulis
1329 3344 1506 3435 dignitates
1520 3345 1572 3413 via
1592 3340 1764 3414 elesiionis
1787 3336 2021 3419 conserantur,
2042 3363 2086 3412 ex

611 3431 654 3502 iia
675 3434 763 3506 enim
781 3436 833 3507 ves
855 3436 938 3513 bene
954 3441 1005 3516 vel
1025 3441 1112 3513 male
1135 3439 1386 3523 adminisitatia,
1411 3438 1547 3531 infignia
1567 3440 1743 3511 commoda
1766 3438 1816 3510 vel
1840 3438 2007 3511 domnam
2023 3439 2087 3516 Ec·

611 3526 723 3602 clesiar
742 3533 947 3619 redundant,
974 3541 1050 3611 hinc
1064 3539 1145 3610 olim
1166 3542 1306 3632 puriore
1319 3541 1452 3629 vigente
1471 3534 1551 3608 disci
1579 3536 1662 3618 lina,
1683 3539 1742 3633 qui
1764 3537 1933 3618 utiliores,
1955 3531 2087 3610 dotiio·

612 3651 667 3699 res
685 3628 717 3699 dt
733 3634 838 3723 magia
854 3633 952 3730 probi
972 3634 1135 3718 visisunt,
1157 3634 1198 3706 ab
1218 3634 1295 3732 ipfia
1320 3633 1492 3733 Episcopis
1512 3563 1744 3730 veiCapitulia
1762 3633 1802 3706 ad
1828 3659 1881 3708 era
1905 3634 2086 3726 dignitatea

612 3724 710 3797 elesii
726 3727 816 3810 sunt,
838 3729 905 3803 elio
918 3737 1008 3828 quod
1026 3731 1159 3805 sinislris
1174 3735 1374 3829 quandoque
1390 3728 1611 3830 respeliibus,
1635 3731 1817 3826 praesertim
1839 3728 1984 3826 sequiori
1998 3755 2084 3813 evo,

613 3819 670 3892 ubi
689 3849 754 3895 non
771 3852 847 3896 tarn
865 3830 989 3924 pietas,
1014 3828 1233 3927 doslrinaque
1249 3828 1385 3925 insuper
1406 3829 1522 3900 haberi
1543 3831 1659 3923 coepit,
1681 3830 1751 3906 baec
1773 3831 1912 3900 intentio
1931 3823 2085 3900 salutaria

614 3917 790 4016 deturpata
813 3920 941 4008 fiterit,
964 3949 1020 3995 aut
1044 3925 1226 3998 hodienum
1252 3926 1469 4023 deturpetur,
1492 3925 1556 3996 hoc
1581 3949 1689 3998 tamen
1714 3951 1781 3996 non
1801 3929 1928 4020 evertit
1942 3921 2086 4020 systema

613 4017 851 4100 Ecclessarum‚
873 4043 982 4115 nequa
1005 4021 1122 4092 abusus
1140 4047 1199 4117 pet
1221 4022 1357 4094 abusum
1379 4023 1450 4093 tolli
1475 4020 1591 4102 debet,
1612 4023 1673 4095 aut'
1684 4025 1748 4095 rite
1773 4023 1944 4095 emendari
1956 4017 2085 4120 potesta

613 4114 696 4210 quid
711 4117 800 4191 e‘nim
826 4114 938 4200 tieret,
962 4116 984 4189 st
1006 4115 1145 4214 precisla
1159 4117 1213 4212 jus
1229 4118 1383 4201 haberet,
1412 4143 1570 4191 unacum
1592 4118 1769 4215 prebenda
1792 4143 1962 4193 vacantem
1982 4121 2087 4196 etiam

593 4213 808 4304 ‚dignitatem
832 4211 1079 4311 consequendi?
1100 4241 1139 4286 an
1160 4242 1227 4286 non
1243 4214 1470 4312 saepenumero
1490 4215 1652 4313 perversae
1674 4218 1865 4292 ambitionis
1888 4240 1988 4314 atque
2011 4241 2088 4290 ara·

614 4311 700 4378 titire
721 4305 819 4379 oellro
848 4318 1000 4386 concitati
1023 4311 1170 4409 precistae
1194 4337 1338 4386 mortem
1360 4315 1454 4387 avide
1479 4313 1705 4409 exspeliarent
1720 4315 1856 4410 alicujus
1871 4315 2018 4386 canonici
2035 4313 2086 4386 di·

614 4405 741 4573 gnitate
762 4404 980 4481 Ecclesiaslira
1004 4415 1035 4481 in
1058 4414 1173 4489 eadem
1199 4411 1340 4484 Ecclesia
1360 4411 1608 4507 praefulgentis,
1633 4417 1734 4492 etiam
1765 4406 2090 4508 supersedentea,li

478 4507 481 4514 '
628 4498 751 4595 implea
773 4506 981 4578 canonicatus
1002 4512 1156 4582 vacaret?
1181 4534 1220 4580 an
1241 4536 1307 4581 non
1331 4508 1450 4583 crebro
1466 4510 1506 4580 ad
1522 4510 1667 4582 culmina
1686 4507 1924 4582 officiorum&
1947 4509 2091 4601 dignita·

616 4616 688 4675 rum
712 4600 984 4719 proveheaefur,
1010 4610 1071 4708 qui
1090 4629 1220 4689 etatem
1247 4610 1300 4684 via
1325 4606 1465 4684 haberet
1483 4606 1676 4711 requifitam
1693 4609 1744 4700 ¹ad
1770 4609 1920 4684 minores
1949 4606 2091 4686 ordines

1991 4691 2094 4780 susci·
