5017 5592
614 657 705 745 aaa
1057 606 1639 761 orsssarasro

612 833 723 914 tificia
741 826 948 910 dominetur,
970 845 1072 922 atque
1086 824 1323 923 primariorum
1340 848 1478 921 precum
1490 821 1557 920 jori
1577 820 1737 897 beneficia
1752 824 1884 897 minora
1898 843 2000 922 atque
2020 847 2093 897 ma·
2112 851 2120 864 ··

612 919 1620 1114 ³2³¹·l‘stittri‘silltslllslhlssllsl:lllhhll
1638 920 2096 1095 lhls'llllllh‘lh

614 1056 818 1225 sdstsdmpta
838 1115 904 1192 fuir
919 1118 961 1191 ab
983 1118 1250 1216 imperatoribus
1277 1114 1442 1204 formula,
1465 1045 1532 1218 qdra
1546 1072 1607 1191 nse
1629 1120 1849 1218 Rudolphut,
1875 1143 1936 1191 nac
1949 1119 2096 1193 Carolus

614 1234 680 1302 lv.
696 1247 756 1296 nec
770 1215 1004 1299 Wenceslaus,
1025 1241 1087 1290 nec
1104 1216 1337 1311 Sigismondus
1353 1215 1399 1290 ufi
1415 1213 1530 1301 fuere,
1552 1241 1624 1290 tum
1640 1220 1769 1316 quippe
1782 1242 1821 1290 ex
1841 1214 2002 1290 laudabili
2015 1241 2096 1290 eou-

614 1321 789 1401 suetudine
804 1317 839 1389 id
855 1315 961 1389 solum
978 1314 1062 1406 iuris
1083 1312 1142 1388 fibi
1163 1331 1356 1413 competere
1374 1312 1555 1398 asseruere,
1574 1340 1644 1414 quo
1658 1316 1700 1389 ad
1718 1312 1880 1390 beneficia
1906 1318 1941 1388 in
1964 1313 2030 1388 suia
2044 1315 2097 1388 di·

489 1495 491 1499 ,
616 1420 764 1500 tionibus
778 1414 851 1498 sta,
871 1415 1020 1486 vacantia
1034 1435 1092 1487 aut
1106 1436 1279 1495 vacatura,
1301 1410 1402 1487 semel
1423 1437 1552 1487 tantum
1575 1411 1751 1511 personam
1775 1413 1921 1510 aliquam
1939 1409 1999 1486 bbi
2020 1432 2097 1508 grai

607 1546 686 1597 ,tant
708 1516 932 1611 idoneamque
947 1512 1122 1584 nominare
1139 1535 1177 1583 ac
1192 1508 1391 1609 prasentare
1407 1509 1553 1609 pulsent:
1578 1509 1701 1586 &sane
1722 1512 1784 1585 hac
1801 1512 2033 1585 moderatione
2059 1511 2095 1583 id

618 1619 717 1695 facile
732 1621 956 1709 impetrarunt
972 1611 1085 1706 primo
1108 1613 1354 1707 Imperatores,
1377 1635 1415 1681 ur
1441 1613 1683 1682 nominationes
1707 1609 1909 1705 ejuscemodi
1934 1605 2100 1685 effessum,

618 1718 836 1792 sortirentur,
858 1708 987 1780 scinde
1002 1731 1041 1779 ex
1057 1704 1295 1779 consuetudine
1312 1708 1445 1779 tandem
1461 1713 1642 1780 inveterata
1653 1708 1708 1804 jos
1723 1708 1763 1780 ad
1778 1704 1975 1781 successores
1992 1704 2098 1778 trans·

618 1826 696 1901 iret.
753 1805 826 1881 Post
849 1805 1018 1877 indultum
1039 1829 1120 1878 vero
1142 1804 1279 1876 Nicolai
1299 1811 1342 1877 V.
1365 1802 1534 1877 Pontificis
1566 1805 1758 1878 Fridericus
1783 1809 1847 1877 111.
1871 1802 2096 1902 amplitudine

618 1912 802 1987 verborum
816 1929 854 1976 er
869 1903 939 1997 ejus
963 1904 1141 1998 privilegio
1160 1904 1194 1973 in
1218 1898 1290 1972 suas
1313 1926 1428 1999 preces
1451 1901 1664 2000 transcripta,
1687 1901 1796 1975 ansam
1817 1903 1955 1976 dederat
1971 1899 2096 1975 succes·

620 2008 752 2085 soribus
769 2002 885 2075 eadem
904 1996 1052 2070 formula
1066 2000 1200 2082 utendi,
1223 2024 1260 2070 ac
1280 2002 1354 2096 plus
1378 1999 1627 2083 consuetudini,
1649 2025 1749 2096 quam
1771 2004 1802 2073 ei
1827 2004 1957 2082 inerat,
1978 1997 2098 2072 adseri·

602 2106 739 2185 'bendi,
764 2123 834 2173 tum
848 2098 938 2167 enim
954 2096 1093 2168 invaluit
1114 2101 1319 2178 communis,
1342 2100 1527 2193 quamodo
1549 2121 1689 2170 utuntur
1708 2103 1951 2195 lmperatores,
1967 2094 2101 2169 sormu-

619 2206 669 2288 la,
682 2199 719 2297 c)
743 2199 864 2293 cuique
876 2192 1040 2289 judicium
1055 2193 1201 2267 aulicum
1216 2192 1404 2268 Viennense
1419 2196 1588 2267 mordicus
1611 2197 1775 2268 inherere
1791 2192 1891 2279 soler,
1912 2219 1945 2267 ar
1958 2220 2026 2292 qua
2039 2192 2100 2267 sub

620 2305 752 2377 ratione
765 2320 804 2366 ea
818 2289 1022 2365 admittenda
1035 2287 1092 2374 fir,
1106 2292 1290 2389 qualesque
1307 2291 1493 2388 passast&
1512 2294 1695 2366 hodienum
1711 2296 1858 2392 patiatur
1874 2298 2101 2391 exceptiones,

622 2392 834 2499 sequentibus
856 2414 911 2463 me
926 2384 1103 2486 perspicue
1121 2387 1460 2465 commonstraturom
1477 2388 1622 2465 confido.
2043 2383 2048 2390 ’

662 2551 699 2627 a)
721 2542 883 2610 ludultum
902 2537 1031 2604 Nicolal
1045 2536 1087 2609 V.
1100 2538 1173 2684 s?
1193 2539 1266 2604 satia
1283 2541 1387 2625 ample
1405 2555 1597 2628 conceptum
1615 2540 1670 2609 est.
1714 2541 1790 2612 Vid.
1807 2540 1950 2626 Oligeuil
1973 2539 2101 2609 uiuere

738 2647 771 2691 n.
785 2620 957 2691 xxxvia
977 2640 1050 2707 pag.
1066 2642 1109 2687 mr
1134 2643 1155 2690 ι.
1171 2641 1224 2707 31.
1242 2621 1277 2686 de
1290 2623 1351 2708 leq.

584 2805 586 2808 ,
663 2751 702 2834 b)
720 2744 795 2814 Vid.
812 2739 932 2806 indulta
951 2735 1126 2805 Clementia
1139 2739 1215 2808 vlt
1237 2740 1283 2805 Pii
1300 2740 1357 2809 lV.
1379 2738 1529 2824 Gregorii
1546 2740 1638 2808 XIII.
1658 2744 1745 2811 Pauli
1758 2743 1800 2813 V.
1816 2740 1879 2812 &a
1902 2742 1986 2832 apud
2004 2740 2104 2808 Luat·

737 2828 826 2910 glum
842 2821 877 2886 dt
892 2821 1078 2903 origeniani
1092 2822 1126 2888 lu
1142 2821 1299 2890 Differtat.
1320 2823 1360 2888 de
1378 2825 1532 2905 primariis
1557 2845 1641 2908 prae.
2000 2865 2004 2870 -

487 3017 492 3028 ¹
630 2973 638 2988 τ
666 2946 700 3030 r)
719 2944 794 3014 Vitl.
808 2939 915 3006 Caroli
932 2936 990 3008 Vl.
1004 2938 1076 3007 Vll.
1092 2938 1131 3004 &‚
1144 2912 1296 3006 Francisci
1308 2939 1336 3009 1.
1356 2942 1514 3025 primariae
1532 2962 1653 3029 precra.

1290 3140 1321 3229 5.
1369 3136 1448 3213 111.

612 3265 614 3271 ’
739 3272 902 3372 Inprimis
918 3268 1064 3346 formula
1077 3293 1216 3365 precum
1231 3268 1455 3344 Caesareanum
1472 3274 1673 3370 Imperatori
1694 3271 1841 3347 vindicat
1858 3272 1914 3370 jus
1928 3272 2108 3371 porrigen-

626 3375 661 3449 di
676 3397 730 3447 eas
745 3372 786 3444 ad
803 3370 968 3445 omnes&
985 3366 1128 3464 singulos
1141 3369 1337 3452 collatores,
1359 3369 1563 3456 collatrices,
1589 3370 1754 3469 capitula,
1775 3393 1958 3446 conventus
1981 3370 2014 3443 dr
2037 3369 2106 3445 eol·

624 3473 712 3567 legia
733 3470 767 3544 dr
788 3470 867 3541 alias
882 3466 1039 3568 personas
1056 3466 1099 3542 de
1117 3464 1287 3540 benefieiis
1301 3491 1502 3565 quoeunque
1517 3469 1620 3541 modo
1639 3467 1836 3568 disponendi
1854 3469 1908 3566 jus
1931 3467 2105 3550 habentes,

624 3561 2107 3762 ΞιίῗέῗῖἶιῗῖἷῗῃῗὲηῗἫζωῖἷῗὲζῖἶὲᾞῗεῐέἰἐαρῖῖιῖῗῖἳιῗζῐᾙζᾞέἓὶἱῖ

626 3789 771 3838 moratas
786 3787 903 3861 preces
918 3759 1105 3853 dirigendi,
1130 3757 1190 3832 nili
1204 3758 1490 3833 consuetudineea
1505 3757 1543 3834 fit
1557 3758 1689 3931 quaesita
1705 3760 1900 3844 achrmata,
1924 3762 2108 3834 cumcuim

626 3860 780 3937 mensura
794 3859 886 3932 illius
896 3858 982 3954 juris
998 3882 1036 3930 ex
1052 3881 1090 3929 ea
1105 3856 1261 3929 duntaxat
1273 3858 1363 3955 juxta
1377 3862 1388 3930 i
1416 3853 1481 3930 sam
1498 3863 1554 3931 Cae
1571 3883 1666 3932 arum
1674 3858 1945 3934 contestationem
1959 3856 1997 3932 stt
2012 3854 2109 3931 desu-

625 3961 768 4042 menda,
792 3957 927 4031 adeam
943 3955 1041 4029 unice
1062 3951 1257 4052 respiciatur
1277 3979 1339 4030 nec
1384 3953 1484 4038 aest,
1509 3954 1533 4029 li
1553 3959 1697 4055 proinde
1713 3960 1757 4032 ad
1778 3980 1889 4032 totum
1908 3956 2109 4056 capitulum,

628 4079 847 4139 conventum,
873 4054 925 4128 vel
942 4052 1044 4126 alium
1087 4075 1299 4149 uemeuoque
1314 4055 1511 4128 collatorem
1524 4079 1590 4127 non
1604 4051 1732 4130 fuerint
1750 4080 1868 4155 preces
1889 4051 2039 4153 uuquam
2053 4078 2109 4124 ao·

628 4178 680 4226 tea
695 4152 846 4235 diresin,
872 4176 928 4226 aut
942 4149 965 4224 st
981 4175 1054 4249 quar
1063 4075 1130 4222 sint
1141 4148 1325 4319 porsessa,
1349 4149 1474 4225 effestu
1490 4172 1601 4225 tamen
1620 4151 1752 4249 semper
1760 4156 1947 4236 caruerint,
1971 4152 2108 4225 illence

627 4252 731 4324 modo
747 4250 846 4342 dirigi
862 4272 1032 4347 poterunt.
1080 4252 1138 4320 Uo
1163 4248 1414 4323 evehementer
1426 4252 1703 4346 mirorquasdam
1717 4250 1875 4327 Ecclesiae
1889 4248 2110 4324 cathedrales

628 4348 764 4421 modos
781 4350 903 4420 Carolo
916 4353 980 4423 Vl.
994 4370 1111 4446 preces
1131 4372 1173 4420 eo
1189 4344 1332 4420 diresias
1345 4345 1521 4430 admisisse,
1543 4372 1643 4445 atque
1657 4353 1841 4425 executioni
1863 4344 2002 4431 dedisse,
2028 4347 2109 4419 sicet

627 4468 797 4543 nunquam
815 4441 953 4516 antehac
967 4445 1126 4541 precibus
1139 4442 1297 4519 Caesareis
1318 4442 1414 4519 fuisse
1431 4468 1573 4539 gravatae
1593 4448 1756 4525 dicantur.
1806 4451 1852 4522 11.
1878 4449 1922 4519 Er
1942 4447 2032 4519 ratio
2053 4469 2109 4516 ea·

625 4547 746 4649 nonies
767 4541 800 4614 dr
818 4543 932 4717 praxis
952 4564 1043 4648 certa
1062 4546 1201 4627 evincit,
1224 4568 1343 4641 preces
1365 4542 1452 4617 haud
1469 4541 1559 4617 resse
1575 4546 1647 4619 dari
1671 4548 1713 4619 ad
1728 4547 1905 4621 collatores
1921 4546 2021 4618 unius
2037 4565 2110 4615 tau·

628 4640 804 4765 tummodo
841 4634 999 4729 enefitih
1010 4650 1088 4717 coru
1106 4663 1252 4778 qopmor
1268 4642 1384 4722 saltem
1398 4640 1559 4721 beneficia
1579 4639 1867 4782 conserendinjure
1886 4639 2111 4816 gaudem
