5017 5592
672 565 742 706 DE
768 627 896 726 JURE
921 625 1187 703 constituo
1213 626 1584 706 PRIMARIARUM
1600 629 1820 714 PRECUM
1923 668 1993 745 2¹5

511 834 566 885 ces
581 805 766 884 celiiouarii
782 808 1018 891 admittantur,
1042 833 1109 881 nou
1124 805 1243 883 sufficit
1256 807 1362 883 solum
1379 805 1537 884 informa
1554 814 1744 888 authentice
1762 841 1819 891 aut
1833 826 1932 919 copia
1945 830 1996 899 vi·

509 910 638 982 dimam
653 910 803 1005 diploma
816 910 998 1003 Impertale
1012 906 1193 991 insinuare,
1215 907 1271 981 sed
1287 907 1422 1006 insuper
1436 912 1477 983 de
1499 909 1720 1005 resignatione
1736 921 1860 1012 prioris
1886 927 1994 1019 preci·
2107 993 2117 1011 Ι

511 1006 567 1081 stt
584 1011 649 1081 rite
665 1006 778 1079 doceri
793 1004 911 1088 debet3
925 1009 958 1099 c)
982 1006 1066 1077 alies
1082 1004 1172 1078 enim
1195 1003 1294 1080 facile
1318 1003 1452 1079 fraudes
1476 1007 1510 1082 nr
1534 1006 1654 1083 dolosae
1675 1036 1762 1085 artes
1783 1016 1919 1092 alterius
1939 1022 1994 1113 jue

511 1106 761 1221 intervertendi
772 1105 931 1176 obvenire
948 1100 1097 1202 pollent,
1121 1131 1195 1204 quae
1214 1104 1236 1221 st
1252 1109 1365 1177 omnic
1378 1107 1605 1226 legitimelinr
1617 1107 1770 1225 perella,
1798 1107 1924 1211 prioris
1938 1120 1993 1213 jue

512 1227 659 1402 53:132
661 1198 865 1376 ssrelirgprtrttlie,
901 1201 1048 1289 tonller,
1082 1202 1116 1278 ἃ
1139 1205 1276 1279 tltcrtus
1297 1228 1416 1330 preces
1434 1203 1511 1306 poli
1532 1204 1787 1312 infinuenunem
1807 1220 1995 1296 executioni
2074 1255 2080 1262 .

552 1470 597 1560 ι)
615 1469 861 1536 lustramentum
874 1465 939 1531 tale
952 1476 1072 1569 exista
1097 1467 1138 1532 utl
1149 1465 1282 1534 Fabrum
1301 1472 1329 1537 ln
1342 1473 1391 1571 itt·
1407 1469 1676 1574 &ltnllrfftnsslen
1691 1473 1787 1544 Toto.
1806 1496 1857 1561 50.
1895 1530 1903 1545 .
1919 1493 1992 1581 283.

629 1554 665 1616 lle
688 1553 748 1635 seq.
767 1554 855 1634 quod
879 1551 1033 1615 Martinus
1086 1571 1252 1616 ermannus
1276 1552 1448 1637 Dyourfius
1466 1553 1583 1618 Beelen
1605 1578 1637 1620 tn
1654 1557 1831 1644 Collegiate
1855 1499 1994 1631 Ficolelts

630 1632 915 1716 Wiedenbrugeuli
948 1632 1054 1713 resilit
1067 1636 1241 1716 Imperialis
1253 1639 1377 1700 ratione
1390 1634 1534 1702 eeliinnis
1558 1637 1593 1702 δι
1616 1659 1745 1724 precum
1761 1646 1994 1732 transscriptio-

630 1720 682 1783 nis
702 1720 735 1784 in
748 1717 909 1801 personam
969 1717 1068 1779 erneri
1089 1716 1216 1779 Anchen
1231 1716 1344 1783 Clerici
1358 1718 1558 1782 Coloniensts
1575 1722 1691 1788 confici
1704 1729 1839 1792 cutavit.

554 1836 592 1929 b)
610 1821 843 1919 Translcriptio
860 1831 1016 1915 ejusmodi
1027 1832 1234 1898 Caesarearum
1249 1856 1376 1920 precum
1388 1856 1446 1922 pro
1456 1838 1567 1902 endem
1582 1837 1738 1906 Wernero
1752 1843 1881 1907 Archerr
1892 1845 1994 1914 Vien-

631 1936 683 1982 ηε
697 1918 747 1981 die
760 1938 790 1996 4.
810 1917 1004 1982 Novembris
1018 1915 1205 2015 ¹7²¹·.f!st⁸
1222 1921 1340 1999 prostat
1354 1941 1433 1984 mox
1446 1923 1500 1985 cit.
1517 1923 1593 1984 loco
1616 1943 1685 2005 pag.
1704 1936 1774 2008 285.
1793 1924 1826 1989 δι
1842 1929 1920 2011 seqq.
1937 1932 1992 1996 ubi

630 1997 1040 2151 iiiiiiiffieenitiniinm
1056 1996 1126 2062 fieri
1142 2018 1175 2062 tu
1188 2002 1497 2087 transscriptiouibus
1513 2007 1708 2070 mentionem
1724 2010 1866 2091 priorum
1888 2016 1992 2098 preci·

554 2203 585 2278 c)
604 2197 643 2264 ld
661 2199 776 2262 merito
793 2200 905 2297 exegit
924 2196 1104 2279 Capitulum
1125 2195 1275 2262 Eccleliae
1290 2198 1480 2280 collegiata
1494 2197 1811 2288 Wiedenbrugeufis,
1845 2209 1919 2275 dum
1938 2212 1947 2274 i
1971 2210 1994 2277 li
2054 2195 2058 2202 ¹

576 2317 583 2330 ,
630 2279 1231 2447 Ezcgapzogrlffipnlfilzegpteaeroerff:{heu
1243 2282 1326 2347 datae
1345 2303 1363 2345 a
1382 2283 1518 2349 Notario
1538 2284 1742 2370 praesentibus
1758 2290 1883 2356 duobus
1907 2232 1994 2361 tetii-

949 2616 1317 2729 CAPUT
1399 2621 1546 2737 Vlll.

517 2797 708 2917 Quinam
725 2815 972 2886 executores
990 2798 1264 2887 constituendi
1282 2797 1377 2896 sint,
1394 2798 1494 2911 quid
1510 2793 1636 2893 officii
1647 2799 1791 2907 &iuris
1800 2797 1993 2913 habeant,
2075 2853 2084 2870 f

565 2929 711 3025 quaudo
732 2926 889 3005 officium
916 2947 1043 3002 eorum
1066 2926 1246 3020 exspiret,
1277 2928 1406 3022 &quis
1426 2928 1765 3007 Controuersiarum
1783 2931 1868 3009 inde
1888 2953 1945 3010 nr·
2079 3017 2083 3024 ,

954 3056 1071 3122 tarum
1088 3041 1207 3136 Judex
1224 3042 1374 3141 existat,
1393 3046 1552 3139 inquirit.

1204 3249 1237 3351 t.
1287 3251 1317 3327 1.

520 3349 750 3522 Quamdiu
775 3446 860 3521 intra
882 3473 1021 3545 precum
1044 3448 1168 3522 limites
1188 3444 1398 3521 sublrilcbant
1422 3453 1674 3548 Imperatores,
1694 3448 1737 3521 de
1760 3440 2001 3524 executoribus

517 3547 755 3621 'constituendis
778 3573 986 3644 nequaquem
1002 3545 1048 3617 cll
1074 3551 1274 3640 cogitatum,
1300 3546 1346 3618 all
1368 3551 1407 3619 iis
1429 3547 1518 3620 suam
1537 3574 1574 3618 ea
1591 3553 1623 3617 in
1650 3571 1686 3616 re
1710 3544 1903 3641 potestatem
1919 3547 1992 3618 lon·

520 3649 592 3739 gius
616 3645 898 3742 provehenrtbus,
920 3645 1142 3740 precibusque
1155 3647 1189 3713 in
1212 3645 1364 3714 mundate
1380 3648 1608 3724 commutatis,
1632 3668 1668 3713 se
1688 3645 1728 3712 iis
1752 3668 1768 3713 a
1795 3669 1860 3714 non
1880 3647 1993 3738 paucis

520 3742 746 3815 Collatoribus
770 3740 906 3839 insuper
930 3743 1050 3814 habitis
1064 3766 1254 3814 executores
1275 3740 1439 3813 coullituti
1458 3739 1572 3822 fuere,
1591 3743 1742 3836 quamvis
1767 3740 1807 3812 de
1830 3742 1895 3811 illis
1916 3753 1992 3815 ante

520 3843 685 3913 Friderici
704 3843 765 3912 lll.
780 3865 886 3910 aevurn
904 3865 1023 3936 parurn
1041 3862 1097 3911 aut
1111 3839 1195 3910 nihil
1211 3837 1347 3935 prorsus
1369 3864 1407 3909 ex
1431 3842 1639 3911 documentis
1662 3835 1826 3911 historicis
1850 3836 1993 3910 constett

520 3934 742 4038 quamobrem
767 3937 855 4009 haud
873 3962 954 4008 vane
977 3938 1195 4030 conjicimus,
1225 3960 1439 4008 executurum
1465 3935 1805 4009 conliituendorums
1828 3934 1994 4008 Pontifici·

520 4035 580 4107 bus
597 4036 629 4107 tir
649 4039 797 4128 primum
815 4062 832 4106 a
848 4036 995 4105 Nicolao
1012 4042 1054 4108 V.
1077 4032 1196 4107 Caeseri
1222 4029 1413 4107 facultatem
1428 4033 1490 4106 elle
1507 4035 1632 4118 datam,
1657 4034 1870 4104 adverterunt
1890 4038 1994 4105 enim·
2055 4117 2059 4122 Ι
2142 4087 2146 4094 .

521 4159 601 4206 tero
618 4130 811 4213 Pontifices,
831 4158 935 4229 quam
953 4138 1073 4205 acriter
1094 4133 1271 4204 collatores
1295 4130 1359 4203 suis
1383 4135 1544 4203 mandatis
1565 4134 1607 4203 de
1635 4131 1845 4225 providendo
1869 4130 1994 4204 obstre-

519 4254 658 4330 perent,
671 4234 816 4302 utetiam
835 4255 1013 4326 propterea
1024 4233 1063 4300 sd
1077 4254 1269 4300 executores
1279 4230 1522 4301 constituendos
1539 4228 1664 4299 indutli
1678 4225 1821 4307 fuerint,
1837 4229 1870 4299 id
1887 4229 1996 4327 ipsum

522 4331 629 4401 adhuc
643 4333 750 4420 magis
773 4324 1055 4409 reformidabant,
1082 4328 1161 4398 dum
1190 4325 1456 4421 lmpcratoribus
1481 4327 1646 4397 indultum
1668 4328 1885 4398 concordatis
1909 4333 1996 4401 Ger·

521 4431 640 4499 maniae
656 4450 694 4496 ac
708 4426 822 4498 libcrae
854 4424 1092 4497 beneficiorum
1115 4424 1284 4496 collationi
1309 4422 1457 4494 Ecclesris
1481 4426 1691 4496 Germanicis
1713 4429 1915 4523 competenti
1940 4427 1996 4496 ad·

520 4525 653 4598 versum
674 4524 914 4624 concedebann
943 4549 978 4594 ac
994 4523 1091 4593 aliam
1113 4545 1274 4617 preterea
1292 4524 1457 4591 rationem
1482 4520 1626 4595 habuilse
1639 4548 1695 4594 ens
1712 4525 1848 4594 credere
1874 4520 1994 4603 faseli,

520 4624 696 4709 videlicet,
719 4646 776 4713 ut,
789 4646 867 4696 cum
881 4623 1016 4695 collatio
1032 4618 1270 4697 beneficiorum
1285 4621 1377 4695 luicis
1392 4645 1430 4696 cx
1445 4625 1609 4699 canonicis
1617 4617 1910 4719 constitutionibus
1927 4644 1995 4690 non
2055 4665 2057 4670 >

1908 4737 1998 4791 ‘0111'
