5017 5592
469 599 1538 742 unuonoaurraccrastns‘rrcomornnrunr
1559 663 1807 784 coartor.
1827 671 1912 774 641'
2052 677 2069 736 a

1024 852 1055 932 t.
1107 841 1303 915 XXXIII.
1633 829 1647 885 l

539 971 666 1070 Neque
681 975 714 1043 in
728 974 803 1068 jure
817 972 1027 1050 ecclesiastico
1042 979 1264 1074 patrocinium
1280 972 1393 1048 causae
1408 975 1483 1050 suae
1499 980 1669 1051 inveniunt
1683 980 1898 1069 canonistae5

417 1097 499 1150 eum
517 1079 605 1145 eninr
623 1073 707 1141 duae
723 1077 784 1145 bae
800 1073 998 1175 potestates,
1022 1072 1248 1148 sacraserlicet
1265 1075 1437 1157 decivilis,
1461 1101 1529 1148 tum
1547 1103 1585 1146 ex
1600 1101 1715 1148 natura
1731 1079 1802 1161 stra,
1824 1104 1900 1156 tunt
2009 1111 2012 1122 ·

418 1167 461 1248 ex‘
476 1170 678 1242 institutione
693 1170 822 1252 divina,
841 1169 900 1243 srnt
916 1173 971 1243 abs
990 1169 1021 1244 se
1037 1177 1177 1243 invicem
1197 1177 1229 1243 in
1245 1172 1301 1244 sua
1314 1172 1451 1268 sphaera
1465 1176 1600 1246 realiter
1611 1176 1781 1247 dillrnelae
1796 1201 1899 1273 arque

416 1269 702 1367 independenres,
734 1292 919 1367 neutraque
942 1275 1051 1345 neutri
1074 1268 1240 1364 subjcdla,
1280 1271 1484 1368 consequens
1504 1271 1567 1352 eb,
1598 1275 1727 1343 nullum
1749 1300 1898 1368 unquatn

384 1457 386 1468 Ι
413 1365 643 1461 Ecclebaejua
658 1364 880 1462 compeditis,
901 1393 956 1440 aut
972 1369 1161 1439 adhucdum
1180 1393 1374 1465 competere
1390 1365 1497 1465 posse,
1523 1369 1609 1440 bona
1625 1367 1680 1441 sua
1697 1373 1897 1466 temporalia

412 1469 454 1541 in
464 1467 634 1537 territorio
644 1466 858 1559 Reipublicae
868 1463 924 1537 bra
936 1472 1033 1562 eique
1048 1463 1266 1538 colleslabilia
1283 1465 1324 1538 ab
1341 1467 1411 1562 ejus
1425 1465 1604 1562 potestate,
1620 1475 1760 1566 propria
1775 1469 1899 1543 autbod.

413 1567 534 1645 ritate,
559 1567 722 1634 eximendi
739 1563 846 1660 abque
861 1589 962 1636 onere
981 1561 1196 1637 colleslar'um
1213 1559 1395 1649 liberandi;
1424 1588 1522 1659 atque
1538 1565 1615 1637 inde
1635 1588 1745 1664 patet,
1767 1553 1898 1664 quanta
2001 1617 2008 1630 ι

414 1660 458 1736 fit
471 1661 539 1760 juri
554 1665 713 1734 canonico
731 1664 764 1732 in
781 1662 879 1738 rebus
896 1666 1044 1757 gentium
1060 1662 1211 1738 civilibus
1227 1688 1264 1735 ae
1279 1662 1521 1758 temporalibus
1539 1665 1735 1738 authoritas.
2005 1659 2011 1666 ’

532 1795 667 1868 Frullra
685 1794 861 1890 objicitur,
885 1794 939 1891 jus
954 1798 1160 1867 Canonicum
1176 1795 1210 1866 in
1227 1795 1469 1891 temporalibus
1485 1794 1600 1868 saltem
1617 1798 1767 1893 obligare
1785 1822 1824 1871 ut
1838 1797 1896 1872 rei

409 1918 570 2066 ¹eieptqsm
603 1895 753 2064 asdqoque
773 1919 812 1966 ex
833 1919 874 2007 eo
888 1892 1011 2006 'saltent
1032 1919 1097 1989 qua
1120 1895 1176 1964 tali
1199 1896 1426 2059 immunitqqer
1452 1893 1671 2063 Ecqlebacunr
1692 1899 1898 1993 temporales
2029 1940 2034 1954 ·

411 2019 604 2164 alirino
619 2016 795 2185 {llll
810 2013 1479 2186 ‘³bllllllllllladlbssl5
1503 2017 1693 2164 dllll?
1707 1995 1779 2188 ll?
1792 2020 1897 2166 {iil

412 2193 494 2261 nico
511 2191 544 2259 in
560 2188 661 2263 rebus
675 2114 916 2282 temporalibus
933 2186 966 2259 dt
986 2184 1140 2258 civilibus
1165 2184 1288 2257 tributa
1308 2183 1355 2257 esl
1377 2185 1560 2282 peripsam
1581 2188 1718 2261 demum
1741 2193 1894 2282 gentium

412 2285 451 2360 ἃ
465 2289 627 2382 Rerump.
654 2285 794 2359 liberam
803 2289 1048 2382 receptionem,
1063 2279 1228 2366 fateantur
1243 2285 1342 2355 eriam
1352 2306 1508 2377 oportet,
1523 2284 1784 2360 constitutiones
1797 2285 1894 2363 hasce
2014 2349 2022 2356 .

409 2380 640 2459 ecclesiasticas
661 2382 760 2456 semel
784 2408 952 2479 receptas,
984 2387 1061 2477 quia
1086 2406 1152 2454 non
1173 2378 1232 2453 nist
1255 2407 1317 2477 per
1340 2378 1464 2477 &poll
1486 2391 1715 2480 receptionem
1739 2388 1774 2456 in
1790 2382 1893 2458 rebus
1927 2417 1955 2450 .·

409 2480 566 2556 civilibus
583 2480 735 2572 obligate
753 2483 936 2576 incipiunt,
961 2504 1026 2550 non
1049 2479 1191 2576 amplius
1212 2502 1248 2550 ut
1270 2479 1359 2570 leges
1378 2475 1623 2565 ecclesiasticas,
1647 2481 1702 2553 sed
1725 2482 1892 2555 utriviler

409 2578 536 2652 debere
558 2576 777 2662 considerari;
805 2603 843 2649 ex
865 2603 933 2674 quo
955 2579 1095 2674 proinde
1117 2574 1287 2673 sequitur,
1313 2573 1400 2673 ipsas
1423 2579 1649 2651 immunitates
1670 2576 1891 2652 Ecclesrarum

363 2765 369 2782 Ι,
407 2678 615 2849 peppocaqes
632 2677 708 2750 huic
723 2679 816 2790 jutis
830 2679 988 2867 Canqnici
1001 2698 1190 2843 recelptfroqt
1208 2677 1350 2842 innixfaq1
1358 2698 1424 2746 non
1439 2697 1478 2746 ex
1499 2675 1572 2772 ipso
1591 2683 1676 2777 Jure
1699 2679 1892 2762 canonicos
1991 2749 1994 2754 .
2092 2685 2115 2783 Ἰ

424 2799 444 2850 e
485 2801 516 2847 vt
532 2798 563 2845 ta
580 2801 606 2844 ts
622 2796 825 2870 receptionis
844 2798 882 2845 er
921 2798 1092 2847 urecrrrr
1123 2799 1154 2843 ιιι
1183 2796 1317 2866 eptoe
1353 2795 1419 2843 am.

451 2948 492 3030 a)
512 2945 569 3012 Uti
582 2944 614 3007 id
628 2943 725 3007 solide
740 2962 830 3007 more
851 2942 908 3008 sno
926 2943 1118 3007 demonstrat
1134 2938 1336 3005 Dostillimna
1361 2938 1447 3006 Paul.
1468 2939 1594 3023 Josepln
1612 2940 1652 3009 da
1667 2937 1806 3022 Riegger
1818 2911 1895 3020 vjur.

526 3025 847 3193 {22{Hi,il¹‚llliveffl
867 3026 1106 3096 Vindoboneust
1124 3023 1157 3092 P.
1179 3024 1212 3093 P.
1233 3023 1273 3092 Ο.
1294 3025 1327 3089 in
1344 3019 1443 3089 instit.
1464 3022 1638 3108 Jurisprud.
1656 3021 1743 3089 Eccl.
1762 3031 1842 3106 part.
1858 3038 1888 3089 1.
2021 3045 2026 3056 ³

1007 3266 1043 3347 §.
1091 3258 1287 3333 XXXIV.

363 3383 371 3488 l
529 3393 810 3494 Qtandoquidem
827 3393 930 3486 igitur
947 3415 985 3463 ex
1001 3387 1233 3464 demonstratis
1247 3392 1442 3463 immunitas
1457 3416 1475 3463 a
1488 3386 1621 3463 tributis
1633 3411 1743 3486 neque
1756 3413 1774 3460 a
1789 3391 1887 3464 1)Εο

363 3491 375 3578 l.
407 3511 522 3595 ne'que
537 3498 577 3567 ab
594 3493 734 3567 Ecclesia
750 3493 846 3565 bonis
870 3486 1089 3563 ecclesiasticis
1108 3484 1173 3561 fuit
1188 3486 1351 3572 concessa,
1379 3515 1488 3585 neque
1506 3490 1606 3560 etiam
1629 3485 1669 3558 ab
1685 3488 1797 3582 aliquo
1820 3487 1889 3561 alio

362 3589 380 3668 l.
407 3597 484 3669 clari
499 3594 625 3668 eisdem
640 3596 767 3687 potuit,
791 3614 890 3685 atque
908 3588 1096 3676 adhucdum
1120 3587 1242 3682 potest,
1269 3585 1328 3658 nist
1348 3585 1451 3659 asolo
1466 3591 1659 3680 Imperanre
1678 3586 1785 3667 cirili,
1809 3587 1822 3674 (
1833 3587 1888 3658 cui

407 3696 502 3769 enirn
515 3691 678 3763 debentur
693 3691 850 3769 Steurae,
877 3691 903 3757 is
920 3686 1006 3758 solus
1021 3711 1075 3757 eas
1091 3684 1198 3781 potest
1218 3690 1434 3775 remittere),
1460 3678 1635 3755 manisello
1654 3679 1887 3777 consequitur,

404 3794 638 3866 immunitates
659 3788 825 3858 bonorum
847 3783 1136 3856 ecclesiasticorum
1163 3810 1181 3853 a
1204 3784 1337 3854 tributis
1359 3808 1425 3853 non
1447 3783 1581 3852 aliunde
1611 3777 1701 3876 polle
1723 3782 1891 3868 derivari,

363 3935 365 3942 ·
405 3886 471 3962 nili
487 3914 504 3957 e
519 3890 602 3984 Jure
616 3888 724 3966 civili,
749 3909 814 3955 non
829 3890 996 3955 communi
1014 3883 1169 3979 quidem.
1189 3878 1244 3952 sed
1261 3879 1435 3972 singulari,
1452 3883 1474 3949 i.
1488 3904 1518 3950 e.
1531 3879 1723 3972 Principum
1735 3873 1888 3949 civilium

404 3985 618 4151 Privillegiis,
648 3980 722 4057 sunt
741 3984 832 4055 enim
854 3981 944 4076 leges
955 3987 1102 4080 prinae,
1137 3976 1194 4054 seu
1214 3983 1417 4054 exemtiones
1446 4003 1466 4050 a
1490 3977 1565 4074 lege
1590 3971 1762 4051 communi
1780 3973 1888 4052 veluti

405 4107 542 4179 regua.
1162 4113 1164 4116 v

528 4222 655 4314 Neque
672 4211 779 4311 potest
795 4210 880 4293 dici,
898 4234 953 4295 ea,
970 4235 1055 4306 quae
1071 4209 1219 4304 jamdum
1234 4238 1253 4285 a
1267 4212 1426 4286 Consiliis
1441 4236 1497 4286 aur
1510 4208 1656 4283 Summis
1670 4205 1886 4283 Pontificibus

403 4317 501 4398 eirea
518 4319 743 4387 immunitates
760 4307 975 4383 Ecclestarum
991 4311 1192 4402 temporales
1202 4293 1376 4383 constituta
1391 4306 1541 4388 fuerant,
1563 4305 1602 4377 ab
1618 4306 1885 4403 Imperatotib'ua

404 4419 620 4509 eaeterisque
637 4409 846 4505 Principibus
862 4431 987 4479 tantum
1002 4404 1097 4478 fuisse
1115 4412 1219 4500 magis
1235 4404 1451 4491 confirmata,
1470 4406 1621 4501 adeoque
1636 4408 1886 4477 immunitatum

405 4510 547 4588 illarum
562 4515 728 4603 originem
744 4510 778 4580 dt
793 4504 954 4578 causalem
968 4510 1003 4575 in
1018 4502 1089 4602 ipso
1102 4512 1185 4603 Jure
1199 4502 1422 4577 Ecclefiaslico
1433 4527 1489 4575 aut
1503 4505 1615 4599 potius
1629 4507 1755 4581 Divino
1767 4523 1888 4601 utpote

407 4633 430 4690 a
444 4608 655 4700 Principibus
675 4631 803 4681 tanturn
821 4606 934 4702 agnito
949 4607 1123 4703 magisque
1136 4604 1311 4703 explanato
1324 4596 1387 4673 else
1403 4601 1640 4702 quaerendam,

512 4759 640 4852 Tomara
662 4756 711 4856 V,
1220 4755 1309 4829 Mur
1332 4773 1369 4824 nt
1384 4772 1422 4827 ιιι
1821 4741 1891 4832 Sed,
