5017 5592
472 631 479 640 ·
538 572 1981 734 nrnmtounmorn.rectas.uorattrcnunnososec.2,1'
2020 560 2074 660 ·.‘

507 798 645 892 emnem
660 831 789 884 arceret
804 812 847 904 ι).
870 827 874 834 ·
897 805 969 880 Res
983 799 1094 879 tatlten
1115 804 1431 891 eo1evasit,'utnott
1452 808 1594 906 periculi
1613 806 1721 885 solunt
1743 807 1844 909 fuge,
1865 815 1994 911 ltnege·

509 913 727 1009 Imperatoris
740 902 835 988 elset,
857 902 913 977 sed
934 905 1106 978 calumnie
1127 902 1271 996 occaso:
1291 931 1330 980 ea
1351 909 1441 978 enirn
1458 907 1610 1008 trr'eptr,
1633 905 1761 985 inferte
1776 913 1932 1009 iniurium
1947 913 1986 986 lio.

512 1011 619 1092 rebat,
639 1033 705 1080 non
720 1003 826 1079 solum
840 1008 957 1076 vitare.
1010 1006 1149 1100 Qtippe
1165 1002 1338 1076 incedebat
1352 1005 1536 1079 deterrimo
1559 1010 1682 1104 cuique
1702 1008 1853 1094 licentia,
1873 1013 1985 1109 impu·
2021 1076 2029 1090 .

513 1134 550 1182 ne
565 1107 694 1206 probra
710 1106 743 1177 dt
758 1101 917 1176 invidiam
933 1105 967 1173 in
983 1100 1079 1173 bonis
1094 1102 1433 1199 excitandi,.arrepta
1453 1108 1602 1197 imagine
1621 1105 1779 1180 Caesatis:
1804 1108 1985 1206 libertique

513 1210 609 1278 etiam
626 1229 664 1276 ac
677 1202 781 1284 servi,
805 1206 951 1273 Patrono
965 1200 1017 1272 rel
1040 1203 1208 1280 Domino,
1230 1224 1306 1271 cum
1322 1226 1438 1285 voces,
1461 1225 1537 1274 cum
1563 1228 1679 1276 manus
1701 1207 1920 1289 intentarent,
1938 1208 1988 1278 ul·
2140 1239 2145 1248 ·

514 1330 562 1376 tto
581 1300 829 1376 metuebantur.
880 1304 966 1370 Cum
981 1300 1023 1370 de
1041 1298 1102 1369 bac
1116 1321 1154 1369 re
1163 1301 1195 1376 in
1214 1301 1342 1369 Senatu·
1357 1301 1510 1373 Romano
1529 1325 1703 1395 ageretur,
1727 1308 1765 1375 C.
1782 1301 1909 1376 Cestius
1925 1301 1988 1376 dis·

516 1402 633 1486 seruit,
652 1402 825 1495 Principes
847 1397 984 1494 quidem
1004 1393 1273 1466 inllarDeorum
1290 1389 1370 1481 elle:
1390 1394 1451 1468 ¹sad
1467 1422 1608 1496 nequea
1626 1402 1701 1471 Diis
1725 1398 1783 1471 nist
1796 1400 1896 1499 justas
1913 1400 1989 1500 sup·

517 1502 638 1600 plicum
655 1522 771 1600 preces
789 1496 918 1574 audiri,
943 1517 1051 1589 neque
1076 1518 1280 1589 quemquam
1294 1495 1328 1564 in
1355 1496 1561 1592 Capitolium
1585 1498 1688 1569 aliare
1709 1498 1814 1570 Urbis
1837 1505 1928 1572 Tem
1956 1501 1988 1571 la
2076 1493 2079 1498 ’

516 1595 712 1702 perfugere,
729 1618 766 1666 ut
782 1620 824 1665 en
840 1591 980 1663 subfidio
998 1593 1038 1662 ad
1053 1590 1177 1684 flagitia
1192 1614 1321 1662 utatur:
1341 1593 1480 1664 abolitas
1493 1599 1618 1686 Leges,
1639 1594 1671 1666 dt
1694 1591 1845 1669 funditus
1867 1526 1989 1679 versas,
2010 1617 2018 1632 “

536 1697 567 1769 bi
583 1701 619 1768 in
637 1691 732 1774 soro,
748 1695 781 1762 in
797 1693 911 1761 limine
922 1693 1032 1760 Curiae
1046 1690 1087 1760 ab
1105 1693 1213 1760 tlnnia
1229 1688 1369 1773 Rufilla,
1391 1687 1636 1788 quamsraudis
1652 1691 1709 1765 sub
1720 1695 1989 1791 Judicedamnn·
2087 1689 2089 1694 ’

537 1792 623 1878 'sset,
646 1790 772 1891 probra
787 1786 844 1860 stbi
859 1788 892 1859 dt
910 1791 1006 1857 mine
1025 1786 1258 1861 intendantur:
1279 1811 1388 1886 neque
1402 1789 1472 1887 ipse
1487 1791 1605 1863 audeat
1621 1790 1672 1881 ius
1692 1797 1866 1890 experiri,¹
1877 1785 1988 1868 obes·

518 1889 627 1989 figiem
641 1888 861 1987 imperatoris
877 1882 1063 1983 oppostant
1077 1889 1125 1980 d).
1263 1979 1295 2054 X

628 2097 734 2194 Haud
750 2114 912 2191 absimiles
927 2116 1072 2213 querele
1089 2142 1128 2189 ex
1144 2118 1275 2189 Graecia
1288 2110 1547 2210 perferebantur
1560 2117 1601 2188 td
1616 2120 1784 2219 Senatum.
1836 2121 1989 2196 Crebres·
2006 2141 2067 2207 pm
2103 2155 2139 2208 ee

521 2217 717 2295 tebetenim
735 2220 871 2290 Graecas
895 2242 956 2310 per
970 2217 1083 2286 Urbes
1103 2217 1235 2284 licentia
1253 2235 1354 2310 atque
1376 2219 1558 2308 impunitas
1581 2215 1681 2311 Asyla
1700 2216 1878 2289 statuendi:
1902 2247 1988 2294 cotn-
2006 2147 2118 2292 abditis

518 2321 693 2418 plebantur
707 2313 854 2409 Templa
871 2310 1013 2407 peffimis
1035 2310 1263 2382 servitiorum:
1288 2313 1407 2382 codem
1431 2310 1571 2384 l'ubfidio
1584 2314 1721 2386 oberati
1737 2318 1909 2390 adversum
1922 2344 1993 2393 cre·

521 2419 661 2498 ditores,
684 2411 893 2510 suspetquue
907 2412 1098 2507 capitalium
1122 2411 1302 2482 eriminum
1320 2408 1586 2507 receptabnntut.
1633 2417 1711 2485 Nec
1729 2413 1835 2510 ullum
1850 2414 1993 2490 satiare·
2012 2453 2017 2462 ·

521 2515 622 2587 lidum
647 2514 830 2609 imperium
845 2533 917 2581 erat
937 2505 1128 2580 coercendis
1155 2504 1372 2579 seditionibus
1389 2510 1525 2605 populi,
1549 2508 1677 2603 flagitia
1697 2513 1875 2584 bominum
1887 2539 1924 2588 ut
1939 2540 1994 2590 ee·

522 2615 685 2687 centonius
711 2614 819 2681 Deum
837 2610 1055 2704 protegentia.
1106 2609 1215 2699 Igitur
1232 2605 1410 2701 placitum,
1431 2628 1469 2678 ut
1483 2611 1657 2680 mitterent
1672 2612 1830 2681 Civitates
1845 2616 1928 2709 Jura
1943 2636 1991 2687 at·

523 2736 583 2809 que
597 2716 750 2803 Legatos.
803 2712 845 2778 Et
864 2708 1014 2803 quedam
1029 2705 1119 2804 quod
1135 2700 1218 2776 falso
1238 2700 1478 2801 usurpaverant
1496 2701 1614 2801 sponte
1631 2705 1791 2779 emisere:
1814 2711 1992 2785 multaeve·

524 2807 612 2883 tollis
627 2805 934 2904 superstitionibus,
955 2827 1011 2875 aut
1026 2806 1154 2875 meritis
1169 2804 1204 2875 in
1220 2802 1386 2900 Populum
1401 2805 1590 2877 Romanum
1606 2800 1761 2879 fidebant.
1811 2804 1918 2880 Missis
1931 2808 1998 2890 Lei

525 2912 601 3002 getis
618 2904 745 2979 diversa
761 2910 890 2975 ratione
904 2901 1203 2999 stabiliveruntJus
1215 2899 1308 2996 Asyli
1328 2900 1417 2997 apud
1434 2897 1466 2971 se
1480 2899 1633 2998 Ephesii,
1651 2908 1844 2996 Magnetes,
1862 2906 1999 3004 aphros

527 3003 691 3089 distenses‚
719 2998 997 3082 Stratonicenses,
1020 2995 1354 3081 Hierocaesarienses,
1378 3001 1523 3097 Cyprii,
1546 3003 1800 3097 Pergameuses,
1821 3007 1998 3105 smyrnei,
2082 2986 2088 3002 ’
2116 3053 2121 3068 .

530 3108 645 3187 Tenii,
661 3106 831 3184 Sardiani,
847 3098 990 3181 Mtlesii,
1009 3096 1183 3172 Cretenses
1201 3096 1265 3169 dte.
1280 3096 1332 3193 e).

1183 3270 1213 3359 ι.
1265 3264 1336 3340 ΧΙ.

636 3407 704 3475 His
720 3403 859 3484 auditis,
873 3398 962 3474 falia
978 3405 1138 3474 Senatus·
1150 3399 1326 3481 Consulta,
1353 3423 1415 3498 per
1428 3423 1502 3496 quae
1517 3397 1640 3470 multus
1656 3401 1793 3498 quidem
1815 3403 1925 3475 bonor
1940 3426 1997 3474 an·
2009 3417 2047 3484 1„
2061 3414 2157 3481 Gran*

531 3502 624 3599 tiquis
646 3501 878 3594 Religionibus
895 3498 941 3571 est
962 3500 1112 3582 habitus,
1134 3504 1254 3572 modus
1277 3523 1385 3569 tamen
1405 3497 1697 3594 proscribebatur,
1719 3497 1858 3596 jussique
1878 3500 1997 3597 populi
2012 3498 2157 3584 restringi·

532 3602 540 3615 '
562 3601 599 3672 sta
617 3603 651 3671 in
670 3601 827 3695 Templis
849 3603 1006 3669 Senatus·
1018 3597 1214 3670 Consultum
1231 3600 1330 3667 aeneis
1346 3594 1542 3690 inscriptum
1559 3593 1680 3664 tabulis
1702 3593 1855 3685 affigere,
1877 3620 1946 3667 tum
1956 3599 1997 3669 ad
2012 3596 2075 3652 ms·

522 3625 714 3770 ‘serendam
734 3701 951 3778 memoriam,
970 3719 1096 3767 tumne
1119 3694 1226 3792 specie
1248 3692 1434 3785 Religionis
1449 3697 1483 3761 in
1510 3689 1724 3762 ambitionem
1753 3693 2000 3779 deliberentur,

530 3820 692 3868 memores
717 3794 872 3891 semper,
897 3796 988 3891 quod
1009 3816 1109 3866 omne
1137 3796 1189 3880 ius
1218 3790 1374 3863 suomet
1400 3790 1543 3860 Romani
1569 3792 1707 3864 Senatui
1730 3788 1891 3862 beneficio
1916 3792 2002 3867 obti-

525 3918 641 3969 nerent
654 3898 713 3989 f).
760 3891 947 3967 Praesertirn
962 3896 1082 3964 Samiis
1100 3893 1263 3991 Junnnis,
1286 3888 1319 3960 dt
1344 3888 1424 3959 Cois
1445 3883 1627 3985 AEsculapii
1649 3888 1810 3972 delubro,
1837 3888 2001 3965 vetustum

1282 3991 1404 4060 002
1907 3984 2005 4086 Affli

565 4164 598 4247 t)
619 4160 818 4237 Querebatur
837 4158 920 4241 apud
939 4156 1090 4222 Senatum
1116 4154 1265 4223 Tiberius
1280 4154 1456 4236 (referente
1473 4153 1713 4221 Sunrotaro
1738 4158 1772 4220 ie
1803 4158 1939 4236 liberio)
1965 4160 2006 4226 de

641 4246 833 4388 Agpippint,
854 4262 924 4305 earn
942 4241 1041 4304 modo
1065 4240 1104 4304 td
1124 4241 1267 4306 Statuam
1283 4239 1440 4323 Augusti,
1465 4237 1563 4300 rnodo
1586 4239 1625 4300 ad
1651 4243 1813 4307 exercitur
1830 4242 2006 4327 confugere
2088 4263 2093 4270 ·

638 4346 682 4388 ve
707 4347 737 4391 e·

566 4444 605 4529 d)
627 4443 707 4507 Haec
719 4444 842 4526 aliaque
856 4441 947 4527 plutt
961 4439 1166 4508 'l'nctrua
1190 4441 1309 4508 Annei.
1329 4439 1380 4506 tit.
1401 4436 1576 4524 111.a.36.
1622 4423 1627 4433 ’

567 4559 600 4640 a)
625 4558 703 4622 Ibid.
719 4577 743 4624 t.
758 4559 811 4625 60.

560 4676 607 4763 f)
629 4679 732 4760 Igitur
746 4680 840 4742 nimis
857 4677 996 4762 generali
1013 4678 1100 4743 disto
1116 4676 1263 4743 Surrn
1274 4698 1385 4744 raros
1404 4681 1440 4743 iat
1460 4676 1580 4742 liberio
1602 4677 1754 4758 affimat,
1772 4675 1936 4746 'liberium
1953 4674 2009 4743 es·

645 4754 838 4847 elrmfftjtat,
857 4780 1029 4847 merente
1043 4762 1229 4847 Assem,
1249 4780 1318 4847 qtae
1327 4777 1459 4848 atem
1470 4769 1573 4834 neat.
