5017 5592
505 753 507 762 ,
625 679 692 772 no
981 685 1010 700 ··
1066 666 1649 748 otssruro‘rto

1274 871 1305 959 ς.
1356 865 1439 941 xx,

735 999 947 1073 Fridericum
963 1003 1026 1074 lll.
1047 1002 1104 1097 qui
1128 1026 1214 1072 anno
1242 1027 1345 1092 1492.
1369 999 1525 1071 ultimum
1551 999 1640 1071 diem
1662 996 1762 1081 obiit,
1788 1000 1918 1098 excepit
1944 1004 2103 1075 Maximi·

605 1099 729 1173 'lianus
748 1107 774 1170 l.
794 1099 864 1194 ejus
880 1095 985 1180 filius',
1008 1106 1065 1195 qui
1080 1125 1155 1170 cum
1172 1104 1205 1169 in
1222 1103 1306 1172 vivis
1324 1121 1440 1192 agente
1458 1101 1601 1169 Petreio
1620 1101 1745 1190 Regem
1767 1102 1997 1171 Romanorum
2016 1126 2106 1173 enno

623 1208 717 1285 1486
753 1195 878 1269 eletlus
893 1195 988 1280 esset,
1012 1197 1051 1266 ab
1069 1202 1263 1269 innocentio
1278 1201 1376 1269 Vlll.
1401 1193 1568 1268 consimile
1584 1196 1750 1266 indultum
1771 1200 2011 1293 primariorum
2027 1224 2105 1294 pre·

620 1321 697 1370 tunt
716 1300 861 1392 accepim
887 1292 926 1392 a)
950 1292 995 1364 asi
1011 1320 1070 1366 nec
1087 1299 1149 1368 hoc
1175 1318 1246 1367 tran
1273 1296 1388 1366 uillam
1412 1289 1558 1366 habuisse
1578 1293 1711 1365 videtur
1732 1298 1978 1377 executionem,
1999 1296 2106 1368 colla·

620 1416 712 1467 tores
733 1397 907 1466 enimvero
930 1395 1141 1474 Germaniae,
1164 1321 1373 1490 preciltusab
1388 1392 1507 1465 eodem
1523 1393 1556 1462 in
1580 1417 1648 1462 vttn
1670 1389 1749 1461 disli
1773 1393 1894 1463 indulti
1922 1391 2103 1489 porreslis,

620 1488 752 1564 rursum
775 1496 869 1562 novis
884 1516 922 1561 ex
944 1487 1047 1562 sauss
1065 1488 1129 1564 sese
1144 1490 1333 1588 opposuere
1349 1495 1376 1563 l.
1396 1489 1485 1586 quod
1504 1493 1547 1571 is,
1571 1512 1608 1560 ut
1623 1491 1659 1578 u‘t
1675 1491 1708 1560 in
1728 1494 1853 1584 Regem
1869 1493 2104 1565 Romanorum

620 1586 766 1671 elesius,
786 1613 882 1686 patre
907 1588 1112 1684 Imperatore
1134 1593 1282 1672 vivente,
1302 1613 1343 1660 eo
1357 1588 1489 1659 indulto
1503 1589 1552 1658 uti
1577 1612 1643 1657 non
1659 1584 1780 1684 posset:
1799 1609 1837 1661 et
1861 1593 1951 1660 enim
1972 1592 2103 1661 novitas

604 1671 736 1760 ‘oculos
764 1710 977 1782 mentemque
1000 1689 1248 1759 Germanorum
1273 1685 1528 1784 perstrinxerat,
1549 1709 1667 1781 utpote
1688 1688 1770 1781 qui,
1796 1689 2007 1781 Imperatore
2037 1691 2106 1759 lnt-

605 1788 709 1884 ‘perii
736 1785 844 1855 oditur
868 1783 1011 1855 habenas
1034 1809 1199 1878 regente,
1223 1788 1306 1877 Regi
1328 1787 1557 1855 Romanorum
1575 1783 1629 1878 jus
1652 1783 1848 1879 porrigendi
1876 1787 2005 1879 primas
2027 1810 2106 1880 pre·

620 1907 675 1956 ces
694 1883 882 1954 nullatenus
905 1905 1116 1977 competere,
1141 1880 1341 1962 asserebant,
1361 1907 1397 1954 ttt
1411 1905 1454 1952 ne
1468 1879 1575 1976 majus
1590 1881 1667 1951 inde
1688 1880 1922 1978 prejudicium
1935 1883 1969 1952 in
1992 1882 2104 1957 libere

607 1981 797 2055 ¹collatione
816 1977 891 2072 ipsis
903 1983 1125 2065 immineret,
1153 1978 1297 2053 dtsttnul
1316 2002 1388 2051 turn
1408 1978 1516 2050 adhuc
1533 1978 1730 2076 pervulgato
1742 2002 1814 2051 erat
1829 1976 2104 2077 sententiaqost

620 2081 873 2151 coronationem
890 2079 1105 2175 imperialem
1122 2078 1226 2151 modo
1240 2076 1393 2150 cesarem
1410 2077 1443 2148 id
1457 2076 1544 2172 jutis
1561 2101 1726 2148 exercere.
1750 2081 1797 2148 ll.
1850 2077 1916 2149 uod
1932 2077 2105 2153 indultum

619 2176 670 2272 illi
693 2172 897 2259 concellum,
916 2199 979 2271 per
1010 2154 1155 2269 ‘uasdtm
1173 2175 1388 2250 Cancellartae
1415 2175 1548 2268 regulas
1575 2172 1788 2272 postmodum
1810 2101 1851 2246 ai
1873 2175 1994 2266 ‚eodem
2015 2180 2106 2249 Pon·

605 2272 711 2348 ‘tifice
737 2272 941 2371 publicatas,
962 2200 1040 2346 esset
1062 2299 1268 2349 revocatum.
1290 2277 1355 2346 ΙΙΙ.
1381 2275 1472 2371 quod
1496 2297 1612 2370 preces
1632 2270 1777 2344 cesaree
1804 2297 1977 2370 nunquam
1999 2271 2107 2348 ariis·

620 2375 690 2468 rint
710 2367 889 2463 eligentes,
911 2396 970 2442 nec
991 2370 1150 2444 beneficia
1166 2370 1357 2454 affecerint,
1378 2395 1451 2469 que
1467 2370 1621 2467 Capitula
1644 2373 1874 2454 Germanica,
1896 2374 2023 2470 previa
2037 2372 2105 2446 ele·

621 2467 755 2551 aione,
782 2464 938 2539 conferre
951 2466 1116 2552 solebant,
1138 2475 1199 2542 tv.
1221 2470 1311 2565 quod
1328 2495 1376 2540 ete
1399 2471 1508 2540 adhuc
1527 2471 1637 2539 minus
1653 2492 1711 2540 eoa
1735 2465 1864 2540 roslare
1890 2465 2038 2564 possent,
2061 2469 2105 2542 ed

621 2591 768 2666 quorum
791 2561 1077 2660 presentationem
1098 2564 1258 2639 beneficia
1278 2563 1489 2638 eeclesiastico
1510 2569 1729 2661 pertinerent.
1753 2569 1788 2646 b)
1816 2569 1922 2665 Qteis
1938 2591 1978 2640 ex
1995 2564 2101 2640 causta

621 2687 740 2766 preces
758 2663 980 2735 Maximiliani
995 2667 1022 2737 l.
1049 2666 1150 2758 Regis
1167 2661 1206 2736 se
1233 2689 1395 2737 enumero
1418 2663 1553 2759 insuper
1576 2663 1694 2736 habite
1717 2663 1892 2736 videntur:
1921 2663 1961 2734 td
1981 2664 2106 2739 tollen·

621 2764 681 2836 das
701 2765 805 2855 igitur
827 2762 886 2832 has
905 2756 1115 2834 difficultates
1139 2690 1252 2835 tursius
1278 2761 1318 2834 ab
1342 2764 1536 2836 Innocentio
1557 2766 1654 2832 Vlll.
1676 2761 1765 2832 aliud
1792 2764 1892 2857 petiit
1920 2757 2103 2847 indultum,

523 2943 527 2950 ·
620 2855 1179 3053 totiftuilznttltl’s
1195 2855 1508 3028 tlilsllll‘
1523 2881 1885 3053 intr,
1901 2858 2116 3032 ‘tino‘

989 3005 998 3038 ἱ
1487 3006 1496 3038 Ὶ
2091 3009 2102 3044 2

622 3067 700 3129 tutti
727 3051 955 3126 Maximiliaui
972 3047 1123 3126 favorem
1149 3051 1208 3126 fibi
1229 3055 1429 3127 conciliandi
1452 3078 1535 3148 ergo
1559 3055 1600 3127 de
1625 3078 1711 3125 anno
1739 3080 1842 3143 ¹492·
1872 3053 2051 3140 concessit,
2073 3060 2102 3150 t)
2147 3051 2156 3074 ¹

624 3153 749 3226 &curn
771 3150 891 3222 eodem
911 3175 998 3224 anno
1021 3175 1119 3252 pater
1139 3153 1212 3250 ejus
1234 3178 1254 3225 e
1275 3155 1359 3224 vivis
1377 3153 1571 3237 excederet,
1598 3154 1818 3250 imperatorio
1844 3152 1946 3227 titulo
1967 3149 2104 3231 foedior

607 3249 852 3326 'executionem
874 3245 1006 3321 suarum
1023 3275 1163 3347 preeunt
1185 3251 1453 3325 Maximilianutn
1474 3247 1665 3333 obtinuisse,
1688 3249 1824 3323 credere
1842 3248 1900 3326 esi.

662 3420 700 3504 ο)
722 3415 853 3482 Eruitur
863 3416 1000 3481 elereex
1018 3415 1145 3479 indulto
1156 3416 1292 3479 destino
1307 3434 1398 3562 14p2.
1421 3416 1518 3488 dato,
1540 3416 1627 3498 quod
1641 3425 1732 3479 extat
1745 3418 1827 3502 ,pud
1842 3415 2032 3502 onmium
2046 3363 2107 3488 dg·

735 3498 894 3566 Diflertat.
906 3500 940 3583 §.
953 3497 1073 3565 xum.
1091 3496 1126 3562 dr
1142 3496 1317 3582 Ltinigiurn

661 3644 696 3727 lt)
717 3641 825 3707 eante
847 3641 882 3706 dr
902 3643 1112 3727 exceptiones
1132 3641 1293 3724 praediiiae
1312 3641 1421 3706 itidem
1436 3661 1480 3704 ex
1498 3642 1614 3706 eodem
1638 3640 1812 3724 diplomate
1832 3640 2008 3725 perspicua
2033 3646 2107 3711 ted·

732 3727 872 3799 duntur,
894 3741 931 3788 ut
943 3726 1063 3807 legenti
1076 3726 1207 3809 patebit.

573 3871 578 3882 ·
661 3843 696 3929 e)
716 3842 859 3909 Exhibet
878 3844 956 3908 illud
974 3854 1169 3909 memoratus
1183 3843 1353 3927 Oligeuius
1370 3842 1425 3908 cit.
1437 3840 1502 3908 loc.

1280 4019 1315 4123 p.
1362 4020 1471 4096 XXI.
1503 4105 1508 4114 ‚

738 4157 972 4229 Maximilirno
987 4160 1012 4227 l.
1031 4181 1117 4228 anno
1138 4151 1242 4246 15'19·
1262 4157 1411 4226 vitamdt
1439 4156 1624 4251 Imperium
1650 4150 1811 4225 deserenti
1836 4150 2031 4246 surrogatus
2053 4149 2109 4225 est·

624 4254 764 4327 Carolus
781 4263 822 4326 V.
841 4262 916 4350 qui,
939 4256 1095 4329 scutalia
1115 4258 1250 4347 imperii
1267 4253 1339 4347 jura
1365 4254 1589 4347 prudentia&
1613 4249 1811 4325 fortitudine
1828 4257 1899 4348 pari
1923 4256 2029 4322 tuitus
2044 4251 2104 4335 esi,

624 4357 668 4421 ita
682 4356 734 4446 jus
759 4358 993 4451 primariorum
1013 4379 1149 4446 precum
1169 4353 1257 4422 houd
1275 4354 1437 4442 neglexit,
1459 4349 1512 4421 sed
1530 4376 1566 4422 ut
1583 4377 1624 4423 ne
1648 4353 1848 4449 impingeret
1865 4355 1897 4419 in
1913 4346 2104 4420 variassen-

623 4453 740 4546 pulos,
760 4479 819 4524 nec
840 4451 949 4524 sedent
971 4451 1193 4547 Apostolicsrn
1214 4448 1426 4530 offenderet,
1452 4476 1513 4520 nee
1530 4446 1757 4547 oppositiones
1778 4449 1987 4521 collatorum
2011 4450 2098 4524 Ger-

622 4552 760 4631 tnoniae,
784 4554 936 4646 exemplo
957 4549 1091 4618 suorum
1113 4547 1364 4620 Anteceilorum
1386 4547 1541 4629 edoilus,
1566 4552 1795 4645 experiretur,
1818 4570 1874 4616 out
1896 4549 1976 4643 quia
1992 4541 2103 4617 neces

622 4643 744 4721 sarium
759 4649 935 4737 credebat,
957 4648 1124 4720 indultam
1144 4645 1375 4744 apostolicum
1389 4649 1536 4746 primos
1553 4651 1666 4721 Leone
1683 4649 1725 4725 X.
1741 4641 1901 4721 assecutus
1915 4643 1963 4720 eli
1985 4646 2024 4736 a)
2047 4666 2101 4717 te·

1370 3498 1476 3564 otml.
1497 3499 1552 3562 cit.
1573 3518 1603 3581 p.
1617 3499 1690 3582 363.
