5017 5592
542 645 612 722 DE
633 633 1048 722 IMPERATORIBUS
1072 641 1460 724 PRAEBENDATlS
1478 645 1640 725 nanus
1657 649 1723 724 dte.
1800 671 1870 770 ,¹⁰5

396 825 513 917 dirigit
529 819 721 896 Dissertatio
737 821 865 906 noslra,
885 823 977 919 eujus
987 826 1207 896 canonicatus
1223 827 1366 917 Regius,
1388 829 1466 923 quia
1481 828 1610 923 primus
1625 830 1787 907 omnium,
1797 851 1874 899 con·

395 921 477 994 ferri
491 920 606 994 assolet
621 920 905 1017 impetitoribus,
921 946 957 992 ae
974 923 1120 1012 Regibus
1143 925 1391 996 Germanorum
1408 974 1417 1006 ,
1439 929 1549 1019 primo
1572 950 1723 1021 quoque,
1746 949 1872 1019 ponen-

398 1019 455 1091 dus
468 1042 540 1090 erat
554 1020 640 1090 loeo.
689 1028 733 1090 At
747 1023 837 1089 enim
854 1042 949 1100 tero,
974 1041 1050 1089 cum
1066 1019 1209 1110 dignitas
1224 1020 1322 1113 hujus
1349 1025 1568 1092 Canonicatus
1587 1025 1682 1115 Regii
1704 1023 1872 1117 primarii,

399 1115 658 1197 adcurationem,
678 1114 946 1211 &prolixiorem
968 1139 1136 1188 mereatur
1161 1116 1621 1208 investigationem‚·adinslar
1644 1118 1872 1199 bellariorum,

401 1212 514 1282 ultimo
526 1213 620 1282 illum
637 1216 671 1280 in
687 1212 835 1284 medium
851 1208 1007 1308 proferre
1024 1214 1145 1307 placuit
1162 1214 1248 1286 loco.
1299 1216 1484 1285 Fundanam
1500 1212 1562 1287 esse
1578 1213 1752 1286 Ecclesiam
1769 1218 1874 1305 Rega-

404 1308 465 1381 lem
486 1313 523 1380 B.
538 1313 584 1379 V.
601 1312 738 1387 Mariae,
754 1333 772 1378 a
787 1309 909 1379 Carolo
924 1314 972 1378 Μ.
993 1312 1217 1403 Imperatore,
1234 1307 1371 1391 scimus,
1393 1336 1432 1380 ex
1449 1312 1655 1382 documentis
1676 1335 1775 1406 quam
1800 1313 1873 1405 plu·

409 1409 513 1483 rimis,
536 1401 666 1499 illisque
684 1403 748 1474 side
765 1401 970 1494 digniffimis.
987 1405 1002 1436 ⁸
1030 1410 1233 1476 canonicum
1249 1409 1392 1496 Regium
1418 1410 1564 1500 primum
1582 1458 1590 1487 ,
1612 1406 1753 1478 llafilieae
1773 1411 1809 1476 B.
1827 1411 1871 1479 V.

408 1506 531 1582 Mariae,
545 1499 723 1595 Aquensis,
737 1495 833 1571 fuisse
847 1501 1007 1572 carolum
1023 1506 1074 1571 M.
1085 1499 1130 1546 Μ
1155 1498 1389 1597 saepissimeque
1404 1499 1585 1574 interfuisse
1601 1504 1733 1582 Choro,
1752 1502 1870 1574 drean-

362 1597 365 1666 i
412 1599 487 1669 tibus
501 1603 763 1678 Canonitorum,
786 1601 936 1692 quamvis
953 1622 970 1666 a
988 1601 1073 1667 Viro
1097 1594 1281 1669 Clarissimo
1295 1598 1446 1680 Budero,
1460 1600 1517 1647 ¹**
1542 1603 1578 1672 in
1598 1598 1737 1672 dubium
1760 1599 1872 1672 vocari

416 1696 568 1776 rideatur,
590 1695 773 1766 multorum
788 1716 898 1764 tamen
913 1690 1126 1774 testimoniis,
1145 1692 1374 1766 confirmatur.
1391 1692 1458 1717 ‘'''
1901 1692 1906 1697 ’

453 1825 470 1863 ·
487 1822 556 1890 Viti.
578 1822 824 1886 avertissement
838 1838 893 1890 ann
910 1827 957 1891 ber
970 1821 1166 1902 snosrrsttbrn
1179 1825 1308 1903 Qttiitm
1320 1823 1438 1898 sttrtbrn
1454 1840 1485 1901 ttt
1498 1822 1627 1897 baden,
1648 1824 1760 1907 Lunig.
1776 1813 1818 1891 at.
1832 1823 1871 1892 ss.
1902 1839 1915 1860 ·

515 1904 621 1984 Spicil.
637 1905 751 1967 Eccles
772 1904 803 1969 P.
816 1924 846 1986 3.
862 1923 932 1986 pag.
948 1915 1017 1986 879.
1041 1904 1114 1970 Vid.
1128 1907 1223 1968 etiam
1238 1907 1457 1978 confirmatio,
1480 1906 1586 1970 Caroli
1602 1905 1643 1968 M.
1657 1908 1871 1986 donationum

515 1985 661 2048 Eccleliae
684 1985 992 2067 Aquenlisatlarum.
1019 1982 1139 2063 situlas,
1159 1986 1202 2054 bi.
1219 1990 1253 2052 sl.
1271 1987 1399 2051 Contin.
1419 1987 1442 2050 l.
1464 1987 1571 2069 Spiris.
1590 1986 1705 2050 Eccles.
1728 2008 1758 2066 p.
1779 2005 1812 2046 11
1841 2004 1869 2049 ι.

515 2065 702 2130 Conseritur
714 2086 824 2150 porro,
846 2065 993 2130 friderici
1007 2064 1047 2128 ll.
1067 2066 1270 2148 imperatoria
1284 2071 1488 2131 confirmatio
1503 2068 1642 2131 sundatae
1661 2087 1678 2129 a
1694 2004 1870 2132 carotobb

516 2145 775 2230 conlinnataeque
803 2168 821 2208 a
848 2146 1005 2210 friderico
1030 2146 1053 2208 I.
1083 2146 1294 2228 imperatore,
1330 2149 1505 2230 imperialis
1531 2149 1679 2215 Ecclesiae
1706 2146 1869 2229 Aquensis.

517 2227 629 2311 Llluig.
646 2229 677 2297 si
702 2229 740 2298 it.
754 2230 785 2293 P.
799 2227 889 2310 Sper.
904 2227 997 2292 Cont.
1012 2247 1066 2290 tv.
1083 2231 1163 2303 ttlltt
1176 2229 1258 2297 tbetl
1267 2268 1278 2305 ,
1302 2248 1332 2312 p.
1347 2249 1399 2312 53.

458 2346 487 2378 aa
752 2347 760 2362 ·
1321 2367 1325 2374 .
1844 2338 1854 2355 ·

509 2343 1279 2507 islicrifuiblsiiislsillisis.)aluisii?
1287 2343 1545 2491 sistitis
1565 2341 1871 2504 ditissimis&

519 2506 550 2568 dt
572 2509 812 2570 Procetanarum
836 2508 1058 2588 descriptione,
1090 2507 1121 2569 P.
1142 2527 1171 2589 4.
1193 2512 1245 2571 ubi
1263 2509 1427 2580 observat,
1451 2510 1499 2572 nti
1515 2506 1608 2588 ipsius
1628 2507 1721 2566 verba
1739 2501 1870 2564 sonante

521 2590 602 2668 qnod
624 2589 753 2670 ipsemet
773 2589 908 2651 Carolus
931 2590 972 2653 M.
995 2608 1067 2651 cum
1090 2588 1281 2670 Aqniagtani
1302 2599 1495 2662 moraretur,
1519 2590 1550 2650 in
1574 2586 1710 2667 templo,
1731 2604 1802 2644 cum
1821 2583 1871 2656 iia,

475 2675 480 2686 ’
522 2669 624 2732 locum
640 2669 672 2732 dt
690 2671 831 2740 stallum,
851 2668 920 2751 post
933 2669 1135 2741 Sacerdotes,
1162 2673 1243 2733 inter
1258 2671 1438 2743 Diaconos,
1464 2686 1640 2747 occupans,
1662 2666 1808 2732 canebat,
1835 2663 1871 2725 dc

457 2782 459 2786 ·
523 2751 684 2831 psallebat:
709 2753 894 2832 voluitque,
910 2763 947 2814 ut
959 2752 1039 2832 ejus,
1058 2754 1090 2813 in
1107 2751 1243 2830 lmpetio
1257 2750 1468 2821 Successorea,
1485 2749 1718 2812 canonicorum
1733 2762 1866 2806 numero

523 2833 746 2906 adscribantur,
769 2833 863 2915 hujus
881 2831 1026 2896 Eccleliae
1041 2831 1250 2912 juramentum
1268 2831 1431 2916 praestent,
1450 2833 1582 2912 iuraque
1599 2826 1741 2890 adinstar
1760 2824 1872 2885 Praela-

521 2923 640 2985 torum,
664 2914 806 2996 solvant3
836 2913 882 2977 ci.
908 2913 964 2974 Dn.
992 2912 1134 2975 liuderus
1154 2913 1276 2978 Dissert.
1297 2933 1453 2994 praemem.
1479 2915 1510 2990 s.
1529 2923 1558 2983 8.
1586 2919 1663 2969 nota
1686 2909 1721 2937 '⁸
1743 2924 1815 2986 pag.
1839 2925 1870 2990 7.

522 2996 589 3060 Vid.
606 2998 699 3057 etiam
715 2995 844 3058 Domini
859 2994 971 3057 Moseri
986 2994 1115 3064 &tantia
1127 2994 1217 3069 sitan
1229 3003 1278 3060 ors
1291 2999 1330 3074 s).
1343 2995 1384 3063 nt.
1398 2996 1439 3060 ss.
1454 2994 1550 3059 etan
1562 2988 1682 3065 tarnat,
1696 3007 1765 3069 pag.
1778 3005 1829 3072 γι.

466 3114 509 3146 “·
527 3109 664 3182 Vellem,
689 3110 838 3173 attulisset
856 3111 914 3173 Vir
927 3108 1059 3179 dostua,
1081 3107 1278 3189 (stauriscus
1297 3108 1500 3183 Blnndellus)
1516 3104 1630 3184 justum
1646 3102 1871 3169 testimoninm.

524 3192 566 3254 sl.
592 3193 731 3253 Buderus
754 3192 874 3255 Dissert.
892 3191 924 3254 &
945 3192 1039 3261 loco,
1060 3193 1158 3253 modo
1180 3194 1294 3253 citatis.
1340 3191 1474 3254 Verum.
1498 3188 1584 3270 quod
1602 3206 1677 3264 pace
1696 3188 1773 3248 tanti
1791 3184 1870 3257 Viri,

524 3274 674 3340 dixerim,
697 3273 806 3344 facile,
829 3272 979 3342 sortalsts,
1004 3282 1070 3333 erat
1084 3270 1268 3344 Blondello,
1296 3272 1408 3352 iustum
1430 3269 1538 3334 afferre
1561 3267 1789 3339 tessimonium,
1815 3265 1872 3328 nisi

524 3352 668 3433 potasset,
690 3354 771 3416 hane
785 3373 881 3416 rema
898 3356 1022 3416 nemine
1041 3366 1187 3418 vocatam
1204 3357 1241 3417 iri
1260 3355 1456 3426 indubium,
1479 3351 1565 3433 quod
1582 3348 1754 3430 insequenti
1772 3367 1872 3410 anno·

523 3439 638 3499 tamine
656 3434 740 3468 '’'·
756 3438 865 3520 paucis
882 3436 1073 3498 ostendetur.

465 3551 530 3586 ”⁸¹
547 3554 682 3633 Maiori,
709 3564 795 3615 certe
817 3553 921 3625 laudi,
942 3550 1117 3633 gloriaeque
1135 3544 1277 3608 vertisset
1292 3544 1445 3609 Lothario
1460 3544 1615 3623 (Franriae
1627 3541 1728 3622 Regi,
1755 3538 1871 3602 Fusco·

524 3654 590 3697 nem
601 3634 657 3696 lis.
672 3636 765 3696 lindis
774 3635 950 3707 Comitem,
964 3631 1101 3696 disteriis
1114 3625 1287 3705 lacessenti)
1299 3627 1320 3688 fi
1330 3626 1475 3688 Carolum
1487 3627 1586 3705 liqui
1598 3634 1708 3685 cantus
1721 3620 1873 3682 Ecclesia·

524 3715 587 3779 stiei
611 3736 680 3778 eam
702 3717 833 3796 adeptus
854 3728 920 3777 erat
938 3714 1099 3794 peritiam,
1120 3708 1258 3773 utillum
1275 3708 1455 3780 emendare,
1480 3702 1777 3769 &emendationem
1798 3721 1873 3782 pro·

525 3799 606 3869 dire,
625 3810 718 3878 atque
730 3798 898 3877 evulgare.
921 3794 982 3876 ipse
994 3793 1168 3860 curaverit,
1192 3788 1225 3850 δι
1240 3808 1483 3870 nonnunquam,
1506 3790 1538 3849 in
1558 3787 1680 3867 Ecclefia
1694 3804 1759 3846 carn
1780 3785 1872 3846 Cleri-

404 3885 411 3904 ⁴
525 3881 564 3940 cir
594 3876 741 3959 Psalmor,
767 3881 869 3960 palam
890 3876 1086 3947 decantarit;
1116 3869 1219 3934 fuisset
1246 3871 1397 3934 imitatus.
1445 3867 1569 3933 Testem
1599 3863 1873 3946 locupletissimum

525 3958 651 4040 prosero
663 3955 894 4040 Eginhardum,
917 3960 958 4021 ita
975 3959 1014 4018 de
1027 3954 1143 4018 Carolo
1157 3953 1197 4014 Μ.
1213 3950 1416 4015 scribentem:
1450 3951 1609 4032 Legendi.
1632 3960 1726 4027 atque
1742 3945 1874 4026 psallen-

527 4043 555 4104 di
579 4041 792 4122 disciplinam,
822 4038 1052 4120 diligentisstme
1071 4034 1263 4099 emendavit.
1326 4032 1401 4096 Erat
1421 4037 1503 4094 enim
1525 4030 1682 4108 utriusque
1704 4026 1873 4122 admodum

526 4124 688 4186 eruditus:
712 4140 886 4203 quanquam
903 4120 965 4202 ipse
978 4140 1036 4181 nec
1050 4118 1174 4198 publice
1194 4115 1334 4194 legeret,
1358 4136 1416 4177 nee
1436 4114 1491 4176 nist
1507 4113 1687 4174 submissim.
1708 4106 1773 4171 NB.
1789 4105 1827 4171 ss
1840 4127 1874 4171 tn

526 4206 692 4277 romanat,
719 4203 769 4272 th.
791 4224 819 4266 e.
843 4222 912 4264 cum
938 4201 1063 4279 reliquis
1088 4198 1257 4260 Canonieis
1282 4194 1385 4257 stmul
1414 4206 1558 4256 cantaret.
1619 4188 1816 4272 Eginhardus
1835 4189 1874 4253 de

528 4286 593 4346 vita
610 4285 718 4348 Caroli
734 4284 775 4348 Μ.
794 4284 875 4366 apud
892 4281 1119 4351 Doschenium,
1138 4276 1177 4343 T.
1195 4295 1224 4340 2.
1240 4298 1268 4348 o.
1286 4297 1352 4358 103.
1369 4295 1435 4339 110.
1451 4275 1483 4337 dt
1500 4274 1581 4354 apud
1593 4272 1790 4349 Reubernm,
1816 4291 1877 4332 ve·

529 4375 582 4427 ter.
597 4364 699 4447 script.
714 4364 776 4429 dcc.
795 4363 829 4427 L.
845 4365 894 4426 26.
910 4383 981 4444 pag.
996 4381 1065 4436 223
1085 4381 1128 4422 ex
1146 4377 1210 4438 quo
1226 4359 1324 4428 libro,
1344 4356 1377 4418 dr
1390 4360 1491 4438 rapite
1507 4356 1646 4417 addimus
1662 4354 1873 4432 insequentia:
1900 4355 1924 4374 ³

528 4446 684 4514 Ertiesnm
694 4465 781 4510 mant
798 4443 837 4509 ss
848 4444 979 4524 vesperi,
997 4441 1151 4505 nassarrn‘r
1164 4444 1235 4500 item
1255 4438 1356 4510 horis,
1375 4435 1413 4500 s!
1427 4435 1568 4513 sacrificis
1585 4447 1732 4514 tempora,
1755 4432 1875 4513 qttanda

528 4546 592 4588 etant
604 4517 741 4591 naletado
754 4525 942 4609 permiserat,
958 4527 1093 4604 smpegre
1096 4519 1150 4601 fra
1171 4521 1320 4581 amiatae.
1357 4517 1392 4579 ln
1406 4518 1541 4581 Ecclesia
1555 4519 1688 4578 Palatina
1721 4512 1878 4593 Aquenst)
1973 4577 1977 4590 ,

529 4610 594 4687 regi
614 4611 652 4671 ab
673 4630 714 4674 eo
734 4608 842 4685 solita,
863 4615 968 4673 narrat
980 4602 1136 4690 ¹Gallenstr
1150 4541 1347 4677 ilonachna,
1367 4601 1448 4685 apud
1462 4598 1661 4676 Gelasium,
1683 4596 1752 4665 Rer.
1770 4594 1875 4658 Alam.

478 4686 595 4768 Tamus
610 4690 658 4772 V.
1238 4687 1271 4761 0
1750 4787 1755 4792 ¹
1817 4686 1875 4753 ali·
