5017 5592
575 477 897 564 nocturni.
921 415 989 556 du
1007 478 1276 602 manuue
1294 481 1505 562 rtuurn
1527 483 1802 565 runataro
1823 492 1889 568 ac.
1915 439 1991 596 tir

511 660 729 738 eonllitutum
745 647 890 756 legitur:
914 668 1014 758 plures
1035 664 1233 758 Baptismales
1256 639 1399 750 Ecclesia
1413 673 1445 737 in
1465 693 1532 739 vna
1556 672 1769 743 terminatione
1783 673 1838 767 effe
1858 699 1915 746 nen
1927 677 1993 774 paſs
2056 741 2059 746 .
2091 648 2125 681 '⁴

508 771 607 860 luat,
620 766 676 856 fed
690 789 756 835 vna
776 767 1063 834 tantummodum
1077 763 1207 854 sudditis
1222 769 1347 858 capellas.

502 969 505 976 ,
634 901 758 970 xxiv.
783 900 957 992 Quaenam
982 922 1062 967 vero
1086 897 1165 968 olim
1191 891 1317 969 suerint
1343 898 1487 980 Ecclefiac
1512 898 1730 992 Baptismaltt,
1757 901 1909 998 pluribus
1929 926 1994 980 tra·
2047 893 2075 968 .'

514 996 600 1072 dunt
619 1005 657 1096 J.
682 1002 926 1068 FILESACUS
945 1002 1055 1065 Dosiot
1074 1001 1247 1066 Sarbanitrts
1265 1000 1356 1068 Saec.
1375 1017 1453 1066 xvi.
1472 1000 1509 1065 de
1524 1005 1638 1090 origine
1652 1010 1860 1091 paractiarum'
1873 1013 1942 1090 Cap.
1959 1033 1993 1082 4.

511 1122 568 1196 per
583 1119 697 1167 tarum:
724 1096 914 1182 Sebastianus
930 1100 1106 1166 CAESAR
1123 1098 1158 1162 de
1173 1097 1352 1164 Hierartltu
1368 1095 1529 1186 Ecclefiast.
1552 1100 1659 1168 Claud.
1684 1105 1764 1169 fia
1772 1107 1851 1172 URI
1867 1101 1944 1193 Diff.
1960 1130 1995 1177 ι.
2080 1163 2090 1184 ,

516 1200 556 1267 de
573 1194 702 1288 Baptist.
747 1192 836 1262 lllud
852 1214 979 1262 tanturn
1002 1190 1092 1280 (nea
1115 1189 1287 1287 propofito
1302 1215 1378 1261 meo
1393 1193 1518 1274 diutius
1539 1190 1729 1290 abstrahar)
1756 1197 1809 1268 hic
1831 1221 1997 1270 memora·

514 1291 581 1374 bo,
599 1294 793 1371 Parotbiam,
819 1291 998 1379 viaetestm,
1018 1291 1231 1378 a'c'Etclefiam
1254 1289 1469 1383 Bcprtfmalem
1484 1295 1517 1360 in
1538 1295 1682 1388 antiquis
1701 1293 1881 1367 verborum
1899 1292 1996 1369 Glos-

514 1389 612 1466 sariis
629 1416 664 1461 ac
678 1387 910 1460 Vocabulariis
928 1390 1070 1482 reperiri
1090 1387 1273 1482 synonima.
1323 1391 1376 1459 stc
1394 1397 1428 1459 C.
1448 1387 1867 1484 DUFRESNEDtaetefim
1881 1375 2014 1494 applelv-
2032 1421 2035 1426 ·

515 1489 565 1561 lat
586 1492 781 1571 rarat-tram
807 1492 946 1557 ERITO
961 1489 994 1555 in
1012 1484 1070 1556 suo
1085 1486 1310 1566 Vocabulario
1333 1486 1436 1558 dicit:
1465 1488 1613 1570 Dtnecefis
1626 1495 1746 1580 'proprie
1764 1491 1806 1582 est
1823 1497 1996 1584 Baptista.

516 1594 557 1664 lis
573 1589 717 1676 Eccleſste
731 1592 936 1663 terratorium,
960 1587 995 1658 {s
1010 1589 1201 1677 galemano.
1251 1584 1349 1657 Adde
1361 1603 1412 1657 tot
1427 1606 1533 1656 textus
1550 1587 1794 1672 Decretalium,
1817 1593 1850 1661 in
1872 1591 1995 1689 quibua

516 1690 675 1770 Diaetrfis·
687 1706 822 1756 vocatur
840 1679 996 1780 Episcopi
1019 1687 1179 1754 Parnasia.

590 1821 595 1832 '
637 1824 743 1890 XXV.
772 1818 873 1915 Quid
890 1839 926 1890 vr
950 1815 1069 1887 melius
1099 1815 1323 1907 intelligatur,
1348 1814 1531 1900 admoneo,
1554 1819 1754 1892 nnn'omncs
1775 1821 1858 1894 olim
1885 1826 1996 1900 Eccle-

517 1917 580 1993 fias
597 1914 689 1990 suill'e
711 1921 925 2006 Baptismus,
951 1912 1074 1986 sedens
1098 1939 1247 1997 tautum,
1271 1940 1356 2009 quae
1382 1921 1572 2012 Parocdtales
1593 1917 1804 2005 dicebantur,
1827 1918 1883 1993 seu
1908 1939 1997 1996 ¹'ara-

517 2025 603 2094 altiae
618 2040 672 2087 aut
697 2020 873 2094 Pladattt'ae,
898 2039 982 2106 quae
1000 2014 1112 2108 plures
1135 2011 1192 2082 sub
1209 2012 1240 2082 se
1268 2013 1502 2107 presbyteros,
1525 2016 1811 2111 particularesque
1832 2019 1997 2098 habebant

519 2114 689 2194 ecclesus,
710 2138 796 2208 quae
815 2117 950 2192 catellae
974 2109 1185 2182 vocabantur.
1235 2111 1315 2181 Tali
1335 2113 1515 2182 Parocltiae
1533 2103 1721 2206 pro'eseclus
1740 2115 1912 2189 dicebatur
1929 2127 1998 2194 Ple·

517 2219 631 2294 banus,
655 2237 695 2283 eo
712 2212 801 2303 quod
821 2210 963 2293 Ectlefiae
979 2207 1179 2299 Baptismales
1202 2210 1236 2278 in
1256 2208 1487 2280 Consiliorum
1503 2208 1672 2278 codicibus
1692 2217 1795 2282 Plebes
1812 2212 1925 2309 passim
1939 2245 1997 2293 tro·
2060 2243 2066 2254 ·

519 2337 650 2387 centur¹
704 2307 885 2379 Dicebatur
901 2329 934 2375 et
959 2307 1205 2402 Atrbiptesbyret
1230 2311 1385 2392 (nomine
1408 2306 1591 2376 hodiedum
1614 2308 1722 2379 Gallis
1746 2309 1880 2402 vsttato)
1907 2343 1995 2389 tura.
2105 2387 2112 2398 Ι

521 2419 577 2491 its,
601 2409 651 2479 vel
668 2395 868 2494 elestatensis,
889 2429 990 2500 prout
1005 2402 1055 2473 vel
1072 2404 1195 2483 rurali,
1216 2400 1465 2475 velciuitatenli
1488 2404 1668 2498 parochiae
1690 2431 1762 2481 erat
1777 2409 1997 2508 praepofiwg

518 2512 686 2606 Videatur
703 2502 843 2598 desuper
863 2508 1095 2573 Panormitamrt
1110 2500 1150 2586 ad
1177 2513 1249 2595 Gap.
1267 2501 1311 2579 4.'
1322 2507 1359 2572 de
1375 2503 1462 2588 Offic.
1479 2505 1605 2595 Arrhip.

639 2644 760 2710 XXVI.
792 2646 834 2707 At
850 2660 930 2710 vero
948 2658 1052 2728 quum
1067 2635 1101 2705 bi
1117 2636 1373 2724 Atrbipresbyteri
1385 2635 1423 2703 in
1433 2632 1559 2705 Concil.
1581 2636 1802 2718 Turonensis.
1817 2663 1846 2712 e.
1867 2650 1902 2716 c,
1910 2657 2001 2729 ΜΤ,
2081 2595 2097 2608 ⁹

525 2766 593 2814 can.
617 2766 668 2820 ιφ.
693 2738 771 2806 &in
796 2741 1028 2806 Claramanrana
1045 2761 1078 2806 a.
1098 2742 1132 2803 C.
1154 2758 1216 2813 tao
1222 2759 1254 2813 5.
1275 2757 1348 2804 can.
1360 2758 1390 2819 3.
1410 2733 1568 2801 dicantur
1587 2739 1720 2814 marni,
1739 2739 1783 2807 vri
1802 2741 1884 2811 etin
1899 2747 2001 2838 Capi·
2066 2779 2074 2784 -

521 2839 603 2911 tulis
622 2833 693 2933 past
712 2838 852 2924 synodum
875 2839 1080 2900 Rattmnatem
1097 2831 1186 2925 apud
1201 2834 1320 2901 Boron.
1342 2854 1373 2899 n.
1393 2838 1449 2902 26.
1465 2831 1519 2898 vbi
1546 2826 1670 2902 dtserte
1686 2831 1832 2924 legitur:
1860 2847 1998 2915 DECA·
2129 2845 2134 2860 '

521 2942 584 3011 NI
599 2991 605 3002 .
632 2941 683 3024 qui
704 2936 951 3022 presbyteratum,
972 2941 1024 3019 qut
1037 2954 1090 3017 per
1103 2936 1231 2999 minares
1246 2935 1352 3000 titulat
1367 2931 1531 3015 talanat,
1548 2949 1655 2999 vtrant
1666 2939 1729 3024 iugi
1745 2936 1999 3028 catcamlpedltane

524 3035 718 3120 tulladtunrr
745 3035 859 3100 Drcani
881 3052 963 3097 vero
977 3027 1112 3095 nomine
1130 3028 1336 3116 intelligatur
1357 3031 1488 3108 omnis,
1507 3028 1570 3121 qui
1591 3038 1742 3098 &tantae
1769 3029 1826 3103 seu·
1848 3039 1998 3109 decemui-

524 3139 584 3205 ralt
600 3137 714 3218 tallagio
731 3124 880 3223 praecii,
906 3147 1079 3218 quumque
1100 3134 1234 3193 Decuma
1250 3123 1374 3213 Anglis
1391 3126 1520 3196 dicatur
1541 3132 1735 3198 DECIMA
1752 3125 1798 3200 *ε
1827 3131 1904 3202 hinc
1921 3133 1999 3210 sane

524 3229 710 3303 concludo:
741 3235 928 3300 veranum,
954 3223 1082 3311 anglice
1104 3227 1375 3299 DECIMAM,
1399 3217 1465 3290 else
1485 3219 1685 3299 Ecclefiam,
1713 3229 1764 3292 cui
1788 3229 1915 3314 praeest
1935 3243 1999 3302 De.

526 3354 630 3402 cartus.
682 3330 722 3394 Et
738 3322 778 3393 stc
796 3321 979 3416 explicatur
994 3343 1027 3388 tn
1044 3315 1210 3413 praesenti
1223 3339 1318 3390 textu
1337 3318 1418 3391 haec
1435 3342 1517 3401 vox,
1536 3317 1630 3390 cuius
1654 3318 1812 3415 expufitio
1834 3328 2004 3424 interpre-

524 3451 598 3501 tum
620 3425 835 3515 ingeniatum
850 3422 935 3488 mite
959 3412 1064 3510 torsit.

568 3559 586 3601 ⁸
610 3558 655 3624 Vt
675 3559 736 3619 iam
757 3555 843 3637 supra
857 3552 898 3617 N.
914 3549 1002 3615 XIX.
1021 3551 1149 3613 vberius
1162 3547 1390 3612 demonstraus.

644 3703 782 3771 xxvii.
811 3699 887 3767 Nec
908 3695 993 3767 dicat
1009 3700 1100 3790 quis,
1129 3694 1195 3765 hoc
1213 3711 1450 3785 argumentum
1469 3688 1579 3760 minus
1599 3685 1689 3764 resle
1711 3715 1730 3764 a
1749 3693 2002 3786 betulatfiiiuf,

525 3800 631 3881 fione,
657 3797 754 3892 supra
771 3802 819 3867 N.
842 3798 913 3868 XX.
930 3792 987 3864 sub
1002 3790 1156 3865 asterisco
1170 3792 1325 3885 allegata,
1351 3788 1393 3858 ad
1413 3791 1633 3873 caelestium
1650 3791 1868 3876 concludere,
1895 3806 2002 3871 nemi.
2071 3819 2074 3824 ¹

525 3925 604 3973 nem
624 3924 731 3977 cntm,
756 3901 906 3965 Statuum
925 3917 960 3963 ac
976 3892 1197 3963 Hierarchtae
1213 3892 1378 3987 principia
1395 3887 1622 3980 indagantem,
1651 3888 1778 3969 latebit,
1804 3890 2001 3973 diuistonem

527 3996 679 4071 ecclcstac
696 4003 729 4062 in
750 3994 861 4064 multis
877 3988 908 4059 sc
925 3985 1181 4060 accommodasse
1196 3984 1351 4060 ciuilibus
1367 3987 1505 4081 imperii
1521 4010 1553 4055 et
1564 3987 1756 4076 Regnorum
1770 3986 2002 4082 diuisionibua‚

525 4097 618 4194 quod
634 4096 744 4187 arguit
762 4146 764 4148 -
783 4115 822 4158 an
862 4118 889 4162 r.
906 4091 984 4160 Dii.
1001 4116 1074 4166 at„
1096 4073 1184 4157 absa
1204 4082 1452 4179 Metropolibus
1472 4081 1724 4175 Metropolttani
1742 4085 1863 4171 nostri,
1890 4096 2002 4184 arguit

527 4218 665 4289 qunque
682 4193 731 4262 val
749 4186 856 4284 ipsum
874 4194 987 4255 anani
1004 4209 1144 4260 nomen,
1172 4186 1261 4276 quod
1280 4185 1435 4273 primitus
1451 4179 1648 4251 saecularem
1664 4182 1834 4256 denotauit
1850 4190 2000 4262 mitulle·

526 4296 656 4366 rialcm.
687 4293 861 4372 capitulare
875 4288 982 4354 Karoia
999 4294 1058 4354 M.
1082 4309 1134 4352 to.
1152 4284 1186 4357 Ed
1202 4301 1261 4363 58.
1277 4284 1313 4348 de
1333 4302 1361 4346 a.
1387 4288 1421 4349 G.
1443 4295 1532 4358 800,
1566 4300 1599 4348 et
1623 4283 1737 4372 Pipptnt
1760 4285 1860 4376 Regis
1887 4285 2000 4361 ltaliae

527 4391 570 4461 de
587 4417 612 4457 n.
636 4414 679 4476 79
692 4419 727 4471 t,
752 4380 963 4474 pnllmudttm
978 4406 1058 4450 vcro
1074 4383 1205 4449 notorie
1224 4374 1409 4448 minoribus
1427 4372 1587 4446 Ecclesiae
1602 4377 1778 4460 Praelatis,
1810 4380 1886 4450 sicut
1904 4390 2000 4474 prius

526 4489 715 4564 minoribus
733 4484 887 4556 villarum
903 4476 1086 4562 iudicibus,
1113 4478 1227 4549 datum
1244 4471 1320 4548 furt.
1374 4475 1472 4547 Hanc
1493 4470 1708 4569 saecularium
1731 4501 1831 4575 atque
1852 4477 2000 4556 ecclelia.

1911 4573 2008 4651 ilico
