5017 5592
516 642 592 721 aaa
690 629 1031 718 utssuttratto
1053 627 1192 733 Juttts
1220 625 1416 708 tuamet
1436 609 1811 712 occusstnsrtct
1843 707 1846 714 .

540 791 542 796 ’
1098 845 1415 937 aa=te=aa

757 1045 1379 1164 Animadversiones
1443 1044 1760 1192 Editoria.

518 1195 619 1370 At
644 1299 676 1386 §.
700 1299 778 1368 VII.
833 1289 1006 1366 Reslehic
1027 1287 1158 1366 Aullor
1179 1288 1345 1388 ejusmodi
1372 1291 1502 1364 Statum
1519 1292 1554 1364 in
1581 1294 1676 1365 Statu
1698 1283 1839 1388 reiicit,
1864 1287 1989 1389 qualem

519 1417 633 1468 tamen
648 1386 761 1487 pallim
776 1416 793 1464 t
809 1390 991 1465 Catholicis
1015 1393 1221 1489 propugnari
1243 1388 1434 1486 complures
1454 1387 1513 1461 stbi
1539 1389 1762 1466 Proteslstttes
1778 1386 1992 1487 persuadeam

364 1515 366 1520 ·
520 1493 713 1588 aliquorum
730 1493 820 1562 enim
842 1488 1095 1589 ¹Catholicorum
1112 1490 1309 1588 opinionem
1330 1486 1486 1561 omnibus
1505 1483 1664 1581 affingere
1683 1509 1896 1585 temporum
1913 1487 1993 1571 licet,

393 1627 395 1632 ·
502 1611 622 1694 'quam
643 1611 763 1685 patum
780 1590 814 1659 id
834 1590 921 1658 inter
942 1584 1015 1656 suos
1038 1587 1219 1681 potientur.
1274 1583 1365 1656 Addi
1381 1586 1436 1658 hic
1457 1609 1650 1669 merentur,
1675 1609 1765 1684 quae
1785 1587 1903 1682 inquit
1924 1587 1995 1658 Lu.

520 1706 655 1759 cistas
678 1688 771 1786 Jvris
790 1688 897 1780 publici
921 1683 1113 1770 Ecclessaliiti
1136 1691 1231 1756 Pam
1242 1687 1379 1777 general.
1406 1689 1542 1761 Viennae
1560 1712 1662 1766 1774·
1681 1709 1713 1780 p.
1740 1709 1822 1769 149.
1872 1683 1938 1755 Sed
1953 1683 1993 1755 its

518 1787 655 1873 „Statua
671 1804 780 1855 tamen
797 1785 830 1853 in
847 1785 975 1853 Statum
997 1779 1190 1861 inducetur,
1213 1779 1305 1876 quod
1321 1783 1467 1878 imperio
1482 1781 1590 1865 civili,
1608 1779 1845 1878 majestatique
1858 1777 1995 1852 summo·

520 1905 621 1971 „rum
644 1882 881 1977 imperantium
905 1879 1122 1951 vehementer
1145 1875 1318 1950 adversum
1333 1877 1391 1950 est.
1454 1883 1528 1974 Ego
1544 1904 1626 1952 vero
1644 1876 1771 1952 adversi
1788 1877 1893 1974 video
1908 1901 1994 1976 pror·

519 1975 598 2070 „sus
614 1977 709 2048 nihil.
759 1981 854 2059 Scio,
875 1978 935 2074 qui
954 1973 1059 2050 ilihoc
1080 1975 1261 2048 Catholicis
1274 1975 1453 2070 objiciunt,
1469 1978 1550 2074 quid
1569 1975 1626 2049 fibi
1646 1977 1784 2052 velint?
1809 1977 1995 2048 statunat-

520 2075 664 2164 ‚,delicet
688 2073 966 2156 Ecclesiasticum,
986 2077 1020 2144 in
1046 2099 1114 2172 quo
1135 2079 1312 2146 Sacrorum
1335 2071 1504 2146 Antistites
1528 2097 1663 2172 praeter
1688 2074 1909 2166 Religionem
1929 2075 1993 2146 ani·

519 2197 744 2266 „metumque
765 2173 902 2246 salutem
918 2195 1032 2244 rerum
1050 2171 1287 2269 temporalium
1304 2194 1338 2242 ct
1352 2175 1564 2264 negotiorum
1582 2195 1714 2270 partem
1730 2173 1916 2244 maximam
1924 2167 1994 2244 sues

519 2267 769 2370 „jurisdilliooi
789 2270 984 2366 subjiciunt;
1008 2265 1180 2366 personas,
1195 2293 1269 2352 res,
1282 2264 1368 2340 hona
1383 2265 1592 2342 ecclesiastica
1613 2273 1725 2341 onmia
1739 2271 1894 2382 imperio
1907 2267 1991 2342 cirili

474 2375 482 2390 '
506 2370 677 2466 „penitus
692 2367 895 2454 subducunt;
921 2364 954 2439 se
968 2364 1111 2464 suosque
1125 2369 1238 2439 divino
1251 2367 1328 2462 jure
1349 2389 1521 2463 exemptos
1543 2367 1766 2440 contendunt:
1792 2371 1927 2462 jurium
1940 2365 1993 2438 ho·

518 2490 732 2561 „nurumque
749 2466 897 2537 civilium
916 2468 1153 2538 communione
1168 2465 1296 2538 excludi
1312 2463 1344 2536 se
1359 2490 1425 2549 nott
1449 2461 1572 2548 linunt,
1597 2461 1757 2561 respuunt
1782 2489 1900 2539 autent
1921 2485 1993 2538 oue·

516 2587 618 2650 „rum
634 2559 906 2663 tributorumque
915 2588 1014 2635 omne
1028 2586 1149 2655 genus:
1176 2561 1343 2658 poliremo
1353 2565 1461 2655 Reges
1476 2565 1576 2634 ctiam
1592 2559 1738 2635 summos
1753 2587 1793 2634 rc
1808 2559 1994 2658 regnasute

518 2659 697 2761 „potellati
711 2660 838 2735 direslc
851 2663 902 2735 vel
917 2657 1080 2734 indiresle
1091 2661 1232 2732 obnoxia
1248 2656 1312 2732 esse
1328 2661 1464 2744 volunt;
1487 2663 1594 2754 Reges
1610 2661 1807 2756 deponunt·,
1831 2683 1938 2755 regua
1951 2657 1993 2730 di·

518 2760 684 2846 „viduntz
712 2761 800 2832 hunc
817 2763 951 2856 inquam
967 2764 1097 2831 Statum
1114 2784 1189 2831 cum
1206 2759 1294 2830 civili
1312 2755 1404 2830 Statu
1420 2764 1578 2854 componi
1594 2759 1688 2830 nullo
1704 2760 1811 2832 modo
1822 2755 1994 2854 polsecou·

519 2858 703 2943 „tendunt,
727 2858 818 2952 quod
834 2857 969 2952 quidem
980 2853 1106 2928 faciunt
1117 2881 1223 2952 aequo
1237 2862 1340 2953 Jove,
1360 2851 1636 2927 consentientibus
1651 2882 1670 2927 e
1684 2859 1929 2929 communione
1943 2855 1992 2926 do·

519 2953 690 3040 „bdilstmis
709 2978 776 3026 tam
798 2954 1006 3046 Theologis,
1029 2979 1130 3049 quam
1145 2960 1229 3050 Jure
1248 2952 1422 3034 consultis,
1446 2951 1500 3024 scd
1524 2955 1577 3024 hic
1600 2960 1710 3026 Status
1736 2980 1798 3026 nec
1820 2980 1839 3026 a
1864 2949 1991 3026 Chrisio

519 3050 590 3136 „est
606 3049 791 3132 institutus,
815 3077 875 3124 nec
896 3075 913 3119 a
934 3049 1052 3122 sanblis
1077 3050 1229 3121 Patribus
1251 3051 1409 3132 traditus,
1432 3075 1540 3148 neque
1560 3051 1659 3125 talem
1686 3076 1836 3147 unquam
1856 3047 1990 3124 Ecclcsa

518 3146 602 3234 „libi
637 3147 809 3220 Catholica
834 3148 1024 3220 vindicavit.
1084 3152 1185 3218 Hunc
1217 3170 1409 3242 temporum
1432 3149 1600 3220 barbarica
1622 3174 1655 3222 ct
1678 3151 1814 3243 ignavia
1842 3151 1990 3248 peperit.

518 3246 625 3329 „aluit
646 3249 833 3338 ignorantia
848 3270 881 3318 ct
907 3243 1184 3316 scholasticorum
1201 3245 1304 3316 otiosa
1325 3243 1479 3322 sedulitas
1504 3250 1635 3319 ornavit
1657 3246 1883 3319 renitentibus
1907 3245 1990 3318 nulio

490 3349 493 3356 ’
518 3370 609 3428 „nott
631 3367 786 3439 tempore
807 3340 998 3438 doblilstmis
1019 3343 1108 3439 juxta
1125 3367 1160 3413 ae
1182 3339 1383 3414 saneliffinns
1411 3344 1614 3417 hominibus.
1664 3349 1776 3416 Status
1792 3343 1900 3428 sacri,
1923 3366 1992 3440 qua·

516 3443 608 3525 „lem
630 3446 787 3514 Servatur
812 3438 875 3514 else
902 3441 1030 3522 voluit,
1059 3445 1125 3511 Lex
1149 3442 1230 3512 haec
1246 3439 1293 3512 est
1314 3436 1595 3515 fundamentalis:
1622 3445 1708 3515 Date
1730 3442 1892 3526 Caesari,
1914 3463 1991 3538 quae

514 3538 613 3625 „sunt
624 3537 784 3621 Caesaris,
795 3535 1003 3635 etquaesunt
1013 3541 1090 3622 Dei,
1100 3542 1185 3620 Deo,
1197 3537 1375 3610 secundum
1390 3565 1490 3634 quam
1504 3537 1619 3613 relisit
1628 3539 1763 3611 summis
1775 3539 1989 3636 Principibus

516 3641 670 3730 „integra
686 3660 800 3709 rerum
820 3631 1038 3733 profanatum
1058 3660 1182 3707 curaer
1198 3635 1497 3721 administratione,
1519 3638 1694 3732 religionis
1711 3661 1844 3710 tantum
1859 3662 1897 3712 et
1912 3635 1993 3711 salu·

517 3738 583 3820 „tis
605 3738 755 3807 internae
770 3737 903 3826 negotia
917 3734 957 3804 ad
974 3733 1067 3805 suum
1090 3735 1316 3830 principatum
1333 3759 1483 3806 revocat:
1512 3738 1694 3832 imperium
1715 3733 1906 3828 Regibusa
1927 3739 1995 3807 Deo

517 3829 748 3917 „commissum
768 3829 829 3927 ipst
848 3834 946 3903 ctiam
963 3832 1148 3923 Religionis
1166 3829 1336 3904 Antislires
1352 3856 1508 3927 tanquam
1524 3832 1645 3906 subditi
1661 3834 1793 3916 colunt,
1819 3839 1934 3928 Leges
1945 3857 1994 3906 eo·

518 3955 617 4012 „rum
639 3953 857 4009 venerantur,
886 3927 1047 3999 tributum
1071 3928 1250 4026 pensttant,
1271 3953 1448 4024 ceteraque
1468 3927 1594 4003 faciunt
1616 3934 1728 4002 onmia
1749 3931 1830 4003 boni
1850 3923 1992 4007 citisus

517 4026 632 4110 „ficia,
651 4054 669 4099 a
687 4026 807 4124 quibus
823 4026 947 4097 nullam
970 4026 1144 4097 clementia
1162 4030 1325 4119 Principis
1348 4030 1594 4101 immunitatem
1620 4023 1665 4099 est
1688 4031 1879 4123 impertita.
1932 4033 1992 4100 Ta·

516 4127 580 4206 „lis
597 4149 706 4197 autem
723 4150 799 4196 cum
815 4124 851 4196 stt
870 4123 1029 4196 Ecclesiae
1045 4123 1250 4196 Christianae
1268 4130 1394 4204 Status,
1418 4151 1521 4220 quum
1538 4153 1604 4198 nott
1621 4130 1832 4222 irruutpatin
1851 4130 1991 4200 alienum

516 4218 706 4303 „officium
728 4249 793 4294 non
809 4218 987 4293 transferat
1003 4246 1103 4314 regna
1120 4224 1256 4302 mundi,
1277 4248 1342 4291 nou
1359 4222 1497 4314 abroget
1513 4231 1618 4316 Leges
1634 4223 1919 4314 Magilirntuum,
1931 4247 1992 4296 aon

413 4318 415 4322 ’
517 4319 635 4402 „tollat
645 4319 827 4410 legitimam
842 4321 1085 4401 obedientium,
1104 4345 1170 4390 non
1186 4320 1476 4414 impediatjutiicta
1493 4322 1534 4390 de
1550 4322 1626 4392 ullis
1643 4321 1798 4393 civilibus
1812 4325 1991 4396 ordinatio·

515 4413 637 4499 „nibus
659 4440 713 4488 aut
735 4417 959 4489 contrasiibus
977 4467 985 4498 ,
1004 4443 1069 4488 non
1092 4415 1292 4515 praescribat
1312 4423 1417 4509 Leges
1442 4417 1693 4512 Magisltatibus
1716 4421 1758 4490 dc
1782 4416 1899 4496 forma
1921 4422 1991 4492 Rei·

515 4513 708 4612 „publicae,
726 4512 804 4585 scut
818 4516 898 4587 dicit
917 4514 1090 4589 Chrislttst
1116 4519 1270 4607 Regnum
1288 4539 1400 4585 meuut
1418 4543 1483 4588 non
1503 4516 1548 4588 eil
1572 4517 1612 4588 de
1631 4518 1694 4587 hoc
1714 4520 1846 4592 mundo
1863 4547 1875 4607 ;
1898 4524 1989 4593 item:

515 4617 613 4711 „quia
629 4635 683 4686 me
696 4611 865 4685 conllituit
878 4612 1027 4709 judicem
1042 4635 1100 4685 aut
1118 4609 1297 4687 divisorem
1315 4610 1507 4711 supervos?
1528 4639 1561 4690 cr
1583 4617 1705 4688 Paulus
1718 4616 1806 4692 Phil.
1827 4645 1865 4715 3·
1887 4615 1991 4786 nostis

1889 4740 1958 4815 ttP⁰
1979 4751 1991 4772 ⁸
