5017 5592
495 644 503 652 ·
620 658 694 731 no
1066 634 1634 717 otsstnrxrto

620 850 699 903 nam
722 820 780 896 libi
803 822 971 921 imputet,
995 818 1076 892 dum
1099 817 1210 917 posuit
1229 843 1270 893 ex
1289 821 1474 894 intentione
1496 816 1605 905 seria,
1627 818 1661 894 dt
1683 816 1806 893 affeslu
1833 816 1948 895 saltem
1972 772 2104 901 eilieeoi

503 1103 510 1110 ,
623 1023 896 1124 quamprimum
922 1014 1062 1117 precisla
1081 1021 1334 1090 matrimonium
1360 1019 1550 1102 contrahit,
1575 1018 1657 1090 alius
1679 1043 1697 1088 a
1717 1023 1773 1089 Cre

622 924 736 1001 cauni
750 947 826 996 eum
843 918 1006 994 beneficio
1026 916 1210 992 obtinendo
1233 918 1538 1017 incompatibilem,
1560 923 1880 1088 praetereaioqpraxi
1896 922 2047 1038 obrinet,
2063 949 2106 1000 ut

575 1134 583 1142 ’
616 1134 759 1221 preces,
780 1122 833 1193 vel
847 1116 918 1215 ipse
937 1118 1136 1191 contrahens
1153 1119 1405 1208 matrimonium
1418 1139 1481 1212 per
1495 1114 1669 1189 ceffionem
1683 1120 1718 1186 in
1735 1045 1845 1191 eliasibie
1853 1021 2106 1222 jqqlsqqpqqpp

622 1219 787 1319 probante
801 1215 945 1299 Caesare,
965 1210 1162 1298 transferat,
1181 1219 1338 1312 quocirca
1351 1241 1419 1289 noti
1438 1214 1555 1299 uideo,
1576 1219 1634 1312 qui
1648 1214 1717 1313 juri
1732 1212 1792 1291 suo
1809 1214 2027 1305 renuntiatio,
2046 1245 2104 1296 co·

625 1343 693 1417 que
712 1320 844 1415 penitus
862 1312 1012 1388 excidisse
1030 1313 1096 1387 dici
1118 1338 1276 1412 nequeat.

668 1481 710 1570 a)
729 1480 915 1575 Vid.telata
929 1501 949 1546 a
963 1479 1159 1550 Stoeakenia
1172 1480 1205 1548 iu
1219 1478 1346 1550 Dissett.
1363 1480 1404 1548 de
1421 1499 1504 1568 pree.
1516 1484 1607 1569 prim,
1625 1480 1740 1569 Impar.
1753 1499 1785 1551 n.
1796 1479 1948 1554 Lxxlv.

1290 1696 1338 1785 §·v
1374 1690 1450 1769 vi.

746 1836 869 1937 Qioad
891 1831 1126 1935 professionem
1152 1835 1360 1932 religiosam,
1384 1835 1406 1910 si
1433 1839 1577 1914 invalide
1599 1836 1666 1915 fuit
1686 1837 1814 1923 emissa,
1835 1837 1951 1913 eadem
1974 1840 2108 1912 moveri

630 1936 740 2044 potest
755 1936 909 2037 quaelli03
937 1938 970 2007 dr
1016 1944 1048 2010 ui
1071 1942 1219 2034 primum
1238 1942 1271 2008 in
1293 1940 1510 2024 matrimonio
1525 1941 1672 2011 invalido
1693 1962 1847 2023 tuentur,
1869 1941 1932 2009 boc
1948 1937 2057 2034 ipsum
2072 1941 2109 2009 iu

632 2040 710 2117 casu
733 2029 940 2133 profeffionn
965 1968 1126 2129 rsiigiosae
1143 2036 1285 2106 invalide
1300 2030 1419 2106 emisse
1442 2034 1593 2109 adserere
1610 2037 1749 2116 debeor,
1771 2040 1844 2132 pari
1869 2041 1999 2108 tatione
2016 2060 2112 2107 uten-

633 2162 704 2213 tes:
720 2135 775 2209 led
788 2130 918 2217 rutliim
933 2157 1053 2228 parum
1074 2129 1277 2206 difficultatis
1297 2136 1326 2204 ei
1346 2131 1448 2219 inest,
1472 2134 1551 2204 dum
1574 2141 1688 2230 praxin
1711 2132 1914 2231 speeiamus,
1936 2158 2013 2204 cum
2056 2157 2113 2205 te·

633 2233 728 2317 cissa,
743 2236 807 2328 ,qui
824 2230 1013 2322 ingreditur
1031 2230 1247 2324 religionem,
1276 2231 1326 2302 vel
1342 2232 1410 2326 jam
1435 2256 1509 2302 ante
1529 2229 1762 2329 profeffionem
1779 2229 1946 2312 emissam,
1969 2158 2111 2302 celsona

635 2336 671 2409 io
690 2333 792 2403 alium
807 2328 918 2400 debite
935 2324 1040 2410 sabla,
1057 2329 1124 2399 'uri
1140 2328 1198 2399 suo
1218 2333 1404 2409 renuntiet,
1426 2329 1477 2400 uel
1493 2328 1515 2401 li
1529 2332 1594 2401 lioc
1609 2336 1758 2411 omittat,
1800 2328 1849 2400 ost
1871 2324 2111 2424 professionem

635 2433 722 2504 alius
738 2430 828 2500 illico
849 2451 964 2520 preces
986 2354 1149 2499 Calbreas
1170 2425 1208 2498 stt
1231 2429 1492 2524 impetraturus;
1515 2424 1538 2499 si
1562 2431 1703 2523 proinde
1727 2355 1940 2523 posmodum
1962 2427 2005 2498 de
2022 2429 2113 2497 inva-

402 2559 408 2571 ·
523 2608 526 2615 f
636 2528 767 2602 liditate
794 2516 1003 2622 profeslionis
1026 2521 1177 2607 constet,
1203 2519 1288 2595 ¹alter
1309 2524 1465 2618 precisla,
1486 2522 1655 2597 infinuatis
1683 2526 1856 2622 precibus,
1876 2549 1943 2596 non
1965 2523 2112 2610 recedet,

635 2624 890 2704 multominus,
912 2619 1017 2719 sijam
1035 2622 1147 2695 eidem
1160 2617 1358 2694 beneficium
1374 2646 1491 2692 vacans
1506 2620 1551 2693 est
1572 2624 1749 2704 collatum,
1772 2624 1813 2694 ad
1830 2624 1864 2694 id
1890 2619 2112 2695 deserendum

636 2721 798 2819 compelli
814 2723 963 2814 poterit:
990 2723 1023 2791 Si
1046 2741 1156 2790 tamen
1176 2722 1251 2815 quis
1272 2733 1364 2790 metu
1387 2718 1488 2790 velti
1509 2720 1625 2816 injusla
1653 2722 1692 2793 ad
1715 2718 1944 2818 profitendum
1960 2721 2013 2791 vel
2032 2744 2113 2792 con·

612 2818 616 2822 ’
637 2821 840 2895 trahendum
861 2820 1113 2889 matrimonium
1133 2840 1289 2908 cogatur,
1310 2814 1547 2897 existimarem,
1566 2819 1714 2891 nondum
1738 2805 1926 2902 infinuatis‘,
1948 2818 1980 2891 dt
2000 2842 2115 2898 etecu-

637 2922 721 2993 tioni
734 2915 962 3009 darisalrerius
976 2915 1149 3011 precibus,
1167 2914 1337 3011 juseidem
1351 2917 1517 3007 integrum
1535 2913 1727 3012 salvumque
1744 2916 1898 2998 exiliere,
1913 2919 2115 3014 hocquippe

638 3013 768 3090 incasti
789 3013 872 3082 nihil
889 3010 948 3108 ipsi
972 3015 1131 3109 imputati
1149 3015 1290 3108 poterit,
1314 3036 1373 3083 nec
1391 3013 1458 3084 ulla
1478 3018 1680 3086 renuntiatio
1695 3014 1745 3085 vel
1770 3010 1916 3113 expresse
1938 3015 1992 3086 vel
2015 3019 2115 3086 tacite

638 3111 726 3190 falia
741 3108 944 3192 censebitur,
968 3114 1105 3207 equitas
1120 3134 1210 3181 certe
1229 3110 1263 3181 dt
1284 3107 1391 3205 ipsum
1411 3111 1465 3206 jus
1482 3106 1602 3183 fortius
1628 3139 1692 3209 pro
1715 3117 1821 3207 priori
1846 3113 1986 3195 militat,
2011 3129 2114 3209 quam

490 3245 495 3250 -
551 3197 557 3214 ’
639 3238 705 3314 pro
720 3212 801 3280 alio:
828 3206 1029 3303 prasertim,
1053 3208 1134 3280 dum
1149 3209 1236 3281 devi
1257 3231 1347 3278 metu
1375 3233 1416 3279 ue
1443 3210 1638 3303 hujusmodi
1652 3216 1769 3309 iniquo
1784 3234 1879 3286 certo
1894 3208 2115 3302 constamnes

640 3335 696 3387 res
709 3308 864 3384 ulteriori
884 3308 1098 3405 longiorique
1112 3302 1313 3404 subjicienda
1329 3233 1375 3380 ed
1391 3307 1551 3402 indagini.
1662 3383 1666 3388 ,

1294 3530 1324 3621 i.
1372 3526 1473 3603 vri.

759 3660 930 3737 Postremo
952 3662 1105 3733 notorius
1125 3657 1171 3733 est
1187 3661 1221 3732 in
1242 3664 1393 3759 imperio
1412 3662 1553 3744 modus,
1574 3662 1708 3760 quojus
1730 3660 1877 3760 precislae
1900 3664 2117 3757 extinguimr,

644 3763 802 3838 videlicet
821 3757 937 3841 cribo,
961 3783 1139 3853 perquam
1160 3760 1297 3833 hicnon
1318 3759 1500 3857 simplicem
1526 3761 1716 3857 nudamque
1730 3763 1814 3857 juris
1836 3761 2118 3859 repudiationem,

645 3887 715 3960 quo
731 3857 824 3933 sensu
847 3881 1086 3950 nonnunquam
1106 3880 1183 3928 cum
1205 3858 1334 3954 injure
1355 3862 1514 3930 canonico
1532 3861 1570 3953 a)
1595 3881 1667 3930 tuin
1689 3861 1779 3932 civili
1793 3861 2037 3956 i)·aceipittrr,
2063 3858 2119 3933 sed

646 3961 832 4056 plenariam
857 3954 890 4025 di
913 3953 1097 4046 legitimam
1111 3954 1196 4047 juris
1215 3979 1254 4025 ex
1276 3955 1430 4051 precibus
1453 3954 1576 4052 quesiti
1601 3956 1843 4029 abdicationem
1858 3957 1878 4040 ,'
1891 3961 1926 4028 in
1947 3957 2121 4055 aliumque

648 4058 797 4150 eiusdem
822 4050 1074 4124 translationem
1094 4050 1320 4142 indigitamus.
1372 4053 1467 4125 Circa
1497 4055 1581 4125 hanc
1605 4056 1672 4136 duo
1695 4050 1898 4149 potiffimum
1916 4059 2061 4126 examini
2081 4055 2119 4127 dr

648 4152 868 4247 dis'quifitioni
891 4148 1113 4221 submittenda
1134 4152 1289 4228 veniunt,
1314 4151 1461 4247 primum
1484 4155 1517 4223 io
1539 4178 1580 4222 eo
1602 4152 1762 4235 consillit,
1791 4180 1831 4222 an
1855 4149 1952 4249 poffit
1979 4151 2122 4249 precisis

647 4245 790 4347 prefato
813 4249 915 4318 modo
937 4273 998 4348 per
1019 4243 1192 4318 ceffionem
1208 4252 1242 4318 in
1263 4248 1365 4319 alium
1387 4249 1437 4343 jus
1458 4247 1753 4346 praelenrationisa
1777 4249 1905 4323 Caesare
1931 4251 2121 4349 impc'tratae

646 4351 729 4422 citra
752 4345 966 4415 violatzonem
986 4349 1036 4416 Ss.
1052 4350 1226 4416 Canonum
1248 4344 1461 4418 transferre?
1484 4349 1671 4420 Secundum
1687 4355 1857 4420 concernit
1876 4348 2037 4432 modum,
2051 4374 2122 4446 quo

646 4439 824 4539 aprecisla
838 4442 912 4509 talis
929 4440 1025 4512 cessio
1042 4446 1075 4513 in
1094 4447 1187 4538 praxi
1207 4441 1281 4516 fieri
1303 4442 1448 4542 possit&
1472 4444 1599 4517 debeat.
1653 4452 1798 4518 Primam
1820 4441 2047 4543 quaeslionem¹
2061 4471 2124 4519 nee

645 4564 732 4614 unus
758 4537 894 4635 quidem
927 4540 1176 4612 catholicorum
1207 4541 1486 4629 Canonislarum,
1511 4568 1671 4638 quantum
1691 4544 1776 4626 scio,
1799 4543 1972 4642 exposuit:
1993 4539 2124 4616 Protes

646 4641 788 4720 mutium
802 4638 838 4709 io
858 4658 1001 4712 nurnero
1021 4633 1113 4724 suot,
1134 4642 1194 4737 qui
1214 4666 1289 4717 eam
1309 4641 1363 4717 vel
1380 4642 1537 4717 duntaxat
1557 4646 1755 4739 attigerunt,
1778 4648 1807 4737 t)
1827 4642 1888 4720 uel
1907 4643 2043 4743 plenius
2059 4639 2124 4781 ‘Mc'
