5017 5592
506 616 583 710 Μ,
600 614 809 693 aroino.
825 613 1024 732 Monuni
1043 611 1238 692 accurs.
1254 611 1385 692 nou.
1400 613 1461 694 ut
1472 561 1785 700 criminosos
1802 623 1867 700 ac.
1890 641 1956 727 33,
2095 585 2116 718 s

493 798 716 872 onsuetudine
733 796 793 869 sint
809 798 985 890 abrogare.
1036 761 1128 894 Quid
1146 821 1276 876 autern,
1303 790 1473 867 sivieiffim
1490 798 1600 893 Juder
1614 802 1733 874 Lticus
1748 808 1895 895 exigeret
1915 805 1957 875 ali

491 897 618 971 {eclesia
641 898 894 993 probationem,
921 894 1011 990 quod
1025 899 1131 986 Leges
1149 896 1213 965 111ae
1235 918 1381 989 unqurni
1402 900 1436 964 in
1459 895 1577 967 nostris
1594 897 1751 992 portibus
1774 896 1902 975 suerint
1921 906 1957 974 in

491 992 768 1078 isomdeducle?
795 1000 887 1064 Nam
905 998 1009 1084 Leges
1024 990 1257 1074 instituuntur,
1281 1016 1358 1063 cum
1372 994 1647 1088 promulgantur:
1672 992 1864 1079 firmantur,
1879 1022 1957 1073 cum
1992 1056 1993 1060 ,

491 1092 631 1167 roribus
647 1098 810 1186 utentium
826 1092 1057 1186 approbantur
1078 1094 1119 1177 ι).
1170 1093 1271 1162 Certe
1297 1090 1349 1163 hia
1375 1093 1583 1185 temporibus
1607 1089 1718 1187 passim
1743 1098 1955 1192 experimur,
2055 1097 2059 1102 ’

491 1197 541 1260 'nn
559 1192 684 1260 attendi
701 1190 741 1261 ad
755 1187 841 1262 istud
855 1187 1018 1287 spatium,
1042 1183 1102 1259 oili
1126 1184 1165 1260 sit
1180 1210 1281 1259 muru
1294 1188 1557 1275 circumdatum,
1592 1190 1625 1264 dr
1643 1188 1763 1265 serviat
1781 1185 1845 1290 pio
1867 1198 1956 1267 ertio

491 1287 628 1365 'eclesie
655 1293 706 1382 d).
1123 1383 1141 1477 §
1203 1380 1295 1461 ω

595 1521 722 1591 Prater
740 1519 830 1588 Loca
851 1511 969 1596 Secti,
1005 1512 1061 1589 seu
1084 1505 1268 1603 Ecclesiae,
1295 1516 1372 1613 jure
1394 1513 1488 1614 Asyli
1511 1517 1769 1610 gaudentium
1786 1523 2143 1613 Religiala,itemboee

493 1621 521 1691 ti
544 1616 750 1690 Monasierta
762 1639 838 1685 cuni
858 1614 1013 1684 omnibus
1032 1617 1186 1686 domibus
1203 1615 1235 1687 dt
1252 1616 1511 1715 habitationibus
1526 1621 1701 1688 autoritate
1711 1616 1864 1714 Episcopi
1882 1645 1951 1691 ere·
1965 1613 2153 1701 Rellglllfii‘·

491 1720 559 1796 ite,
586 1717 656 1786 bac
677 1719 766 1785 enim
791 1718 1040 1807 aequiparantur
1062 1710 1212 1786 Ecclesia
1227 1717 1283 1806 e):
1316 1715 1366 1784 uti
1389 1718 1489 1784 etiam
1511 1713 1574 1784 alia
1590 1711 1745 1796 aedificit,
1778 1720 1956 1792 autoritate

491 1812 698 1908 kelesiailica
716 1813 756 1880 ad
774 1811 972 1891 eharitatis,
999 1809 1260 1891 Misericordiae,
1284 1834 1320 1881 ac
1334 1811 1518 1906 Religionis
1539 1835 1643 1907 opera
1663 1810 1840 1893 destinata,
1872 1811 1957 1888 scili·

491 1936 526 1985 et
544 1909 782 1988 xenodochia,
809 1903 1031 1987 Nosocomia,
1057 1904 1246 2004 Hospitalia
1263 1907 1325 1978 dcc.
1376 1909 1478 1983 Unde
1498 1912 1598 1979 etiarn
1616 1912 1648 1979 in
1670 1908 1762 1979 Bulla
1781 1913 1958 1986 Graan·

491 2032 524 2082 ,ι
541 2035 552 2080 ι
571 2012 663 2079 XlV.
683 2005 873 2090 &aliorum
890 2000 1088 2076 Pontificum
1108 2003 1265 2099 conjungi
1291 2002 1396 2075 solent
1416 2003 1640 2090 Monalletia,
1674 2011 1822 2085 Domus,
1854 2012 1959 2082 Loco.

494 2133 547 2180 ue
566 2100 655 2177 saera
670 2129 705 2174 ac
729 2098 902 2193 Religiosa.
951 2105 1038 2174 Cum
1061 2126 1171 2182 tamen
1194 2102 1359 2195 ejusmodi
1382 2106 1534 2183 Domus,
1563 2106 1709 2200 exceptis
1734 2104 1987 2190 Monasleriis,¹-

491 2201 652 2296 anoslris
667 2201 848 2273 Provinciis
864 2194 976 2294 paffim
992 2204 1164 2290 erigantur
1177 2204 1233 2295 pia
1247 2202 1426 2270 Laicorum
1449 2197 1646 2271 liberalitate
1665 2197 1727 2276 ¹sub
1745 2201 1963 2295 Magistratua

491 2328 535 2377 ut
560 2298 726 2396 Principia
750 2294 913 2367 secularia
937 2301 1133 2380 autoritate;
1166 2298 1243 2367 hinc
1263 2299 1381 2377 etiam,
1419 2320 1542 2391 preter
1566 2296 1690 2369 Sacella
1714 2297 1846 2395 publica
1871 2304 1962 2374 iniit

491 2422 616 2499 perta,
643 2398 812 2469 communi
829 2395 1005 2465 hominum
1023 2398 1182 2490 opinione
1199 2398 1262 2490 Jus
1281 2390 1374 2488 Asyli
1390 2418 1456 2466 nun
1473 2391 1614 2475 habent,
1640 2399 1688 2468 uti
1710 2421 1769 2467 nec
1789 2398 1853 2469 alie
1873 2403 1963 2471 Loca

491 2503 556 2579 ie,
584 2493 743 2566 Oratoria
760 2494 905 2589 privata,
932 2491 1077 2562 ediculae
1101 2487 1215 2587 passim
1239 2493 1273 2561 in
1297 2496 1442 2589 ermpia,
1474 2489 1671 2563 Senllorum
1693 2493 1896 2577 honoribus,
1927 2495 1964 2569 dc

491 2597 711 2674 :ineuntium
727 2590 896 2663 devotioni
912 2585 1117 2661 consiruiite.
1168 2587 1291 2689 onad
1308 2586 1510 2661 Monasieria
1526 2613 1637 2661 autem
1653 2588 1871 2663 dubitandum
1894 2616 1964 2663 non
2025 2640 2027 2644 .
2061 2593 2068 2600 ’

491 2692 547 2778 si,
572 2681 656 2791 quin
671 2690 803 2768 omnia,
828 2711 902 2782 quae
919 2690 1005 2758 intra
1020 2711 1139 2759 eorum
1155 2682 1248 2782 septa
1270 2690 1502 2769 continentur,
1526 2693 1575 2759 uti
1593 2688 1703 2769 horti,
1729 2691 1839 2769 atria,‘
1858 2681 1965 2761 offici·

494 2819 528 2864 ae
548 2788 613 2863 dic.
631 2782 862 2880 confugientes
880 2783 920 2854 ab
935 2788 1027 2856 omni
1043 2786 1202 2856 violentia
1220 2789 1385 2855 immunes
1398 2778 1563 2878 prestent.
1615 2784 1715 2857 Ville
1730 2807 1853 2868 autem,
1872 2786 1964 2860 horti

491 2893 509 2964 ’r
528 2889 596 2960 alit
612 2882 770 2966 edificia,
796 2908 871 2978 que
892 2881 1141 2954 aMonasleriis
1157 2879 1326 2978 separata,
1349 2879 1498 2953 &solius
1516 2884 1731 2954 mercationis
1755 2882 1806 2955 vel
1828 2908 1965 2957 recono-

491 2989 559 3060 nioe
571 2980 666 3055 ctusa
679 2979 862 3062 habentur,
887 2981 1006 3052 eudem
1021 2983 1097 3075 jure
1105 2976 1199 3076 Asyli
1217 3004 1283 3051 oon
1299 2975 1372 3052 sunt
1385 2979 1527 3060 donata,
1551 3003 1628 3051 cum
1643 2980 1735 3051 nullo
1747 2980 1824 3074 jure
1840 3007 1963 3055 nomen
2046 2985 2076 3006 ‘

491 3093 552 3158 uei·
565 3079 665 3172 sacri,
691 3080 743 3150 ael
760 3074 905 3169 religiosi
921 3078 988 3148 illis
1006 3078 1183 3149 adhereat.
1232 3079 1396 3151 Similiter
1411 3077 1472 3149 'ubi
1489 3102 1547 3163 40.
1570 3077 1624 3150 vel
1648 3103 1704 3172 30.
1726 3073 1876 3175 passuum
1900 3087 1975 3151 cire
2078 3072 2082 3076 ’

491 3185 593 3255 uirus
608 3181 695 3250 circa
710 3175 885 3247 Ecclesiam
906 3172 964 3244 usu
988 3173 1278 3247 &consuetudine
1300 3173 1635 3255 immuniahabetut,
1669 3176 1702 3246 id
1728 3198 1838 3260 temen
1860 3180 1966 3276 priri-

491 3284 610 3372 egium
626 3276 789 3372 applicari
805 3299 870 3346 non
887 3272 996 3368 potest
1012 3274 1050 3345 td
1066 3297 1180 3345 muros
1201 3274 1504 3354 Monelieriorum,
1532 3295 1649 3363 utpote
1661 3278 1749 3345 intre
1765 3300 1849 3373 quoe
1863 3276 1967 3349 abun·

491 3377 526 3451 le
545 3372 695 3474 suppetit
708 3372 852 3471 spatium
873 3371 914 3443 ad
927 3396 985 3445 eoa
1002 3370 1113 3456 ailoe,
1138 3376 1197 3467 qui
1214 3367 1372 3443 Ecclesrrs
1388 3371 1549 3444 dedecere
1564 3367 1751 3446 censentur.

1121 3586 1156 3671 §.
1208 3578 1341 3657 CLll.

600 3717 672 3792 Ubi
694 3719 903 3789 caemeterium
922 3709 1072 3788 Ecclesiae
1088 3712 1134 3786 eii
1150 3710 1342 3811 adjeilum,
1367 3711 1432 3784 hoc
1452 3730 1587 3807 quoque
1606 3709 1825 3786 immunitate
1844 3710 1963 3806 gaude·
1977 3722 2139 3800 Coetneuo·

491 3818 553 3901 oir,
578 3839 649 3889 tum
665 3821 742 3911 quia
759 3814 858 3886 servir
878 3840 941 3908 pro
963 3841 1004 3884 eo
1022 3811 1147 3907 spatio,
1180 3814 1271 3911 quod
1291 3808 1382 3907 juxta
1398 3814 1504 3902 Leges
1525 3811 1610 3878 circa
1630 3807 1805 3882 Ecclefiam
1828 3811 1964 3886 deberet
1977 3812 2070 3881 rium.

491 3913 738 3996 ellelmmune3
765 3935 836 3994 tuna
860 3915 938 4009 quia
954 3909 1065 4009 ipsum
1090 3914 1330 3984 Cremererium
1352 3904 1399 3979 est
1423 3910 1532 3982 Lucua
1550 3905 1745 4000 religiosus,
1767 3910 1875 4006 proin
1902 3910 1965 3984 hac

629 4094 632 4099 ,
1228 4007 1328 4081 Bbb
1356 4031 1373 4102 3
1644 4024 1649 4032 ·
1820 4010 1968 4084 ,ltnmu
2117 4034 2124 4044 ·

532 4119 561 4203 t)
577 4120 854 4184 Gramineis
873 4116 939 4201 pofl
964 4116 996 4183 C.
1017 4136 1048 4200 3.
1067 4113 1135 4204 dist.
1157 4136 1189 4199 4.

532 4234 569 4319 d)
588 4227 722 4293 censent
740 4226 860 4307 aliqui,
886 4224 988 4288 sacros
1009 4224 1155 4286 Canonee
1169 4221 1299 4306 spatium
1319 4238 1370 4307 4ο.
1390 4217 1445 4285 rei
1457 4239 1509 4304 30.
1529 4212 1669 4300 passuum
1694 4216 1879 4282 concedere*
1893 4229 1968 4285 tan·

527 4346 531 4354 ·
604 4322 671 4384 tum
689 4309 754 4371 ileo
773 4309 991 4389 progredienti
1006 4327 1048 4369 ex
1067 4306 1221 4378 Ecclesia.
1247 4325 1308 4389 que
1329 4307 1393 4387 jam
1411 4305 1474 4368 suit
1493 4315 1660 4384 receptur:
1692 4320 1887 4385 nequaquam
1909 4322 1968 4368 nu·

605 4403 670 4457 tetn
688 4393 858 4454 immunem
874 4390 1002 4451 reddere
1017 4408 1112 4456 enm.
1135 4390 1188 4468 qui
1205 4390 1286 4450 iutra
1298 4387 1362 4449 hoc
1380 4378 1510 4470 spatium
1523 4384 1784 4478 deptebeuditut,
1797 4396 1966 4467 antequam

606 4475 645 4536 ad
658 4469 826 4535 Ecclesiam
848 4475 1021 4552 perteniat.
1066 4468 1279 4536 Vididaun
1291 4483 1384 4533 ouo.
1402 4461 1610 4550 ᾱιῦἶϋξῖ.
1631 4481 1702 4533 tam.
1725 4468 1757 4531 6.
1783 4465 1871 4531 troii.
1886 4486 1913 4534 1.
1932 4487 1965 4535 ta
2086 4493 2091 4498 ·

606 4574 675 4639 152.
718 4550 748 4616 P.
772 4547 957 4620 W1earrr
970 4575 1022 4615 iaia
1038 4553 1074 4616 de
1087 4547 1177 4634 &itte
1195 4550 1364 4635 Asyiarunr
1376 4560 1460 4634 part.
1477 4568 1508 4616 2.
1521 4559 1583 4615 att.
1598 4567 1624 4612 1.
1641 4570 1673 4613 tt.
1694 4563 1746 4614 20.

533 4678 563 4765 t)
589 4669 869 4843 diffamia·
884 4692 915 4758 4
935 4675 1006 4752 ibizj
1020 4673 1050 4759 fi
1064 4675 1118 4758 qui
1134 4670 1325 4759 Mamsstrie
1337 4665 1377 4737 8
1391 4666 1474 4737 Loca
1492 4666 1561 4737 Dra
1574 4668 1730 4759 dedicatas
1764 4660 1805 4736 θ
1822 4660 1970 4749 Btcitfidt
