5017 5592
464 617 572 714 '120
930 628 1511 711 ⁴trissartrurro

503 832 555 879 res
578 810 770 882 Germanici
794 809 1031 890 beneficiorum
1047 809 1258 882 collationem
1282 832 1338 879 aut
1354 809 1407 902 jus
1430 806 1664 904 presentandi‚
1692 808 1783 904 quod
1805 808 1978 906 quandam

503 928 580 975 cum
600 905 674 999 jure
697 912 930 1003 primariorum
954 934 1092 1005 precum
1110 903 1269 978 habuisset
1284 905 1548 983 consonantiam,
1571 905 1628 977 fibi
1650 905 1877 979 vendicabant.
1915 912 1976 979 su·

503 1002 642 1078 dubium
658 1004 792 1098 quidem
809 1005 871 1086 ell,
888 1032 904 1074 a
920 995 1066 1098 Regibus
1081 1006 1307 1086 Germanicis,
1323 1004 1497 1084 Conrado,
1515 1008 1668 1076 Henrico
1684 1010 1826 1099 Aucupe
1841 1004 1874 1076 dt
1891 1030 1978 1100 prte-

503 1101 657 1193 primisa
681 1102 786 1172 tribus
807 1103 988 1173 Ortonibus
1010 1101 1167 1173 Ecclesiae
1194 1098 1405 1197 Episcopales
1428 1102 1460 1171 dc
1483 1101 1673 1184 Abbariales
1702 1102 1839 1172 donatas
1867 1096 1978 1186 fuisse,

504 1197 638 1266 clonaras
656 1197 689 1268 dr
709 1224 823 1269 earum
843 1224 905 1296 per
923 1202 1045 1295 pedum
1068 1196 1294 1270 investituras:
1323 1196 1376 1268 sed
1399 1202 1462 1267 tria
1484 1197 1574 1278 lunc,
1598 1224 1671 1292 quae
1692 1202 1724 1266 in
1740 1224 1780 1269 eo
1806 1197 1979 1271 observari

503 1295 671 1365 conducit.
694 1299 718 1365 l.
745 1296 825 1366 lllos
840 1296 927 1391 ipsos
942 1292 1036 1368 fuill'e
1053 1299 1181 1393 primos
1203 1292 1406 1366 insbturotes
1427 1293 1484 1365 sub
1513 1299 1651 1365 Romani
1677 1293 1846 1366 Pontificio
1864 1294 1978 1367 auliu-

503 1391 601 1458 ritate
619 1391 651 1460 dr
670 1388 863 1464 fundatores
879 1397 1103 1489 complurium
1124 1389 1384 1488 Episcopatuum
1407 1417 1523 1461 eorum
1545 1398 1577 1461 in
1600 1393 1806 1482 Regionibua
1833 1396 1981 1464 Germe·

503 1488 565 1554 uie
581 1512 646 1557 non
672 1491 716 1560 ira
738 1492 867 1582 pridem
892 1488 1026 1561 Christo
1048 1488 1240 1583 subjugarit.
1267 1493 1313 1558 ll.
1345 1492 1484 1583 Semper
1512 1484 1583 1559 fere
1608 1487 1760 1583 l'peilatte
1783 1492 1917 1587 pietatis
1942 1488 1979 1564 dc
2011 1496 2014 1501 ’

501 1579 669 1677 sapientie
691 1610 782 1655 utros
804 1586 901 1656 abiis
922 1584 1103 1680 adEpisco
1130 1610 1201 1656 atus
1227 1585 1259 1655 dt
1281 1583 1438 1657 Abbacias
1462 1584 1647 1676 designatos
1668 1582 1775 1661 fuisse.
1799 1591 1863 1659 111.
1888 1592 1978 1659 Non

505 1677 636 1777 semper
651 1680 793 1753 exclusas
809 1679 903 1754 fuisse
921 1683 961 1752 ab
979 1687 1028 1755 eis
1044 1612 1240 1763 chilones,
1265 1680 1320 1752 scd
1342 1682 1391 1752 vel
1412 1680 1581 1780 permissas
1605 1683 1657 1754 vel
1686 1707 1748 1778 per
1774 1706 1853 1755 eruo
1869 1686 1981 1780 privie

506 1776 594 1867 legio
619 1778 816 1878 quibusdam
833 1777 982 1852 Ecclesiis
998 1779 1160 1861 indultae,
1183 1780 1329 1871 denique
1349 1805 1413 1874 pro
1439 1779 1527 1851 virili
1553 1805 1690 1875 operam
1706 1710 1770 1852 esse³
1789 1781 1918 1862 datam,
1941 1802 1981 1855 ut

506 1876 607 1961 regie
624 1879 865 1948 nominationes
880 1878 958 1947 cleri
977 1877 1008 1947 dc
1031 1878 1145 1972 populi
1163 1872 1379 1947 eleiitonibus
1404 1873 1684 1972 permiscerentur
1708 1883 1740 1969 l)
1767 1902 1804 1948 ur
1821 1878 1906 1949 hane
1922 1903 1985 1974 po·

510 1971 657 2039 tellurem
675 1974 707 2039 in
729 1973 945 2043 cletlionibus
963 1973 1204 2071 Epil'coporum
1224 1995 1396 2043 exererent
1413 1973 1575 2057 ottones,
1592 2001 1676 2044 nova
1693 1977 1725 2043 in
1742 1978 1892 2070 smpcrio
1908 1998 1982 2065 tum

404 2112 407 2121 ·
508 2064 679 2138 accesserat
698 2070 869 2164 prioribus
890 2074 993 2153 rati03
1018 2095 1093 2141 cum
1112 2073 1200 2141 enim
1217 2067 1276 2138 sub
1298 2092 1415 2139 eorum
1439 2073 1587 2165 Imperio
1610 2065 1708 2141 feuda
1727 2069 1760 2141 dc
1782 2067 1981 2143 nobilisbme

510 2164 542 2233 dr
565 2162 716 2235 dirissima
734 2166 886 2261 pluribus
909 2166 1058 2239 Ecclestis
1074 2166 1327 2262 Episcopalibua
1349 2190 1466 2238 eorum
1491 2167 1579 2237 dono
1601 2167 1879 2251 concederentur,
1902 2169 1984 2264 Epi·
2024 2211 2026 2215 ·

509 2259 599 2353 scopi
615 2260 724 2333 vasalli
741 2267 870 2356 Regum
890 2262 1002 2336 effecti
1022 2263 1112 2346 sunt,
1134 2265 1211 2335 iude
1237 2288 1279 2334 ue
1295 2265 1402 2354 Reges
1423 2260 1489 2334 sese
1513 2266 1634 2336 borum
1657 2264 1881 2336 conllitutioni
1897 2267 1985 2340 cirre

510 2358 666 2450 injuriam
688 2365 840 2452 ingerere
857 2360 946 2457 posse
962 2362 1135 2433 censebant
1159 2366 1190 2448 c)
1213 2290 1269 2432 ied
1285 2363 1444 2455 quicquid
1465 2357 1501 2432 lit
1517 2360 1558 2430 de
1584 2359 1776 2432 intellitura
1801 2359 1984 2457 Episcopa-

511 2478 624 2535 tuum,
639 2458 824 2527 minoribus
835 2458 883 2528 illi
898 2456 1067 2529 beneficiis
1081 2458 1114 2528 dc
1130 2456 1344 2548 dignitatibus
1355 2459 1590 2550 capitulorum
1609 2457 1641 2527 dt
1657 2455 1875 2529 Ecclefiarum
1888 2456 1920 2528 l'e
1932 2459 1986 2552 ju·

511 2576 548 2620 rc
569 2553 714 2644 quodam
733 2558 828 2644 regio
845 2581 910 2625 uon
932 2553 1161 2634 immiscuere,
1187 2552 1458 2648 quandoquidem
1480 2555 1608 2623 nullum
1631 2558 1788 2626 idoneum
1815 2554 1914 2649 buitta
1931 2556 1984 2630 rei

511 2648 748 2729 documentum
764 2676 802 2722 ex
820 2650 971 2744 genuinis
988 2648 1132 2723 historiis
1148 2700 1156 2729 ,
1183 2648 1422 2743 autoribusque
1436 2654 1554 2721 euteria
1568 2670 1624 2721 aut
1645 2650 1844 2748 supparibus
1859 2647 1985 2723 adduci

512 2751 654 2841 poterit3
679 2753 834 2844 quocirca
849 2747 981 2826 rursum
1005 2747 1186 2829 concludo,
1209 2750 1249 2818 iia
1272 2744 1481 2850 temporibut
1503 2751 1741 2848 primariorum
1755 2771 1897 2848 precum
1914 2748 1984 2823 ori·

512 2847 623 2935 giucm
638 2846 766 2938 alligati
783 2855 848 2917 n'on
868 2843 967 2941 posse.

554 3013 589 3082 a)
608 3008 829 3075 Thomalstuus
844 3014 923 3079 Part.
941 3013 982 3079 11.
998 3013 1066 3080 Lib.
1085 3014 1111 3080 s.
1125 3035 1192 3099 cap.
1208 3003 1362 3080 XXXVI.

555 3156 590 3239 lt)
614 3159 735 3224 Netalis
752 3162 933 3229 Alexander
948 3166 1070 3230 Dili'ert.
1084 3165 1141 3231 IV.
1161 3167 1194 3229 in
1208 3167 1325 3231 Histor.
1338 3166 1425 3229 Eccl.
1445 3164 1550 3229 Seculi
1567 3157 1759 3228 xt.&x11.
1778 3160 1848 3224 Art.
1859 3155 1886 3225 Ῑ.
1900 3154 1987 3303 pili·

515 3284 520 3294 .
629 3242 699 3304 haee
707 3242 851 3309 edisserit.
875 3248 1235 3312 “Investiturarumusus
1249 3252 1282 3314 in
1294 3250 1461 3313 Germania
1472 3267 1568 3331 penes
1581 3242 1794 3309 tteaOttonea
1805 3240 1840 3304 dc
1851 3237 1883 3304 S.
1933 3257 1990 3304 en·

629 3325 728 3386 ticum
744 3325 953 3409 Imperatores
966 3331 1046 3393 fuit:
1070 3331 1163 3411 idque
1174 3328 1313 3394 Ecclesia
1332 3330 1579 3394 conniventibua
1595 3326 1718 3408 aspexit
1731 3323 1855 3397 oculis,
1877 3340 1990 3406 quem·

628 3408 681 3467 vis
694 3408 848 3472 interdum
862 3413 942 3475 tinea
955 3411 1026 3474 sitos
1034 3424 1256 3485 excurrerent,
1271 3413 1304 3475 dt
1314 3430 1367 3494 pet
1377 3413 1577 3475 traditionem
1589 3407 1691 3472 baculi
1705 3405 1886 3489 pastoralia,
1900 3403 1990 3485 quod

628 3485 783 3568 spiritalis
799 3493 962 3575 potestatis
975 3492 1093 3575 inbgne
1115 3492 1178 3563 est,
1202 3492 1409 3577 Episcopatus
1422 3492 1655 3564 concederent,
1679 3489 1828 3570 quoniam
1849 3483 1999 3566 ligurine

628 3588 700 3631 moa
715 3569 889 3657 Episcopus
902 3574 1047 3638 Ecclestis
1060 3574 1287 3656 praesicicbant‚
1309 3595 1367 3637 nec
1383 3572 1574 3637 electionum
1591 3574 1812 3634 canonicarum
1827 3570 1992 3649 opprime·

628 3651 703 3715 bant
715 3653 888 3721 libertatem
903 3656 936 3721 dc
949 3676 1057 3721 novor
1070 3658 1168 3719 indier
1183 3656 1387 3738 Episcopatus
1398 3657 1483 3736 regia
1499 3654 1712 3717 munificentia
1722 3651 1913 3721 fundabant,
1929 3650 1993 3710 do·

628 3736 830 3815 tabantque„
856 3740 951 3820 hujus
964 3741 1007 3801 rei
1042 3740 1224 3802 robatiouea
1236 3742 1363 3822 prolixe
1378 3736 1469 3801 affert
1484 3738 1567 3800 idem
1588 3735 1697 3799 Autor
1710 3754 1753 3796 ex
1768 3729 1994 3814 DitmerlEpi·

628 3814 715 3898 scopi
728 3818 986 3903 llletsebutgenlit
997 3760 1169 3886 Cbronico.

559 3962 592 4045 e)
612 3964 792 4068 Helmodue
803 3971 968 4053 presbyter
978 3975 1010 4070 jn
1022 3972 1182 4069 Chronico
1194 3971 1382 4036 Sclavorum
1394 3966 1462 4033 Lib.
1475 3964 1499 4030 l.
1514 3987 1580 4048 etp.
1597 3965 1649 4045 69.
1663 3963 1758 4064 sirpot
1773 3962 1844 4063 baec
1866 3981 1994 4107 metipso·

632 4048 1819 4215 {circumlustrettertuumtrittllrillmmr:
1833 4045 1996 4189 cul:

634 4228 743 4273 norem
758 4237 821 4277 non
834 4219 895 4280 sine
908 4216 1032 4279 smoote
1047 4216 1212 4299 multiplici
1232 4216 1433 4296 conquisivit.
1476 4215 1587 4294 Neque
1601 4212 1811 4293 lmperatorea
1825 4207 1996 4289 dignissimi

634 4291 767 4356 levitate
780 4299 822 4358 uli
835 4300 922 4368 sunt,
939 4312 974 4360 ut
988 4298 1213 4397 Episcopotum
1226 4300 1345 4360 domini
1359 4309 1566 4365 vocarentur,
1582 4294 1628 4355 sed
1641 4291 1925 4375 compensaverunt
1935 4307 1997 4351 uo·

636 4393 711 4435 acam
725 4374 804 4436 stunc
821 4380 1009 4463 amplissimis
1027 4399 1114 4462 regni
1128 4380 1268 4450 divitlis,
1291 4382 1402 4459 quibus
1421 4375 1556 4440 Ecclesia
1571 4373 1729 4456 copiosius
1750 4371 1857 4447 auc‘ia,
1879 4371 1998 4433 decen·

638 4458 701 4518 tius
713 4453 888 4524 honestata.
910 4464 971 4541 jam
986 4481 1051 4523 nou
1065 4463 1130 4524 vile
1146 4469 1269 4543 reputet
1282 4463 1318 4521 ad
1332 4461 1491 4522 modicum
1504 4455 1616 4519 cesstsse
1629 4455 1834 4536 subicimus,
1856 4467 1998 4516 necem·

635 4535 801 4606 bescatuui
811 4542 970 4618 inclinari,
993 4562 1152 4628 perquem
1165 4541 1258 4626 possit
1275 4546 1307 4605 in
1322 4543 1441 4607 multos
1454 4539 1617 4603 dominari.
1627 4580 1647 4612 ,,

1826 4799 1829 4805 .
1891 4675 2002 4772 §¹²3⁴
