5017 5592
506 652 579 729 no
668 571 676 578 ’
740 608 1082 716 nrssnnrarro
1106 609 1463 716 runoounaus
1484 618 1754 709 cauonrca

502 813 587 884 niam
609 806 703 884 arilr,
728 791 783 874 seu
800 800 846 870 iar
862 817 982 869 tenram
995 801 1148 870 utilitatis
1163 793 1382 881 transfertur,
1405 800 1497 894 quod
1513 796 1551 873 fir
1561 826 1615 896 per
1630 807 1806 878 locationem
1825 808 1870 878 aa
1891 809 1988 882 elecem

504 931 616 985 annor,
642 899 693 975 vel
710 897 812 979 ultra,
839 895 903 990 (3)
925 901 1014 968 iaxta
1032 903 1085 968 Gl.
1101 921 1132 968 er
1153 905 1231 968 Dl).
1257 903 1331 968 inl.
1353 903 1412 974 alr.
1433 899 1474 990 ff.
1494 903 1520 982 fi
1544 925 1616 994 ager
1636 909 1757 997 vellig,
1788 910 1846 976 vel
1868 911 1988 1003 amplia

503 1008 568 1100 (4)
586 1001 650 1075 &n
699 1005 832 1070 Crvarr.
846 997 906 1086 (5)
923 997 975 1066 ltl.
997 1022 1029 1066 2.
1045 998 1258 1087 resolutionam
1275 1021 1301 1066 a.
1322 1009 1375 1067 ro.
1391 1021 1422 1067 n.
1446 1025 1476 1073 1.
1526 1006 1661 1071 Melina
1675 1001 1734 1096 (6)
1756 1009 1849 1076 troii.
1869 1030 1903 1077 ι.
1919 1004 1989 1100 disp.

487 1126 590 1190 ,442³
606 1125 638 1172 rr.
658 1123 690 1168 e.
740 1089 959 1165 Cannutium
976 1092 1113 1188 quidem
1135 1095 1199 1164 hoc
1219 1117 1351 1189 tempus
1366 1089 1411 1164 ell
1432 1119 1449 1164 a
1470 1100 1566 1167 Paulo
1590 1105 1637 1170 ll.
1662 1102 1696 1170 in
1717 1104 1770 1172 eir.
1793 1099 1851 1192 (7)
1880 1109 1990 1174 Extra·

504 1220 581 1294 vag.
601 1195 641 1269 ad
660 1193 858 1266 locationem
880 1197 964 1263 altre
980 1197 1160 1278 trienninm,
1184 1214 1221 1263 ut
1235 1194 1336 1263 etiarn
1356 1190 1431 1261 talis
1453 1194 1625 1291 prohibita
1648 1194 1701 1279 sit,
1740 1197 1886 1295 perinde
1908 1223 1944 1271 ae
1966 1195 1988 1271 li

503 1303 546 1373 al
567 1317 682 1391 tempas
696 1297 815 1383 longam
830 1283 916 1359 fauo
932 1286 986 1361 sit:
1014 1286 1159 1361 sedeam
1176 1311 1442 1382 extravagantem
1468 1294 1580 1387 quoad
1600 1296 1665 1368 hoc
1683 1298 1718 1369 ia
1744 1296 1863 1372 multis
1883 1300 1985 1394 regio·

505 1393 604 1472 nibus
618 1416 685 1466 non
701 1410 870 1485 receptam
887 1383 967 1474 esse,
992 1391 1107 1461 monui
1124 1392 1176 1464 lib.
1196 1415 1228 1477 3·
1246 1395 1338 1462 oren.
1356 1417 1390 1466 4.
1406 1413 1431 1462 c.
1458 1417 1513 1463 ro.
1534 1417 1566 1467 n.
1585 1416 1621 1477 r.

1081 1557 1416 1630 NOTAE.

548 1721 580 1774 1.
605 1697 677 1764 Hoc
696 1692 828 1756 verbum
852 1706 918 1750 non
935 1685 1052 1770 legitur
1072 1687 1104 1751 in
1126 1687 1213 1752 tiam.
1234 1709 1261 1754 1.
1283 1692 1319 1754 de
1336 1692 1398 1758 rel.
1421 1691 1483 1758 eorl.
1499 1712 1561 1757 non
1581 1694 1691 1770 alien.;
1728 1693 1805 1758 hine
1834 1694 1984 1780 subjungit

623 1770 948 1844 LAi'MANNsJS:
967 1772 1140 1854 colligitur:
1164 1772 1214 1836 sed
1227 1773 1337 1857 quidsi
1352 1774 1506 1858 praesente
1522 1786 1555 1839 et
1568 1784 1680 1842 tacente
1691 1776 1897 1843 conuentu?
1918 1780 1981 1849 Vid.

622 1881 710 1926 num.
724 1879 775 1942 57.

547 2002 580 2052 α.
605 1978 654 2046 Ad
669 1971 860 2059 temporalem
872 1969 1045 2032 locationem
1059 1968 1153 2031 etiarn
1173 1969 1260 2054 longi
1279 1975 1423 2054 temporis
1441 1972 1546 2037 nullae
1575 1976 1776 2056 requiruntur
1782 1973 1983 2058 solennitates,

621 2054 963 2126 saltemautelixtrau.
986 2049 1187 2132 Amloo'liosae.
1256 2053 1423 2126 Parilis..
1456 2060 1535 2121 etin
1554 2059 1654 2132 locis,
1686 2062 1741 2121 vbi
1763 2058 1843 2124 haec
1868 2075 1984 2143 recepta

621 2140 757 2209 nonest.
801 2135 1010 2200 Allenalionir
1022 2135 1103 2196 enim
1119 2137 1220 2196 verbo
1234 2156 1299 2198 non
1312 2143 1494 2201 continetur
1511 2142 1633 2223 simplex
1645 2141 1787 2224 corruptio,
1800 2156 1857 2206 aut
1872 2147 1979 2217 locatio,

622 2228 738 2308 deque
757 2224 789 2286 in
809 2239 872 2303 rap.
894 2219 971 2278 nulli
984 2237 1012 2298 5.
1033 2218 1339 2284 coronantium.
1360 2214 1527 2287 nullua.est
1539 2245 1633 2306 apex.
1696 2215 1887 2288 N'ullatenns
1910 2245 1982 2292 vero

621 2308 690 2372 vlla
708 2305 757 2370 Sa.
774 2302 850 2365 Cau.
871 2296 1032 2382 dispositio
1056 2298 1130 2361 serit
1153 2303 1386 2366 concessionem
1406 2320 1523 2371 nouam
1545 2309 1674 2371 alicuius
1689 2312 1829 2372 rorantis
1849 2313 1980 2395 rcclrfiar,

622 2400 680 2457 rut
693 2386 843 2471 beneficii,
863 2383 935 2464 quia
952 2380 1029 2444 haec
1041 2383 1221 2470 necessitate
1234 2385 1309 2447 iuris
1325 2386 1391 2453 fiet.

548 2533 583 2599 3.
604 2509 679 2593 Cap.
694 2527 723 2590 5.
739 2505 792 2569 cit.
810 2510 912 2575 tacet,
934 2511 971 2564 vt
989 2501 1078 2575 dixi,
1100 2510 1164 2564 tem
1184 2504 1223 2565 de
1239 2504 1398 2576 locatione,
1421 2524 1512 2589 quarn
1527 2507 1566 2569 de
1579 2505 1674 2570 aierem
1692 2507 1807 2581 annis,
1833 2506 1885 2571 vel
1898 2509 1981 2573 vltra.

621 2592 798 2670 Extranag.
815 2583 1007 2669 Ambitiosae
1024 2596 1116 2650 vetat
1129 2605 1197 2647 eam
1213 2589 1358 2668 protendi
1372 2592 1453 2653 vltra
1464 2593 1641 2653 trienninm·
1695 2587 1757 2652 Sed
1773 2590 1804 2651 in
1820 2587 1980 2654 Treuirata

621 2675 730 2759 praxis
747 2669 886 2735 admittit
900 2667 1079 2731 locationes
1098 2670 1135 2730 ad
1152 2689 1258 2731 nonem
1275 2687 1372 2733 annas
1385 2673 1503 2754 absque
1526 2672 1723 2736 solennitate.
1767 2671 1888 2754 Vtique
1910 2692 1981 2736 vero

606 2755 767 2839 ,capitula
788 2749 966 2816 consentire
979 2752 1113 2823 debent,
1132 2750 1189 2814 etsi
1201 2754 1330 2814 minoris
1342 2759 1486 2835 temporis
1498 2755 1584 2817 soret
1600 2756 1721 2817 locatio
1734 2797 1743 2825 ,
1778 2755 1836 2819 nifi
1858 2757 1980 2818 consue·

622 2841 702 2903 tudo
716 2833 894 2900 monasterii
909 2834 992 2897 aliud
1008 2833 1111 2897 ferret.
1155 2831 1215 2895 Sed
1230 2852 1332 2915 nego,
1357 2840 1442 2917 quod
1464 2840 1640 2920 requiratur
1650 2835 1786 2921 solennis
1798 2836 1979 2908 eonsensusr

623 2943 695 2985 narn
710 2933 742 2983 et
756 2919 965 2981 taciturnitate
979 2916 1134 2977 exlrilritns
1153 2914 1295 2981 sufficiet.

550 3066 582 3127 4,
606 3039 718 3120 Neque
733 3040 754 3113 i.
768 3036 948 3116 usqueque
962 3029 1087 3126 (iloss'ae
1099 3033 1275 3107 immorot;
1296 3036 1367 3117 quia
1382 3035 1420 3097 ad
1440 3054 1505 3099 rem
1524 3055 1590 3097 non
1606 3037 1697 3110 sunt3
1725 3056 1819 3110 narn,
1853 3037 1908 3103 vbi
1918 3056 1981 3102 cor·
2019 3098 2024 3113 ,

623 3143 652 3185 ee
674 3141 700 3198 ap
713 3113 1059 3214 apppqopnitersacrenda
1076 3116 1238 3208 imminet,
1263 3120 1431 3198 requiritur
1449 3117 1604 3198 rorifensns
1617 3163 1624 3192 ‚
1639 3119 1748 3203 saltem
1764 3123 1885 3194 tacitus,
1907 3123 1981 3196 eiua,

625 3207 678 3287 qui
692 3199 961 3296 iqpomnrunrone
976 3194 1052 3271 stat,
1073 3199 1137 3260 lrue
1149 3198 1307 3263 concessio
1325 3201 1429 3264 fiatad
1442 3200 1549 3278 breare,
1568 3200 1630 3266 siue
1647 3202 1684 3265 ad
1694 3205 1819 3285 lon-grem
1831 3213 1961 3285 tenpus.

547 3367 579 3432 5.
606 3343 817 3411 Couarrrcaiar
838 3338 880 3403 ibi
900 3337 995 3412 dicit,
1030 3348 1069 3398 vt
1089 3335 1305 3419 Laymannnn
1336 3338 1520 3420 adiungam
1544 3348 1678 3421 tempas:
1715 3338 1981 3402 atsrenonsonat

628 3427 715 3491 Clam
736 3424 780 3497 1.,
801 3422 838 3483 ad
854 3438 945 3501 quarn
960 3419 1114 3502 appellat:
1137 3421 1303 3492 advitam,
1323 3420 1374 3483 seu
1387 3422 1472 3483 aliud
1486 3430 1598 3483 certum
1610 3433 1746 3503 ternpus:
1770 3435 1804 3484 et
1826 3421 1930 3485 insta:¹
1944 3422 1982 3484 nd

622 3517 739 3586 troipas
753 3504 911 3567 modicam.
955 3501 1036 3565 Sane
1051 3523 1109 3563 uec
1122 3522 1216 3564 omne
1229 3513 1343 3564 certano
1355 3512 1470 3582 tempus
1486 3503 1529 3565 est
1546 3505 1669 3585 longam
1682 3515 1820 3586 tempus,
1856 3504 1920 3568 siue
1932 3507 1983 3567 de·

623 3592 769 3655 aeonium
778 3607 789 3661 ;
814 3607 871 3648 uec
887 3604 983 3647 ornne
998 3595 1113 3666 tempas
1126 3586 1265 3649 decennio
1275 3589 1377 3647 minas
1388 3586 1431 3647 eli
1445 3586 1603 3648 modicum.

547 3713 579 3779 6.
602 3708 722 3775 Frustra
740 3708 803 3771 hut
823 3713 959 3768 vocatur
976 3701 1113 3775 lllolr'na,
1137 3706 1190 3783 qui
1205 3704 1255 3768 lor.
1272 3707 1321 3769 eit.
1339 3705 1402 3766 hoc
1416 3725 1481 3767 non
1494 3706 1613 3789 tangit,
1630 3703 1756 3767 tradent
1772 3701 1890 3778 solum,
1904 3705 1981 3790 qnod

623 3785 818 3878 emphplea'efis
834 3788 899 3876 dari
910 3783 1003 3884 potiit
1014 3794 1158 3870 perpetuo
1175 3795 1207 3849 et
1222 3790 1437 3870 temporaliter.

535 3955 581 4020 7.
601 3929 700 4016 Reite
715 3925 841 4016 dtinuit
855 3927 886 4016 ln
903 3911 954 3987 su'a
973 3923 1090 3989 Theol.
1114 3944 1213 3997 mor.;
1236 3943 1339 4007 neque
1360 3926 1444 3987 enirn
1467 3924 1645 3986 locationes
1663 3939 1765 3984 return
1786 3915 1938 3985 ecelesiae
1953 3922 1981 3984 in

623 4009 735 4076 Genua
761 4005 959 4074 larentinae
975 4008 1044 4069 sunt
1062 4010 1100 4069 ad
1113 4007 1269 4091 angustiae
1287 4010 1413 4069 triennii
1420 4027 1432 4078 ,·
1455 4026 1557 4090 neque
1568 4006 1600 4069 in
1615 4006 1701 4070 veris
1716 4006 1856 4087 propriis
1868 4006 1981 4070 aliena·

621 4031 972 4160 nonlbntiuefideratur
986 4090 1156 4154 solennitas
1171 4091 1290 4153 decreti
1309 4089 1440 4171 Papalis.

612 4252 704 4324 ¹Dico
727 4250 863 4331 secando.
913 4246 1080 4318 Praelatus
1096 4243 1222 4343 absque
1239 4238 1394 4317 consensu
1411 4241 1557 4340 Capituli
1572 4244 1718 4338 expreffo,
1743 4240 1875 4343 alisque
1890 4241 1983 4318 omis·

506 4339 548 4416 fis
571 4338 838 4432 salernitanus,
864 4339 1006 4418 fundum
1021 4351 1137 4416 nomine
1152 4346 1317 4430 Ecclefier,
1342 4341 1399 4414 seu
1414 4344 1447 4413 in
1467 4343 1643 4415 utilitatem
1662 4339 1842 4426 Ecclefiae,
1876 4351 1982 4425 locere,

506 4464 564 4513 aut
582 4444 736 4510 concedere
751 4443 856 4537 potest
872 4445 912 4515 ad
928 4467 1060 4540 tempus
1075 4446 1179 4523 irene,
1199 4442 1264 4530 (1)
1282 4440 1337 4512 seu
1353 4467 1409 4510 non
1425 4446 1554 4532 longam.
1577 4441 1634 4531 (2)
1660 4445 1710 4510 ita
1732 4438 1876 4513 sumitur
1898 4465 1937 4512 er
1958 4465 1982 4512 c.

505 4545 563 4612 erit.
579 4539 640 4633 (3)
656 4563 693 4608 nr
710 4544 849 4611 Praelari
865 4548 949 4612 vices
968 4551 1038 4634 saar
1055 4547 1115 4617 uo.
1166 4545 1208 4612 Et
1223 4542 1312 4612 idern
1322 4539 1450 4631 footoffe
1469 4544 1533 4632 q4)
1549 4538 1594 4609 ei}
1613 4535 1983 4613 internuntiante·

503 4640 606 4756 pituli
619 4688 630 4727 ‚
656 4636 715 4736 (5)
745 4659 778 4716 tt
800 4638 900 4714 tradit
926 4651 1042 4718 caver.
1073 4642 1124 4719 lii.
1143 4668 1177 4716 e.
1201 4639 1413 4737 refolarirnam
1434 4661 1460 4713 c.
1482 4664 1536 4727 os.
1553 4663 1585 4716 a.
1610 4651 1643 4718 l.
1689 4639 1788 4714 Ratio
1811 4635 1859 4714 est
1883 4638 1984 4709 mani·

1892 4731 1981 4818 feta,
