5017 5592
940 635 1527 722 nissrnrnrio
1677 624 1698 646 ·’

1168 845 1317 947 §.jxn

609 990 712 1089 Qiod
729 989 911 1085 regulas&
932 992 1078 1064 rationes
1098 992 1127 1081 s.
1149 993 1208 1064 ix.
1224 1012 1504 1064 commemoratas
1525 991 1660 1073 attinet,
1692 991 1808 1087 pincia
1835 990 1984 1067 antehae

489 1084 560 1183 jam
577 1088 748 1185 respondit
764 1090 1003 1163 Reiohrrthios
1023 1088 1192 1171 laudatus,
1210 1091 1248 1180 a)
1269 1114 1346 1162 cuin
1387 1115 1432 1161 oo
1449 1092 1496 1162 ita
1513 1114 1551 1161 ex
1579 1092 1728 1162 licamna.
1791 1092 1986 1169 Enimvero

491 1191 638 1353 primam
655 1188 824 1281 regulam,
843 1188 918 1285 juta
934 1185 1119 1285 personalia
1135 1182 1310 1259 ceffionem
1324 1115 1483 1284 resipuere
1503 1114 1704 1268 dissensero,
1739 1189 1840 1260 toties
1862 1185 1983 1261 officio

384 1337 395 1349 .
510 1308 554 1356 uo
574 1309 706 1367 carere,
725 1284 817 1359 redde
837 1282 1024 1370 asserimus,
1042 1288 1173 1383 quoties
1188 1284 1230 1357 de
1246 1286 1417 1360 volontate
1428 1283 1463 1357 id
1475 1287 1530 1382 jus
1544 1285 1758 1359 concedentis
1777 1284 1984 1383 vdeapres·

493 1378 529 1458 se
551 1383 602 1454 vel
621 1386 719 1455 tacite
734 1382 881 1467 constat,
908 1408 941 1456 at
956 1409 994 1455 cx
1011 1385 1104 1482 praxi
1121 1378 1331 1456 manifestum
1348 1381 1411 1466 est,
1438 1389 1685 1483 Imperatorem
1698 1388 1751 1455 via
1766 1381 1918 1457 ceffioiiis
1934 1380 1987 1456 fa·

494 1479 583 1553 siam
599 1480 775 1555 admittere
791 1483 1042 1555 translationem
1063 1484 1098 1552 in
1120 1482 1241 1563 alium,
1267 1482 1410 1578 proinde
1434 1483 1511 1555 licet
1533 1505 1650 1580 preces
1675 1481 1730 1577 jus
1750 1506 1844 1555 mere
1867 1482 1985 1579 perso·

493 1577 570 1651 itale
590 1579 777 1665 involvant,
799 1603 912 1652 tamen
924 1604 963 1654 ea
977 1576 1134 1654 consensu
1153 1577 1303 1652 Caesareo
1314 1576 1448 1652 cessioni
1468 1580 1617 1653 obnoxie
1640 1576 1732 1653 sunt:
1766 1579 1870 1652 altera
1896 1604 1983 1677 quo-

475 1701 564 1773 que
579 1676 713 1769 regula,
741 1678 834 1775 quod
851 1677 945 1765 jura,
979 1702 1054 1774 quie
1073 1679 1108 1747 in
1128 1677 1278 1749 heredes
1295 1677 1384 1750 haud
1401 1682 1579 1750 transmitti
1607 1675 1759 1776 possunt,
1792 1703 1854 1773 per
1872 1675 1986 1750 cellio-

389 1813 392 1819 ·
496 1797 575 1845 neni
589 1776 624 1848 in
639 1773 741 1850 alium
755 1772 930 1848 transferri
945 1796 1129 1872 nequeant,
1151 1775 1268 1846 eadem
1283 1781 1477 1871 exceptione
1491 1776 1647 1856 eliditur,
1674 1774 1708 1846 dr
1735 1779 1770 1846 in
1791 1774 1824 1848 se
1849 1777 1985 1873 oppido

497 1874 631 1944 veritati
646 1870 769 1944 dissona
784 1873 936 1946 habetur.
962 1877 996 1966 b)
1044 1878 1170 1968 Neque
1185 1875 1219 1942 in
1235 1870 1347 1964 odiro
1368 1872 1527 1946 sentcntia
1547 1896 1646 1965 urget
1662 1874 1774 1955 illud,
1809 1898 1879 1967 qiio
1900 1874 1986 1946 dici·

498 1991 572 2050 tur,
598 1966 640 2039 fic
657 1969 855 2043 beneficium
871 1992 987 2042 contra
999 1971 1205 2043 voluntatem
1223 1971 1434 2042 concedentis
1452 1971 1494 2044 de
1519 1969 1659 2066 persona
1675 1973 1709 2041 in
1734 1967 1912 2067 personam
1930 1994 1985 2041 ex·

501 2066 611 2148 tendi,
636 2092 713 2139 cuni
733 2066 927 2142 consensum
940 2070 1160 2165 Imperatoris
1182 2066 1223 2137 ad
1245 2068 1449 2164 ejuscemodi
1471 2065 1646 2142 ceslionem
1668 2072 1769 2140 etiam
1796 2066 1987 2166 expressum

502 2162 746 2239 desideremus:
773 2164 942 2265 postremo
956 2191 1035 2248 nec,
1061 2164 1153 2261 qiiod
1169 2190 1287 2261 preces
1301 2167 1381 2239 alias
1396 2189 1507 2240 extent
1519 2163 1652 2247 odiosa,
1668 2168 1768 2262 proin
1784 2190 1853 2237 oon
1869 2189 1987 2238 eatena

501 2261 618 2334 dende
635 2260 742 2336 sintin
759 2265 991 2361 prejudicium
1005 2264 1259 2360 Capitulorum,
1283 2264 1459 2363 quidpiam
1476 2265 1530 2337 liic
1545 2266 1687 2345 evincit,
1709 2288 1785 2334 nam
1804 2260 1986 2360 spersona

500 2383 582 2432 vere
601 2360 719 2434 idonea
732 2364 864 2434 cedenti
884 2360 924 2433 ab
941 2366 1150 2457 Imperatore
1164 2359 1396 2444 substituatur,
1422 2362 1588 2460 Capitulis
1604 2383 1660 2432 aut
1678 2359 1907 2433 collatoribus
1931 2386 1988 2433 or·

503 2458 642 2529 dinariis
658 2460 743 2531 nibil
759 2460 870 2531 damni
898 2459 950 2532 rel
968 2457 1156 2557 prejudicii
1175 2454 1295 2530 inferri
1314 2458 1504 2557 dispicitur:
1534 2459 1753 2530 nihilominus
1776 2458 1987 2531 attendenda

502 2551 578 2651 sqnt
597 2553 851 2631 consuetudines
867 2556 901 2629 dr
916 2554 1031 2628 statuta
1047 2552 1286 2638 Ecclefiarum,
1310 2579 1385 2654 quai
1403 2556 1521 2628 lissiae
1540 2554 1614 2653 post
1631 2555 1885 2627 infinuationem
1912 2581 1991 2651 pre·

503 2673 581 2724 cum
597 2649 696 2727 semel
720 2650 842 2728 frain
858 2661 925 2727 noo
945 2654 1120 2727 admittant
1138 2649 1334 2736 cessionem,
1375 2654 1417 2726 ad
1437 2653 1565 2729 dissidia
1587 2653 1621 2729 di
1642 2654 1855 2731 incommoda
1875 2655 1990 2730 litium

503 2752 753 2850 prevertenda,
779 2753 936 2853 precistas
950 2776 1080 2828 morem
1092 2754 1134 2825 iia
1149 2773 1269 2849 gerere
1282 2751 1467 2853 oportebit.

547 2918 1059 3005 a)1nuiueit.cieexxii.
1150 3022 1152 3024 Ι
1265 2992 1304 3007 ,,

413 3037 415 3039 ’
548 3036 588 3120 b)
614 3038 687 3106 vid
700 3038 906 3108 Lauterbach.
925 3029 958 3106 iii
976 3042 1089 3127 Comp.
1104 3038 1140 3107 L.
1153 3050 1204 3116 18.
1217 3046 1242 3107 t
1253 3055 1286 3122 4
1297 3059 1328 3124 p·
1341 3048 1416 3123 328·

1165 3231 1198 3333 t.
1249 3232 1342 3310 xii.

624 3364 781 3442 Tandem
797 3392 932 3443 manum
946 3368 1098 3442 ultimam
1111 3368 1192 3441 huic
1206 3365 1308 3464 capiti
1324 3360 1529 3436 enucleando
1542 3361 1714 3447 addimus,
1744 3382 1933 3465 querentes
1948 3360 1992 3437 de

505 3459 633 3547 modo,
660 3490 728 3561 quo
742 3464 896 3548 cessiones
912 3471 945 3539 in
961 3471 1053 3561 praxi
1068 3464 1141 3539 fieri
1158 3464 1344 3538 conveniat.
1408 3464 1570 3557 Inprimis
1592 3462 1755 3560 precisla,
1787 3467 1842 3536 cui
1867 3465 1903 3534 in
1927 3462 1993 3533 alia

511 3559 654 3632 Ecclesia
670 3568 766 3636 citius
783 3562 986 3662 adipiscendi
1002 3563 1153 3638 beneficii
1170 3561 1243 3659 spes
1261 3558 1419 3653 affulget,
1443 3582 1499 3630 aur
1517 3563 1629 3655 quiex
1650 3562 1713 3632 alia
1733 3548 1862 3633 ratio⁴ne
1884 3560 1927 3631 ad
1946 3558 1993 3630 al·

513 3659 578 3727 teri
594 3659 779 3733 cedendum
795 3665 979 3748 inducitur,
1007 3663 1099 3761 juxta
1118 3659 1350 3759 prescriptum
1373 3659 1423 3728 Ss.
1439 3660 1631 3741 canonum,
1665 3682 1739 3731 ante
1760 3658 1876 3731 oculos
1899 3654 1994 3729 habi·

514 3757 558 3921 qia
575 3761 773 3924 cupbacitaie,
798 3765 921 3858 pictate
937 3759 1212 3878 draliisdotibus
1230 3755 1398 3874 persone,
1423 3754 1566 3922 inrqq'os
1582 3751 1994 3924 sacopemscederegnteq·

352 3959 421 4001 .-
515 3855 1651 4048 1:‘tisislilllltslslllfll‘s‘lzslllllsl‘s'lissi
1671 3875 1850 4049 §illisi
1870 3876 1995 4021 olli:

352 4110 358 4122 ,
398 4100 402 4112 ..
516 4044 789 4123 aliteraCiesare
804 4051 989 4125 desiderare
1006 4052 1114 4125 debet.
1170 4051 1326 4121 Huncin
1351 4044 1578 4119 finem-unum
1602 4051 1653 4120 vel
1704 4051 1794 4122 lorea
1817 4048 1996 4118 nominare

515 4138 581 4214 sive
596 4144 793 4223 constituere
808 4152 979 4234 convenit,
1002 4149 1110 4248 quiin
1134 4148 1208 4219 aula
1222 4144 1369 4219 Caesarea
1388 4146 1554 4241 ejusmodi
1577 4076 1884 4242 transliriptionem
1907 4141 1996 4215 solli·

517 4242 635 4324 citent,
661 4246 789 4341 aliaque
806 4250 837 4321 dt
855 4247 996 4342 singola,
1022 4272 1096 4345 φιτ
1118 4240 1292 4319 necessaria
1311 4244 1552 4340 &opportuna
1573 4240 1717 4327 fuerint,
1750 4265 1869 4335 gerant
1890 4262 1996 4338 atquc

434 4421 438 4429 ι
517 4359 708 4427 exerceant3
734 4345 775 4417 dc
796 4348 860 4419 hoc
876 4371 912 4417 ut
935 4348 1083 4443 legitime
1104 4342 1246 4427 constet,
1277 4346 1463 4442 Notarium
1487 4338 1673 4414 Caesarcum
1695 4342 1855 4415 adhibere
1877 4336 1996 4418 debat,

517 4437 582 4604 quq
591 4433 806 4608 presentipus
821 4443 951 4516 duobos
964 4444 1099 4560 testibqs
1112 4442 1178 4560 fide
1193 4442 1302 4534 dignis
1318 4437 1679 4607 sqqecilaliterpjeqpistis
1692 4437 1998 4608 iffstprqumfnmmf)

519 4557 567 4707 11²,
576 4538 1305 4738 {still,illass‘lslll''lillis
1308 4562 1711 4735 ‘esltlllislllle
1728 4556 2001 4729 ἓιιῖὲέῗῖιῖῗῖ.

617 4789 619 4794 .
1210 4763 1215 4780 .
1674 4753 1677 4757 ·
1939 4750 1999 4803 ces
