5017 5592
493 687 499 698 ,.
713 577 1133 714 unnnvocnrts
1160 603 1633 718 tectastns'rtctst.
1812 659 1887 738 499
1997 755 2001 764 Ι
2109 717 2118 736 ,.

481 849 483 856 -
529 813 686 897 dgottnnt
710 812 750 879 de
774 813 937 879 communi
955 811 1105 878 consenso
1121 813 1259 899 Crpltnll
1273 768 1377 880 o'osttl
1395 813 1535 880 cestrum
1552 813 1586 879 ln
1610 811 1805 902 Heidelberg
1817 835 1890 884 run

483 931 488 940 ·
525 897 629 983 burgo
641 896 735 980 ipsius
753 897 859 973 castri,
880 895 914 960 dc
933 896 1111 962 comeciam
1132 896 1321 963 Stshlbohel
1334 917 1409 964 cum
1422 899 1576 966 omuibus
1593 899 1783 970 auloeotilr.

633 1015 673 1080 ltt
689 1013 830 1103 Historia
848 1015 998 1084 Palatino.
1019 1035 1083 1106 top.
1097 1037 1127 1088 2.
1146 1017 1201 1104 sol.
1216 1038 1269 1107 31·
1279 1037 1333 1106 3²·

391 1202 396 1208 -
526 1161 634 1232 XXV.
662 1164 740 1232 Nec
761 1161 915 1234 indecens
940 1165 1111 1262 quicpitm
1127 1165 1161 1236 in
1178 1187 1238 1250 eo,
1268 1164 1360 1260 quod
1380 1157 1601 1238 Ecclesiarum
1628 1158 1808 1234 Advocatit
1831 1157 1890 1234 sub

403 1259 622 1354 Imperatore
641 1256 844 1343 constitutis,
864 1261 897 1334 dr
912 1264 946 1332 in
964 1277 1108 1358 quotum
1127 1263 1190 1336 ille
1206 1268 1379 1337 territorio
1393 1262 1458 1336 strae
1475 1287 1541 1333 non
1557 1258 1649 1343 sunt,
1665 1255 1782 1342 feudo,
1799 1259 1895 1332 eliar-
1922 1265 1925 1270 ‘

406 1381 453 1427 ve
477 1357 636 1428 utilitates
662 1359 864 1453 temporales
886 1363 920 1430 in
943 1356 1142 1432 defensionis
1164 1365 1343 1460 premium
1361 1361 1578 1442 constituent,
1601 1358 1700 1431 datur
1726 1356 1823 1429 nobis
1843 1361 1893 1428 in·

409 1458 547 1533 venire,
576 1460 656 1551 quio
681 1461 794 1550 potius
819 1455 1001 1530 sanctorio
1024 1458 1107 1530 illud
1129 1460 1218 1531 houd
1237 1461 1356 1533 leviter
1376 1457 1593 1532 cohonestare
1613 1456 1771 1539 videtur;
1801 1455 1892 1527 nulle

410 1557 503 1624 enim
526 1552 658 1647 justitie
677 1554 751 1646 lege
772 1558 952 1653 Princeps,
975 1560 1118 1640 Comes,
1143 1557 1271 1630 aliusve
1292 1557 1437 1656 Dynastn
1452 1554 1630 1629 Ecclesiam
1650 1578 1706 1626 out
1725 1550 1892 1626 Monsste·

411 1653 503 1723 rium
519 1676 610 1721 extra
624 1648 719 1740 suum
744 1657 951 1727 territorium
974 1653 1130 1738 existens,
1152 1656 1185 1729 dt
1205 1657 1343 1752 quident
1364 1681 1441 1728 cunt
1468 1677 1562 1728 tento
1582 1652 1640 1727 suo
1664 1651 1892 1736 incommodo,

411 1748 505 1844 quod
523 1773 683 1821 armatam
706 1750 925 1822 Advocsritm
947 1756 1102 1826 comitari
1117 1752 1220 1836 solet,
1245 1750 1426 1828 defendere
1447 1777 1593 1827 tenetur.
1639 1754 1725 1822 Cum
1742 1753 1832 1833 enim
1847 1772 1894 1820 ta·

413 1845 457 1918 lis
481 1842 627 1918 defenso
640 1850 733 1919 vario
748 1873 911 1944 rpparrtu
931 1849 1050 1923 bellico
1065 1852 1096 1923 dr
1119 1854 1227 1926 multo
1241 1854 1350 1924 milite
1365 1851 1483 1948 suscipi
1500 1849 1649 1948 persepe
1664 1845 1792 1930 debeat,
1809 1847 1895 1934 mul·

412 1967 463 2017 tss
481 1969 617 2041 quoque
631 1945 786 2042 expensas
804 1948 837 2018 dr
859 1944 1011 2044 sumptus
1031 1949 1197 2044 deposcit,
1220 1955 1302 2048 quin
1317 1951 1400 2024 adeo
1415 1955 1450 2021 in
1470 1947 1565 2022 causa
1584 1974 1650 2020 non
1675 1972 1752 2019 rtro
1767 1943 1833 2029 est,
1854 1966 1894 2018 ut
1934 2010 1937 2014 .
2036 1945 2043 1952 ’

413 2067 502 2140 quos
518 2042 559 2113 ab
586 2040 736 2115 Ecclestae
756 2045 789 2115 dr
811 2043 1002 2119 monasterii
1025 2045 1216 2130 invastone,
1239 2051 1448 2144 direptione,
1470 2043 1682 2144 oppressione
1705 2070 1821 2117 arcere
1840 2068 1896 2116 co·

413 2164 514 2212 natur
532 2142 694 2233 malignos
710 2142 880 2228 homines,
896 2146 957 2215 hos
973 2170 1088 2216 contra
1104 2143 1135 2216 se
1150 2148 1279 2230 irritet,
1294 2151 1357 2236 itt,
1374 2171 1411 2218 ut
1425 2144 1551 2216 rabiem
1567 2145 1613 2214 illi
1634 2168 1670 2214 tc
1686 2146 1772 2224 vim,
1793 2163 1896 2240 quam
2047 2167 2051 2178 ·

413 2235 759 2345 Ecclesisparabonr,
776 2267 808 2311 ιιι
819 2245 889 2338 ejus
905 2244 1114 2316 Advocatum
1131 2266 1343 2332 convertant,
1361 2245 1517 2336 &ingens
1530 2241 1625 2314 valde
1636 2240 1721 2336 saepe
1736 2242 1896 2313 damnum
1914 2301 1917 2306 .
1979 2274 1985 2284 ·

413 2337 507 2408 illius
528 2340 627 2407 terris
645 2363 680 2409 ac
703 2338 796 2409 bonis
815 2336 978 2424 inserant;
1003 2342 1091 2413 unde
1113 2337 1342 2439 sumptuosum
1364 2343 1488 2414 bellum
1511 2336 1601 2412 facili
1629 2343 1766 2451 negotio
1786 2336 1895 2411 enasci
2022 2425 2026 2430 Ι
2116 2319 2119 2334 ¹

415 2431 537 2603 potest.
589 2438 655 2504 His
678 2435 956 2510 addecommodn
1009 2439 1148 2521 lurims,
1181 2438 1463 2512 conservationem
1487 2435 1690 2536 potissimum
1714 2441 1837 2526 tursum
1857 2459 1896 2508 cc

440 2557 585 2604 ortorum
601 2529 854 2630 suorum,²quae
875 2464 1026 2609 Ecclessis
1040 2563 1077 2610 ac
1097 2536 1311 2610 Muntsteriis
1333 2565 1371 2610 er
1395 2539 1602 2610 Advocaritli
1624 2532 1836 2633 proteslione
1850 2528 1900 2607 of·

411 2629 547 2716 ¹fluunt,
570 2655 642 2726 quae
659 2630 734 2703 sane
750 2639 861 2704 omnia
879 2636 954 2704 talia
975 2634 1066 2717 sunt,
1087 2660 1123 2708 oe
1138 2659 1244 2719 tento,
1272 2660 1309 2708 ut
1331 2635 1539 2708 meritiffimo
1556 2634 1633 2730 jure
1649 2631 1798 2704 Ecclcstae
1820 2656 1901 2707 cun<

417 2727 523 2826 digno
542 2730 724 2804 honorario
742 2727 808 2803 suis
827 2730 1007 2807 Advocatio
1028 2735 1231 2834 imperatori
1256 2732 1476 2808 subordinatis
1502 2729 1796 2832 correspondetnt.

881 3002 1256 3118 CAPUT
1326 3007 1426 3126 Vl.

364 3280 374 3290 -
448 3221 518 3310 De
543 3209 701 3308 Officio
718 3248 765 3310 ac
782 3222 875 3330 lure
892 3224 1155 3308 summotum
1176 3230 1216 3304 δι
1237 3217 1413 3305 aliorum
1439 3219 1712 3308 Ecclestatum
1728 3215 1872 3311 Advo-

665 3373 668 3380 '
1074 3368 1251 3428 saiorum·

420 3447 451 3525 L
479 3447 688 3663 Officium
704 3545 865 3618 Advocati
880 3543 1077 3661 protessorii
1092 3543 1279 3660 nousolum
1295 3569 1335 3615 ex
1347 3538 1506 3660 hedenus
1522 3537 1620 3711 dishis
1635 3592 1645 3627 ,
1660 3544 1899 3660 'verumetiam

421 3640 1901 3840 {scissid‘ss‘iidiiiidissidiis‘ii’pdrifflriiii‘iipiei‘i'i”idieiiii

423 3843 600 3915 Advocato
622 3837 861 3920 Ecclestassico,
886 3841 919 3914 dt
938 3844 969 3914 vi
984 3843 1074 3914 illius
1095 3842 1207 3913 tutele
1220 3865 1296 3912 cum
1311 3834 1423 3911 officio
1438 3836 1588 3910 Cesarco
1603 3835 1758 3934 susceptae
1774 3841 1904 3912 incum-
1949 3919 1954 3927 ,
2021 3855 2025 3860 ’

423 3939 496 4022 bit,
517 3962 620 4011 totam
642 3934 816 4012 Ecclesiam
832 3938 972 4033 ejusque
988 3944 1136 4021 Statum,
1157 3938 1268 4035 quoad
1281 3938 1431 4034 caput&
1452 3935 1619 4018 membro,
1640 3939 1714 4031 jura
1729 3937 1763 4008 dr
1781 3932 1902 4032 posses·

423 4036 532 4111 fiones
553 4036 701 4128 legitime
723 4059 949 4132 comparatas,
970 4038 1068 4109 Fidei
1083 4043 1244 4131 praeterec
1259 4036 1433 4128 dogmata,
1456 4059 1590 4106 morum
1613 4034 1795 4108 decreta-dr
1818 4035 1899 4106 alite

424 4131 676 4208 constitutiones
701 4137 915 4206 Summotum
931 4139 992 4207 PP.
1009 4136 1041 4208 dt
1059 4141 1127 4209 CC.
1144 4139 1178 4205 in
1203 4133 1258 4206 sua
1283 4137 1427 4231 puritate
1445 4133 1535 4226 juxta
1553 4128 1690 4202 dusium
1708 4133 1902 4216 Eorundem
2037 4145 2041 4172 ¹

370 4307 372 4312 ,
424 4229 638 4314 conservare,
662 4233 691 4301 or
710 4256 824 4303 contra
838 4231 1042 4306 adversarios
1057 4227 1193 4306 fortiter
1213 4227 1393 4305 defendere
1410 4255 1420 4301 t
1449 4232 1601 4300 Dominis
1619 4255 1699 4302 tero
1713 4236 1901 4304 serratoria-

425 4331 515 4405 libus
531 4353 568 4402 ut
583 4329 761 4404 Advocatis
785 4329 999 4425 Mojestaticis
1018 4328 1162 4430 idipsum
1179 4335 1213 4400 in
1234 4328 1300 4404 suis
1324 4330 1474 4427 propriis
1493 4329 1689 4411 territoriis,
1713 4327 1771 4402 sub
1793 4336 1908 4429 lmpe·

425 4429 560 4511 rslore,
585 4453 714 4502 curare.
740 4429 827 4500 Vide
842 4453 906 4523 cap.
926 4454 957 4517 3.
976 4436 1040 4510 Μ.
1059 4456 1092 4502 ι.
1116 4432 1202 4517 &3.
1833 4469 1841 4480 -

547 4566 591 4635 ll.
622 4563 803 4635 Advocatio
823 4585 932 4634 tamen
956 4559 1161 4659 protessorit
1182 4560 1449 4657 qualiscunque,
1470 4582 1537 4631 tam
1559 4558 1777 4636 Ecclesiastico
1802 4583 1903 4659 quem

426 4657 573 4762 prosena
594 4661 720 4734 nullom
744 4662 918 4740 Advocato
938 4663 974 4737 io
995 4660 1239 4832 protegefidpm
1258 4657 1440 4830 ²eleutero,
1460 4658 1574 4758 ejusve
1597 4660 1702 4750 bona,
1715 4654 1904 4831 inradiat&
2004 4693 2015 4716 κ
