5017 5592
657 661 727 745 ou
751 603 1849 758 turanarontssosnnararnoartsntnnaac.
1953 696 2003 770 9,
2059 617 2085 716 s

509 851 786 932 canonicatibus,
807 847 839 920 ἆ
861 845 1049 940 Ptaebendis
1065 849 1201 939 Regiis,
1223 837 1625 945 (ilbdiqssefflftllnben)
1650 853 1868 949 Scriptores,
1893 850 1928 926 ἃ
1950 851 2006 924 hi·
2067 909 2075 925 .

509 954 637 1035 siuriae,
660 949 796 1045 &juris
814 946 955 1046 publici,
977 972 1062 1027 uno,
1086 948 1290 1044 loquuntur,
1306 971 1377 1028 ore.
1429 953 1549 1030 Nam,
1571 975 1647 1022 cum
1673 975 1796 1046 praeter
1815 976 1912 1024 veros
1934 955 2002 1023 ca·
2091 1031 2095 1040 ¹

509 1055 703 1130 nonientus,
724 1047 757 1120 dt
775 1044 987 1127 Praebettdaa,
1008 1047 1108 1116 certis
1124 1071 1162 1116 ex
1183 1043 1303 1126 caulis,
1327 1046 1379 1118 vel
1403 1045 1448 1117 ob
1468 1051 1606 1130 merita,
1629 1049 1682 1120 vel
1700 1050 1792 1145 quod
1812 1045 1863 1131 se.
1887 1049 1923 1122 dt
1944 1045 2001 1122 sue

511 1155 624 1228 omnia
650 1141 852 1222 devovissent
871 1140 1047 1221 Eccleiiae,
1070 1143 1123 1214 vel
1143 1144 1232 1239 quod
1262 1142 1322 1240 ipst
1351 1140 1537 1218 fundassent
1560 1146 1783 1230 Praebendaa,
1811 1147 2002 1220 Prebendae
2105 1209 2111 1220 .

511 1255 630 1329 variae,
652 1247 746 1318 iaicis
763 1248 884 1325 etiam,
905 1237 1061 1313 concellae
1077 1239 1139 1330 lint
1152 1247 1186 1312 in
1211 1241 1382 1319 Ecclesti'sr
1404 1255 1422 1292 ²¹
1448 1269 1658 1342 nequaquam
1686 1248 1777 1317 venit
1797 1248 2010 1336 mirandum,

512 1344 700 1442 Augustos,
734 1340 909 1438 Regesque
930 1335 1264 1438 noslros,‘tanquam
1284 1346 1440 1413 Summos
1463 1345 1681 1415 Ecclestarum
1712 1340 1922 1425 defensores,
1948 1343 2011 1414 or·⁴

516 1445 672 1542 diuisque
688 1444 778 1513 Sacri
801 1445 964 1511 Fautores
982 1449 999 1519 ,'
1016 1443 1265 1536 Canonicorum
1282 1465 1421 1522 nomen,
1442 1440 1663 1540 titulumque,
1679 1467 1715 1512 nc
1735 1442 1929 1513 Praebendas
1940 1445 2005 1513 Re·

517 1552 611 1639 gias,
638 1537 773 1612 divetfis
795 1543 830 1610 in
849 1538 1066 1618 Germaniae,
1088 1562 1125 1606 ac
1143 1539 1246 1607 ltaltae
1268 1536 1437 1619 Ecclcstis,
1462 1539 1623 1621 libenter,
1649 1539 1858 1638 gratioleque
1893 1540 2004 1610 admi.

516 1641 598 1725 fiss'e,
620 1647 658 1687 **
691 1637 833 1734 solisque
860 1633 1045 1708 honoribus
1062 1639 1237 1716 contenti,
1264 1641 1407 1708 Vicariia
1434 1634 1551 1710 ceslilse
1575 1640 1826 1720 emolumenta,
1854 1661 2003 1737 quorum
2065 1685 2070 1692 ·

517 1742 807 1817 canonicatuum,
831 1734 864 1807 dt
888 1733 1145 1805 Praebendarum
1169 1758 1367 1815 numerum,
1390 1760 1552 1830 quantum
1569 1739 1656 1812 vites
1676 1737 1881 1823 concedunt,
1906 1735 2007 1810 &in-

520 1844 674 1936 genium,
700 1860 776 1908 cum
799 1832 962 1906 benevolo
989 1830 1312 1905 communicabimus
1334 1830 1473 1907 lesiore.

558 2015 572 2042 ·
587 1967 751 2070 Antonius
766 2001 926 2082 Matthaei,
943 1969 1069 2065 manud.
1083 2002 1121 2065 ad
1137 2001 1190 2083 jus
1204 2001 1326 2067 canon.
1341 2000 1378 2067 L.
1389 2020 1420 2067 2.
1436 2022 1508 2085 ptg.
1521 2019 1594 2081 204.
1663 2085 1667 2102 1

564 2128 607 2162 ·*
631 2119 822 2185 clatiflimus
838 2120 878 2183 D.
889 2119 1049 2191 Budema,
1072 2120 1141 2186 hist.
1158 2121 1310 2188 canonic.
1328 2121 1407 2207 lmp.
1423 2121 1611 2205 Regumquc
1624 2120 1823 2200 Germaniae,
1843 2089 1911 2190 sive
1922 2118 2007 2186 Prae·
2094 2151 2099 2162 ·

633 2206 747 2272 bendae
763 2203 891 2308 Regia,
913 2203 946 2286 S.
959 2203 990 2269 6.
1005 2202 1040 2267 dt
1055 2226 1085 2287 7.
1103 2223 1175 2287 pag.
1193 2225 1222 2286 4.
1236 2203 1270 2267 dt
1283 2223 1315 2288 5.

1171 2387 1207 2472 §.
1257 2380 1354 2456 Xll.

636 2524 703 2598 Ac,
727 2538 782 2596 ut,
804 2504 1091 2602 ordineserv'ato,
1120 2543 1140 2589 a
1162 2517 1375 2600 minoribus,
1407 2512 1621 2589 ascendantur
1651 2515 1694 2589 ad
1721 2515 1872 2614 majora,
1897 2516 2012 2594 ordie-

523 2639 597 2688 mur
619 2616 816 2686 prebendas
835 2620 974 2708 Regias,
1002 2613 1219 2689 Ecclesiarum
1243 2618 1533 2708 collegiatarum,
1554 2618 1595 2686 ad
1619 2621 1864 2714 Imperatores,
1886 2617 2010 2690 &Re-
2104 2611 2116 2640 “

524 2740 578 2809 ges
599 2719 851 2789 Germanorum
874 2713 1068 2806 speciantes.
1116 2720 1153 2786 ln
1176 2712 1441 2790 EcclestaBeatae
1465 2713 1667 2795 Gertrudia,
1693 2718 1859 2798 Nirellis,
1885 2718 2008 2788 Leodi⁴

525 2813 621 2886 censis
639 2812 846 2891 Dioeceseos,
872 2811 1086 2888 Praebendam
1102 2816 1262 2906 Regclcm
1277 2807 1430 2884 concellit
1456 2815 1628 2906 Rupertus
1648 2811 1834 2894 Palatinus,
1853 2817 2005 2909 impera·

525 2935 593 2996 tor;
615 2919 637 2961 ἱ
665 2935 720 2993 ac,
739 2912 816 2982 licet
832 2915 1001 2983 Henrieus
1017 2918 1077 2984 IV.
1107 2911 1283 2984 Ecclesiam
1306 2917 1339 2983 S.
1365 2911 1563 2992 Gettrudis,
1591 2913 1624 2980 in
1642 2932 1728 2993 tres,
1755 2911 1905 2982 diviserit
1927 2937 2007 3010 par·

529 3032 592 3092 tes3
609 3019 648 3056 **
682 3011 947 3104 lmperamnbus
969 3034 1105 3094 tamen,
1131 3009 1333 3103 &Regibus
1361 3013 1541 3081 Germanis
1559 3058 1568 3090 ,
1589 3010 1644 3104 jur
1668 3009 1855 3082 Praebcndae
1881 3014 2007 3104 Regiae,

531 3110 561 3177 in
585 3107 724 3179 Ecclesia
753 3113 786 3180 S.
805 3109 985 3180 Gertrudia
1010 3105 1391 3206 Nivellana'permanstt
1414 3112 1602 3200 integrum,
1628 3109 1919 3202 'quemadmodum
1942 3112 2009 3184 hoc

532 3207 676 3288 conllat,¹
703 3231 740 3278 ex
763 3207 945 3303 diplomate
967 3209 1142 3305 Rudolphi
1159 3213 1180 3277 l.
1202 3208 1442 3304 Imperatoris,
1457 3206 1515 3245 ’⁴⁸‘
1542 3231 1571 3281 a.
1594 3222 1698 3301 1584.

568 3379 583 3410 ’
601 3375 871 3541 Ligprpplpiupetti
890 3374 1018 3534 Ιεςίἓέῑ
1039 3379 1170 3456 recitat,
1193 3377 1286 3451 lost.
1309 3375 1596 3442 Scmranus
1614 3376 1712 3442 Iustis.
1732 3375 1759 3452 J.
1776 3373 1828 3451 P.,
1842 3373 1884 3441 T.
1898 3394 1926 3441 1.
1942 3373 2009 3441 Tlt.

756 3504 764 3521 .
800 3506 809 3523 .
827 3479 857 3541 3.
881 3479 911 3542 p.
939 3480 954 3520 1
999 3505 1007 3522 .
1710 3499 1714 3512 ,

571 3579 606 3614 ¹·
628 3576 759 3652 constat
781 3577 847 3640 hoc
865 3599 908 3640 ex
924 3576 1098 3659 diplomate
1111 3574 1241 3639 Henrici
1257 3574 1315 3642 IV.
1337 3579 1376 3641 de
1392 3598 1420 3643 a.
1438 3597 1528 3661 1059.
1549 3577 1631 3662 apud
1648 3575 1812 3649 Dumout,
1833 3574 1935 3658 Cotps
1953 3573 2011 3640 Di·

643 3661 878 3742 plotnatiques,
898 3657 937 3724 Τ.
957 3682 984 3725 1.
1007 3680 1063 3724 no.
1080 3679 1131 3742 75.
1151 3679 1221 3741 pag.
1238 3672 1288 3741 48.
1308 3659 1341 3723 dt
1357 3680 1409 3741 49.

569 3794 625 3829 '⁸‘
653 3793 786 3855 Aubetti
807 3795 909 3857 Mitaei
936 3793 1077 3875 Diplom.
1098 3793 1134 3860 L.
1155 3792 1196 3858 ll.
1219 3793 1289 3856 five
1309 3791 1530 3875 supplementi
1552 3792 1591 3853 td
1609 3789 1793 3872 Diplomata
1806 3791 1924 3858 Miraei.
1950 3792 2014 3858 viti
2113 3841 2117 3846 -

645 3877 718 3939 clar.
744 3875 819 3956 J⁰l¹·
840 3875 918 3940 Frid.
944 3875 1107 3957 Foppens,
1134 3897 1164 3960 p.
1185 3896 1256 3957 919·
1282 3895 1336 3939 uo.
1356 3873 1486 3937 CXXll.
1506 3896 1549 3938 ex
1568 3876 1598 3938 le
1615 3875 1690 3959 Roy
1707 3875 2013 3943 Gallo-Brabantit.

645 3958 802 4025 Videatur
814 3963 913 4025 etiam
928 3958 991 4023 Dn.
1006 3959 1169 4035 Budetus,
1191 3956 1316 4023 Dissert.
1331 3958 1385 4024 cit.
1402 3978 1433 4042 p.
1451 3968 1499 4035 18.
1515 3979 1564 4043 19.
1582 3956 1616 4023 δι
1629 3978 1681 4028 20.

1180 4144 1215 4229 §.
1265 4139 1385 4224 tht.

647 4276 838 4370 Jungantut
857 4271 1044 4346 Nivellenli
1065 4270 1254 4346 Ptaebendae
1271 4278 1401 4367 Regiae,
1424 4274 1457 4347 dt
1481 4273 1553 4346 aliae
1573 4272 1675 4363 huius
1700 4270 1816 4359 sortis,
1846 4273 1879 4346 in
1901 4272 2013 4348 Eccle·

536 4367 603 4455 liis,
626 4393 698 4441 tum
715 4370 983 4467 capitularibus,
1001 4397 1078 4445 cum
1100 4373 1314 4465 collegiatis,
1337 4371 1658 4458 Archi-Diorescos
1673 4370 1904 4454 Trevtrensn,
1931 4373 2020 4446 vide·

535 4469 608 4540 licet
635 4470 823 4541 Praebendae
850 4473 960 4562 Regia
981 4471 1022 4541 ad
1048 4472 1151 4543 altare
1174 4475 1205 4543 S.
1233 4476 1341 4554 Petri,
1369 4474 1555 4563 Gregorii,
1581 4479 1733 4571 Qtitini,
1757 4471 1921 4550 calloria,
1943 4468 2023 4542 Flo·

536 4572 617 4647 tini,
648 4569 680 4638 dt
704 4574 738 4641 S.
759 4571 928 4649 Vrsloris,
956 4570 1164 4653 Andcrnaci,
1192 4570 1476 4667 quemadmodum
1503 4574 1575 4642 illas
1598 4569 1793 4650 recensent,
1815 4571 1919 4640 iitcrae
1936 4572 2022 4639 Prae·

534 4664 755 4752 sentationis,
782 4668 958 4767 Rudolphi
977 4672 1026 4743 ll.
1051 4672 1296 4768 imperatoris,
1324 4670 1364 4738 ad
1391 4669 1582 4767 johannem
1604 4676 1686 4750 Vll.
1713 4695 1733 4745 c
1757 4667 2021 4841 Schoenenbuffi,

1302 4773 1342 4843 N
1368 4793 1393 4851 2
1899 4772 1967 4843 Arc
1996 4766 2022 4848 ’ς
