5017 5592
608 667 680 745 oa
693 669 822 768 June
844 657 1109 749 caesareo
1130 611 1501 756 rniirnniiinuii
1519 633 1741 762 rnacuiu.
1792 741 1794 746 .
1845 711 1913 786 ιι,

542 845 604 931 plo
614 846 694 930 juris
706 848 835 922 civilis·,
858 868 923 932 qno
939 851 1106 933 aliquando
1120 854 1256 928 Ptaetot,
1279 877 1337 942 pro
1351 861 1535 923 conditione
1554 861 1670 934 caulae,
1688 863 1744 925 vel
1759 861 1911 945 perlonae,

542 932 601 994 vel
619 932 772 1013 temporis
787 933 936 996 adversus
956 947 1182 1010 contumaces,
1214 941 1357 1003 ordinem
1379 943 1651 1022 &compendium
1673 947 1768 1007 trium
1789 946 1912 1010 edielo·

541 1031 614 1076 rum
633 1014 678 1077 ita
695 1014 897 1089 moderabit,
920 1015 1074 1080 utstatim
1096 1020 1331 1102 Per-emptorium
1346 1023 1449 1097 daret,
1485 1027 1570 1105 quod
1593 1025 1786 1106 appellatur,
1815 1047 1912 1092 tinam

537 1113 601 1177 pra
614 1097 782 1168 omnibus„
802 1097 959 1177 ejusmodi
978 1098 1081 1180 plures
1099 1101 1200 1166 literae
1211 1111 1324 1168 extant
1337 1106 1370 1169 iii
1380 1107 1597 1170 Decretalibus
1607 1108 1756 1190 Gregorii
1772 1107 1910 1194 lX.cap,

538 1197 593 1260 30.
612 1197 663 1262 3?-
679 1187 731 1260 38.
744 1175 779 1240 dr
790 1197 842 1260 40.
857 1178 897 1242 de
911 1179 1088 1264 Rescriptis.

457 1300 496 1376 e)
519 1294 874 1362 CommunitetSeculo
887 1296 975 1362 XIII.
992 1301 1146 1365 mandatis
1161 1301 1336 1367 pontificiis
1354 1303 1423 1368 haec
1440 1306 1575 1371 clausula
1597 1307 1658 1370 fuit
1681 1304 1810 1371 inserta:
1849 1307 1908 1390 iiifi

540 1379 579 1443 de
589 1379 736 1440 snandoto
751 1379 852 1464 nostro
864 1383 964 1443 eudem
979 1381 1193 1465 Ecclrfiaforet
1209 1389 1242 1445 in
1257 1389 1383 1448 ulterius
1396 1395 1559 1471 receptione
1569 1399 1722 1470 grauatis:
1747 1389 1819 1455 Vid
1837 1408 1907 1470 cap.

501 1487 504 1492 ·
540 1481 593 1542 30.
609 1463 648 1521 de
661 1459 843 1540 Rescriptis,
865 1464 942 1524 item
959 1483 1026 1544 cip.
1046 1477 1097 1542 38.
1116 1467 1188 1530 eod.
1207 1464 1273 1529 Tit.
1288 1467 1320 1528 dt
1339 1489 1406 1553 cap.
1430 1489 1460 1536 a.
1477 1474 1549 1539 eod.
1569 1473 1602 1535 iu
1621 1474 1730 1552 quinta
1753 1471 1908 1555 compila-

539 1545 631 1608 tione
644 1541 858 1611 Decretuium
876 1544 1016 1612 Honorii
1027 1531 1085 1613 lll.
1101 1567 1157 1631 per
1169 1548 1344 1616 Cironium.

1068 1733 1100 1822 §.
1146 1730 1261 1809 XIV.
1382 1773 1384 1778 .

538 1857 778 1931 NibIIominus
802 1858 959 1947 castres,
986 1863 1026 1935 ad
1049 1861 1205 1937 effcsliim
1235 1863 1368 1937 l'iiarum
1395 1889 1532 1962 precum
1566 1860 1695 1936 facilius
1720 1867 1906 1964 impetran-¹

423 1950 518 2036 dum,
545 1961 657 2038 varia,
679 1983 785 2052 eaque
800 1967 944 2058 tempori
971 1963 1111 2058 aliisque
1140 1961 1392 2034 circumstantiis
1414 1961 1629 2035 consentanea
1652 1960 1773 2044 iniisse,
1801 1961 1904 2035 consi·

373 2045 384 2142 ζ
422 2049 480 2132 lii,
501 2053 660 2126 eeiisendi
675 2053 765 2127 sunt:
786 2055 947 2152 siquidem
966 2061 1077 2156 primo
1092 2061 1132 2131 ad
1148 2062 1323 2132 collatores
1344 2059 1401 2130 fibi
1428 2057 1593 2140 faventes,
1625 2083 1806 2158 gratosque
1825 2084 1902 2159 pre·

425 2173 472 2220 tes
492 2145 568 2222 suas
593 2155 714 2247 procul
737 2153 838 2224 dubio
860 2155 1087 2253 interposuere
1111 2164 1243 2253 potius,
1269 2183 1368 2252 quam
1390 2157 1430 2227 ad
1456 2182 1531 2238 eos,
1557 2160 1615 2252 qui
1640 2157 1704 2228 alio
1733 2161 1789 2229 uin
1812 2158 1902 2230 relu-

424 2241 529 2320 dmdi
542 2251 696 2320 animum
711 2253 745 2318 in
761 2251 835 2322 aliis
852 2259 995 2346 negotiis
1018 2255 1257 2351 prodiderunt,
1282 2277 1319 2323 ut
1332 2279 1445 2325 earum
1461 2259 1653 2325 executione
1670 2182 1776 2335 faga,
1798 2254 1901 2349 pede·

424 2345 536 2418 turim
558 2346 636 2416 aliis
662 2347 878 2420 collatoribus
925 2352 1091 2444 rejudicia
1111 2355 1353 2430 eximerentur,
1372 2375 1407 2420 ac
1432 2348 1545 2422 sensim
1569 2347 1628 2445 ipfi
1650 2348 1739 2442 quafi
1754 2375 1819 2420 non
1844 2351 1900 2422 ad·

423 2463 586 2516 meotes
601 2445 633 2515 ei
646 2449 778 2518 conatui
800 2377 1030 2524 assuescent:
1052 2475 1118 2522 non
1134 2473 1210 2520 rato
1236 2447 1491 2544 privilegiorum
1508 2443 1729 2527 concessione,
1747 2470 1803 2518 aut
1822 2473 1900 2519 con·
1971 2497 1981 2514 .

425 2533 610 2614 firmatione
632 2538 679 2614 usi
702 2542 857 2616 ridentur
877 2545 916 2616 ad
932 2546 1106 2617 collatores
1133 2547 1363 2644 promptiores
1388 2544 1586 2618 reddendos.
1644 2548 1738 2640 Sepe
1760 2567 1826 2638 pro
1850 2547 1899 2616 di·

425 2631 566 2711 terlitate
597 2643 774 2731 geniorum
795 2664 925 2714 terrore
949 2643 1148 2740 poteslatis,
1182 2667 1282 2739 quain
1305 2645 1418 2734 gratiae
1448 2640 1665 2714 ostentatione
1697 2639 1795 2730 egisse
1826 2667 1897 2726 eos,

425 2731 506 2804 band
524 2760 610 2808 rane
626 2735 876 2904 presumimus,
902 2739 1033 2812 rursum
1054 2741 1191 2813 credere
1206 2736 1254 2810 sas
1271 2737 1332 2819 eil,
1357 2739 1483 2834 pluries
1498 2738 1635 2810 clericos
1652 2739 1774 2810 uirtute
1790 2738 1822 2810 e
1839 2738 1897 2811 do·

428 2825 524 2905 [ltine
548 2831 629 2930 spes
646 2833 748 2906 abiles
762 2835 795 2906 dr
809 2836 877 2929 jani
899 2837 979 2907 alias
995 2833 1109 2911 favore
1131 2840 1329 2909 collatorum
1345 2837 1464 2927 dignos
1487 2834 1527 2906 ab
1551 2835 1616 2906 illis
1642 2836 1894 2906 commendatos

428 2923 496 3012 else,
514 2952 553 3004 ut
567 2956 610 3004 eo
627 2933 737 3003 minus
759 2931 925 3030 repulsam
941 2930 1124 3006 formIdare
1145 2935 1322 3006 deberent:
1343 2935 1479 3005 demum
1496 2931 1551 3004 ubi
1568 2934 1667 3004 eriam
1683 2931 1746 3002 lioc
1762 2929 1894 3005 evicisse

426 3021 622 3118 judicabant,
637 3028 778 3102 ulterius
796 3031 932 3126 quidem
948 3029 1125 3128 progressi,
1144 3057 1204 3103 nec
1220 3054 1330 3103 tamen
1347 3031 1468 3104 limites
1489 3031 1728 3101 moderationis
1744 3029 1895 3123 pruden-

429 3123 715 3208 tis-transiierunt,
734 3125 788 3201 sed
806 3126 905 3202 semel
929 3130 1103 3214 duntaxat,
1125 3130 1235 3228 quoad
1254 3133 1422 3208 viverent,
1447 3126 1556 3199 drsub
1581 3124 1723 3222 auspicia
1746 3128 1842 3219 regni
1857 3129 1892 3198 in

428 3215 546 3316 sagulis
563 3220 718 3295 Ecclesia
739 3227 858 3321 primis
882 3227 1036 3323 precibus
1052 3230 1100 3298 uti
1124 3227 1361 3307 intenderunt,
1384 3224 1440 3297 sed
1461 3249 1575 3298 utrum
1599 3223 1718 3297 Sei-ulo
1735 3227 1810 3295 Xll.
1832 3249 1893 3321 po·

428 3313 572 3394 Itanum
596 3323 662 3393 boc
685 3327 865 3406 tentarint,
887 3328 967 3396 item
991 3323 1013 3394 li
1033 3321 1224 3407 tentassent,
1256 3326 1482 3418 imperatoria·
1505 3322 1708 3419 ejuscemodi
1733 3346 1849 3418 preces
1872 3347 1892 3394 a

426 3411 543 3512 ligulis
564 3416 718 3490 Ecclesiis
740 3423 925 3493 executioni
946 3417 1106 3493 niandstae
1132 3418 1276 3502 fuerint,
1298 3421 1384 3492 baud
1402 3417 1477 3492 satis
1498 3421 1638 3500 conllat,
1661 3444 1736 3490 cuni
1759 3419 1890 3492 nullum

426 3507 567 3614 suppetat
590 3517 682 3588 illius
707 3519 767 3589 aeti
794 3520 1056 3600 documentum,
1079 3543 1135 3592 aut
1163 3518 1337 3615 scriptoris
1368 3515 1546 3612 synchroni
1575 3514 1822 3586 tessimonium:
1856 3536 1890 3587 at

424 3615 572 3712 quiequid
590 3613 627 3686 sit
642 3639 680 3685 ea
695 3614 737 3687 de
756 3641 810 3698 re,
832 3619 865 3686 in
886 3641 1058 3712 comperto
1074 3615 1137 3697 ell,
1161 3613 1294 3687 cesares
1318 3616 1436 3684 Seciilo
1454 3618 1545 3683 Xlll.
1571 3612 1690 3702 majori
1707 3635 1805 3703 agere
1821 3635 1890 3683 coea

423 3707 491 3810 pilse
510 3707 729 3795 austeritate,
748 3737 785 3785 at
801 3738 839 3784 ex
888 3713 1018 3784 teribus
1035 3715 1088 3808 jus
1110 3714 1277 3810 quoddam
1303 3708 1474 3780 subortum
1498 3706 1677 3789 asseruisse,
1700 3731 1736 3777 ut
1763 3728 1890 3779 memod

420 3738 1621 3981 terrester?seirenisu-eri{iiis-iridi,
1643 3810 1888 3973 liranis

419 4027 466 4078 aar
479 3957 701 4077 confirmandi
722 4003 924 4077 occasionem
939 4002 1077 4076 dedisse:
1098 3934 1256 4097 magnlum
1274 4006 1401 4100 quippe
1417 3931 1447 4074 di
1465 3959 1659 4073 diusurnum
1683 4000 1822 4094 Imperii
1838 4000 1889 4070 in·

402 4104 651 4196 ·tttregnumin
668 4103 749 4174 illud
769 4105 948 4186 inciderat,
973 4106 1140 4198 variisque
1160 4106 1254 4174 novis
1268 4102 1398 4196 juribus
1418 4094 1616 4196 &profanis
1642 4096 1674 4166 tt·
1698 4093 1885 4166 ecclcsialli·

419 4201 456 4270 cis
469 4203 648 4274 materiam
670 4197 903 4296 suppeditavit.
953 4204 1053 4273 Certe
1070 4203 1176 4290 Reges
1193 4201 1384 4273 Germaniae
1400 4197 1439 4266 alt
1462 4223 1525 4267 una
1546 4196 1689 4265 alterave
1711 4216 1804 4290 parre
1819 4194 1885 4266 ele·

420 4293 470 4380 iii,
488 4297 572 4372 ficut
591 4323 634 4370 eo
651 4299 686 4369 in
713 4297 906 4372 turbulento
924 4294 1006 4368 llatu
1025 4295 1079 4368 sibi
1100 4299 1305 4368 adherentes
1321 4295 1506 4390 privilegiis
1528 4286 1680 4363 cancellis
1702 4294 1806 4383 magis
1824 4290 1883 4362 sibi

419 4397 638 4490 conglutinare
653 4393 866 4492 quesierant,
888 4397 933 4465 ita
947 4394 1071 4486 absque
1086 4394 1206 4475 dubio,
1228 4418 1265 4464 ut
1286 4413 1472 4482 magnates,
1494 4387 1714 4470 consiliarios,
1732 4390 1884 4483 aliosque
1972 4487 1974 4492 Ι

417 4495 495 4566 titos
509 4493 570 4565 sibi
592 4515 706 4586 gratos
721 4496 754 4564 in
775 4491 943 4566 fidelitatis
960 4489 1119 4588 obsequio
1143 4495 1248 4582 magis
1272 4487 1461 4567 firmarent,
1483 4485 1567 4583 saepe
1589 4509 1650 4578 pro
1670 4489 1728 4566 iis,
1757 4507 1813 4556 aut
1829 4509 1884 4556 eo·

417 4613 479 4666 tunt
497 4587 775 4682 consanguineis,
796 4591 849 4663 rel
866 4586 1016 4685 personis
1036 4591 1137 4681 graiis
1162 4589 1202 4659 ad
1225 4584 1425 4680 Episcopus,
1447 4585 1620 4682 Capitula,
1643 4583 1793 4678 aliosque
1812 4582 1881 4654 eol-

416 4685 524 4766 lirores
547 4687 765 4772 ordinarios,
786 4711 870 4786 quoa
891 4689 1039 4786 partium
1060 4683 1193 4761 suarum
1213 4683 1301 4768 esse,
1321 4681 1404 4758 bene
1426 4703 1675 4779 cognoverant,
1697 4701 1814 4776 preces
1833 4676 1881 4747 di„

520 4783 655 4864 Yonrits
676 4783 725 4863 V.
1315 4783 1346 4852 R
1754 4769 1884 4859 rexisse,
