5017 5592
364 667 392 688 ··
490 681 560 758 μ,
709 645 1697 778 ‚nrssunrartomsrontco.canomcu

486 832 664 952 pleilitur‚
689 830 744 904 sed
761 853 795 903 et
817 830 953 903 vieillim
975 827 1111 922 inlignia
1130 833 1349 929 Imperatoria
1371 830 1463 926 jura,
1488 856 1573 930 quae
1594 854 1705 905 tamen
1729 827 1953 908 evolverelte·

421 951 430 960 ‘
483 962 539 1033 Jus
559 935 622 1004 loci
639 955 705 1002 non
719 927 783 1014 eil;
810 953 842 1001 at
868 956 910 1002 ue
930 953 969 999 er
989 953 1085 1025 parte
1108 930 1142 999 in
1163 935 1262 1000 citata
1277 926 1511 1001 Dillertatione
1534 935 1714 1002 Nelleriaua
1729 929 1961 1016 enucleannrt

485 1029 662 1107 univerfim
677 1049 787 1099 autem
805 955 892 1122 judo
906 1023 1080 1123 systemate
1094 1031 1247 1120 genuinis
1272 1027 1446 1123 principiis
1464 1024 1603 1099 suffulto
1618 1027 1755 1100 uberius
1774 1031 1899 1126 exponi
1912 1052 1955 1101 eu·

482 1155 579 1230 optat
596 1135 711 1200 Auilrr
726 1127 893 1213 Ollrtvat.
913 1126 1073 1215 llistatlta·
1083 1131 1280 1216 juridicorum
1296 1133 1327 1195 iu
1346 1135 1532 1198 concordata
1557 1125 1628 1210 Obs.
1649 1154 1679 1196 t.
1739 1127 1862 1218 Videt-i
1883 1150 1957 1224 qud·

478 1242 550 1327 'que
566 1219 673 1325 potest
689 1227 867 1320 praecipue
888 1223 974 1293 circa
994 1224 1250 1317 applicationem
1275 1223 1315 1292 ad
1337 1221 1555 1294 Protcllantes
1573 1229 1742 1295 Mosen
1763 1229 1797 1293 iar
1825 1230 1953 1299 Trauu.

482 1346 562 1404 uon
584 1330 654 1401 nan
673 1317 933 1514 pausetliclten
959 1317 1346 1426 Regietuttqareqten
1365 1326 1443 1404 uno
1465 1319 1655 1421 ptiidyten
1685 1341 1791 1419 ¹772·
1813 1327 1905 1396 Pan.
1928 1347 1951 1397 r.

480 1445 553 1522 ep.
580 1449 662 1499 240.
701 1447 768 1512 eqq·

596 1575 653 1645 Ad
668 1571 741 1664 ‘cup
758 1574 777 1639 1
781 1574 819 1644 V.
838 1570 866 1660 §.
889 1574 946 1644 Vl.
960 1567 1044 1662 seqq.
1092 1566 1283 1642 Universum
1303 1569 1346 1641 de
1369 1569 1548 1642 Advocatis
1563 1565 1795 1640 Eccleliallicia
1815 1564 1954 1665 juribus·

478 1679 549 1769 que
564 1670 629 1740 illis
647 1665 817 1764 quondam
841 1689 874 1737 et
890 1664 991 1737 hodie
1012 1664 1120 1738 adhuc
1140 1668 1408 1763 competentibus
1431 1671 1569 1738 omnino
1592 1691 1708 1738 verum
1730 1662 1794 1738 elle
1814 1667 1952 1746 videtur,

480 1766 574 1867 quod
596 1770 641 1837 air
655 1772 721 1836 Vir
742 1761 855 1835 Celeb.
871 1767 909 1834 L.
927 1767 964 1833 B.
981 1763 1023 1834 de
1043 1763 1279 1857 Senekenberg
1297 1763 1415 1836 Selell.
1428 1770 1503 1862 Jur.
1526 1788 1560 1837 et
1583 1763 1715 1836 Histor.
1736 1768 1844 1837 Tom.
1870 1791 1903 1858 3.
1921 1787 1951 1860 p.

487 1879 569 1958 518·
584 1869 617 1935 in
634 1881 704 1935 not.
720 1861 802 1930 adeo
820 1865 948 1931 variare
964 1860 1024 1932 hae
1042 1863 1075 1931 in
1092 1865 1231 1934 materia
1249 1864 1433 1958 diplomate
1447 1863 1577 1955 aliaque
1595 1885 1810 1934 monumenta
1834 1883 1969 1943 vetere,-

481 1987 521 2035 ut
539 1962 582 2034 de
598 1965 639 2032 iis
662 1981 817 2053 tanquam
836 1981 899 2052 pro
921 1958 1036 2047 regula
1053 1961 1104 2029 vir
1129 1961 1309 2054 quiequam
1330 1957 1376 2032 sat
1390 1961 1472 2032 certi
1499 1957 1630 2032 definiri
1653 1981 1775 2054 queat,
1799 1979 1833 2029 at
1860 1961 1953 2034 neira

483 2063 520 2132 in
535 2057 608 2130 calu
631 2055 761 2152 speciali
782 2051 994 2126 controverso
1012 2055 1113 2127 hodie
1133 2058 1173 2126 ad
1197 2057 1331 2128 titulum
1354 2060 1588 2152 originemque
1612 2054 1778 2149 ejusmodi
1806 1983 1950 2132 advoca

483 2159 568 2239 tiae,
593 2158 642 2226 uti
657 2153 698 2223 ad
713 2150 969 2225 reservationem
984 2153 1018 2223 in
1043 2150 1236 2227 fundatione
1256 2150 1394 2237 faidam,
1424 2157 1464 2225 ad
1484 2151 1664 2224 formulam
1689 2150 1778 2249 paeii
1799 2176 1859 2225 eut
1883 2167 1950 2224 cour·

411 2322 417 2340 ,
480 2255 665 2331 ventionis,
691 2249 731 2321 ad
747 2248 922 2346 specialem
937 2245 1174 2323 concellionem
1189 2254 1408 2348 imperatoria
1422 2275 1482 2324 etc.
1502 2250 1742 2323 recurrendum
1759 2247 1842 2334 elic,
1860 2271 1950 2346 etque

479 2352 561 2425 inde
578 2343 778 2446 poriffimum
795 2345 1049 2420 controversiam
1066 2349 1231 2444 ejusmodi
1246 2346 1310 2421 esse
1332 2349 1586 2446 dijudicandam.
1637 2351 1670 2419 si
1691 2346 1733 2419 de
1746 2343 1948 2440 juriediilio·

352 2533 356 2542 Ι
480 2465 526 2520 ne
543 2470 666 2520 annexa
679 2443 871 2517 advocatus
885 2443 953 2516 tllta
968 2471 1002 2516 rn
1018 2442 1126 2540 speeie
1149 2450 1343 2543 quaeritur,
1369 2471 1439 2518 tum
1456 2448 1591 2542 quidem
1608 2471 1681 2517 ante
1695 2447 1827 2526 omnia,
1853 2452 1896 2520 ne
1914 2444 1951 2516 lie

481 2545 526 2617 de
547 2546 682 2619 nomine
704 2544 809 2616 inanis
829 2542 963 2626 evadat,
995 2540 1266 2628 discernendum,
1293 2570 1334 2616 an
1358 2543 1505 2641 quaestio
1526 2543 1563 2615 fit
1586 2543 1628 2615 de
1643 2541 1880 2638 jurisdiilioue
1898 2547 1952 2616 Et-

480 2641 596 2717 eleiiae
611 2637 741 2712 cuidam
755 2640 796 2713 de
811 2636 844 2712 se
861 2643 1016 2736 propria,
1040 2639 1095 2713 sed
1119 2641 1190 2737 ejus
1211 2643 1346 2713 nornine
1367 2639 1493 2712 nonnilt
1513 2641 1553 2710 ab
1576 2641 1754 2712 Advocato
1772 2639 1949 2712 exercende

479 2763 522 2813 eo
538 2743 697 2812 nimitum
717 2763 815 2820 aevo,
853 2736 987 2832 quando
1005 2761 1044 2813 ex
1063 2741 1177 2831 rigore
1201 2742 1374 2811 Cenonum
1396 2737 1606 2811 Ecclefiassici
1629 2735 1754 2809 nonnilr
1770 2737 1949 2833 pareiffirne

479 2839 623 2931 negotiiu
643 2835 806 2929 ejusmodi
830 2831 1049 2906 saecularibus
1076 2837 1234 2909 tumultui
1257 2837 1451 2935 praesertim
1471 2832 1592 2908 forensr
1615 2832 1680 2906 sese
1706 2834 1947 2921 immiscebant3

479 2957 582 3031 etque
599 2937 681 3004 hanc
697 2933 852 3028 equidem
870 2932 1070 3028 plerumque
1093 2934 1284 3006 advocatis
1301 2958 1456 3006 annexam
1474 2930 1566 3003 fuisse
1584 2933 1729 3026 plurima
1754 2933 1948 3005 documenta

480 3031 672 3104 oflendunt.
722 3031 810 3111 conf.
838 3027 1018 3122 linitisdta
1049 3027 1535 3130 &taatasziettamtunqan
1558 3056 1594 3126 4.
1621 3028 1739 3117 eoru.
1760 3059 1793 3129 3.
1816 3027 1949 3112 Stid.

478 3129 577 3211 Ὁοη
597 3132 661 3204 Oet
681 3122 991 3217 ssltlldsserllsseli
1020 3132 1209 3225 adduocatie.
1258 3129 1483 3206 Memorabile
1509 3128 1573 3212 cst,
1593 3129 1683 3224 quod
1705 3130 1749 3198 ait
1777 3133 1948 3224 liudolphus

478 3236 584 3298 ames
599 3228 635 3294 de
652 3227 827 3316 Hulaauletg
841 3246 926 3294 enno
947 3236 1050 3317 ¹338·
1067 3224 1089 3297 1.
1110 3226 1217 3320 einp.
1239 3242 1318 3316 158.
1339 3233 1417 3318 quad
1430 3231 1512 3298 uelit
1532 3229 1606 3295 lana
1626 3226 1818 3314 adunallerii
1842 3251 1874 3296 tu
1896 3233 1950 3298 lle·

478 3324 624 3410 leuiuseu
638 3347 695 3398 uun
710 3342 746 3392 ut
765 3329 950 3393 Advocarus
966 3327 1097 3414 ejusdem
1119 3324 1329 3415 Manaslerii,
1349 3325 1402 3408 (ed
1421 3349 1565 3416 tauquam
1580 3325 1666 3414 ipfius
1691 3336 1845 3415 promatur
1865 3346 1951 3417 atque

479 3423 615 3514 defensat
634 3424 712 3490 tueri
729 3440 760 3489 et
779 3422 964 3512 gubernate,
988 3422 1130 3509 nihilssbi
1150 3425 1206 3490 vel
1221 3419 1282 3507 suis
1308 3426 1482 3493 haeredibus
1497 3445 1551 3513 per
1571 3424 1624 3491 ltuc
1641 3424 1863 3510 juairdrduauis
1885 3425 1951 3493 Ad·

477 3543 622 3593 vacunae
645 3521 832 3603 Monallerit'
860 3516 1048 3610 surpta-dim
1067 3517 1210 3611 usurpans
1238 3541 1330 3613 atque
1357 3523 1515 3590 attrahens
1546 3544 1659 3610 quaqua
1691 3521 1807 3588 madar
1840 3519 1948 3612 cujus·

478 3618 574 3689 modi
604 3614 711 3689 adhue
738 3615 800 3684 alia
822 3611 946 3687 ibidem
970 3615 1074 3688 videri
1097 3611 1237 3710 poliunt.
1303 3620 1353 3687 Eo
1375 3642 1480 3710 porro
1504 3612 1619 3694 sensu,
1649 3616 1739 3710 quod
1769 3614 1950 3690 advocatie

480 3714 549 3791 illia
570 3708 759 3808 jurisdiilio
775 3711 886 3804 aliqua
907 3716 1043 3809 propria
1063 3736 1297 3808 praeterquam
1319 3737 1379 3794 ea,
1405 3740 1503 3808 quam
1522 3716 1656 3783 nomine
1678 3712 1841 3786 Ecclessae
1864 3739 1951 3786 exer·

352 3891 357 3915 .
478 3813 597 3889 cebant
613 3811 646 3878 in
664 3809 733 3897 eius
756 3808 849 3876 bonit
873 3834 938 3878 non
962 3812 1198 3906 competierit,
1224 3835 1342 3882 verum
1360 3809 1422 3894 eil,
1446 3812 1534 3908 quod
1555 3807 1668 3905 pallim
1694 3805 1889 3885 defenditur
1910 3836 1947 3884 ex

478 3905 716 3982 noriffinaoillo
740 3907 922 3974 arionate:
950 3902 1079 4004 &luta
1100 3907 1169 3986 uno
1196 3903 1348 3992 &duent
1375 3911 1447 4004 {tiit
1469 3907 1557 3987 ltine
1581 3905 1776 3999 obtiniut.
1830 3907 1949 3982 eonse-

477 4011 595 4099 quirur
610 4003 726 4077 exinde
747 4026 856 4097 prono
878 4000 990 4082 alveo,
1013 4002 1053 4078 eb
1080 4005 1263 4078 Advocatio
1291 4005 1494 4089 illiusmodi,
1523 4002 1581 4078 nist
1601 4003 1638 4075 stt
1660 4003 1885 4100 Majessatica,
1908 4005 1947 4079 ad

476 4101 514 4173 su
541 4104 744 4174 erioritatem
767 4102 1001 4176 territorialem
1023 4100 1127 4195 ipsam
1150 4123 1383 4190 argumentum
1401 4104 1472 4175 fieri
1491 4129 1555 4175 non
1572 4098 1678 4196 polle,
1697 4128 1771 4174 cum
1785 4129 1829 4176 ne
1853 4107 1948 4193 jutia·

478 4128 582 4274 diiiio
600 4198 733 4291 quidem
751 4195 791 4268 ab
817 4197 994 4268 Advocatio
1018 4201 1159 4268 exercita
1179 4198 1256 4296 iplre
1280 4205 1418 4298 propria
1439 4199 1560 4288 fuerit,
1583 4197 1638 4269 sed
1660 4198 1820 4273 Ecclefiae
1835 4207 1945 4298 potine

428 4342 430 4347 -
478 4297 690 4389 competierit
716 4296 786 4389 ejus
809 4298 943 4365 nomine
962 4295 1001 4364 ab
1025 4297 1196 4367 Advocato
1224 4301 1421 4380 exercenda,
1442 4323 1540 4393 atque
1562 4298 1640 4368 inde
1661 4299 1857 4372 Advocatiis
1879 4298 1946 4375 issiu

359 4437 364 4446 -
476 4394 569 4470 veria
583 4393 710 4472 ratione
726 4393 857 4463 abolitis
875 4391 914 4463 ad
939 4391 1113 4467 Ecclefium
1131 4419 1265 4491 quoque
1288 4396 1426 4493 ejusque
1442 4398 1607 4470 Praelntos
1623 4396 1774 4472 redierit.

589 4543 646 4614 At
666 4548 739 4633 Cap.
758 4551 796 4617 V.
819 4554 854 4625 ti.
873 4550 949 4622 XV.
962 4550 1047 4639 seqq.
1103 4551 1239 4617 Nexum
1262 4549 1355 4641 Juris
1379 4569 1572 4640 patronatus
1594 4570 1669 4617 cum
1692 4546 1768 4642 jure
1792 4547 1944 4622 Advoca-

473 4643 539 4724 tiae
558 4640 693 4746 egregie
713 4637 853 4718 illustret
879 4651 989 4741 Grarg.
1006 4635 1130 4724 Luaan‘.
1153 4647 1384 4722 Boannrr
1403 4650 1435 4719 iu
1460 4646 1562 4743 obser.
1580 4650 1659 4746 Jur.
1678 4641 1759 4724 aaa.
1783 4649 1855 4743 Obs.
1883 4653 1946 4724 Vt.

1879 4749 1944 4844 Jua
