5017 5592
496 658 571 750 408
777 638 1122 721 ntssERTnTm
1138 629 1693 742 Hrsromco-Jtmmcn
1731 649 1734 728 j
1764 711 1767 720 .

501 823 685 901 certsmine
700 829 847 919 greviter
859 829 1052 899 vulneravit.
1106 828 1140 895 Si
1154 827 1244 896 enim
1291 819 1436 896 ercussor
1452 824 1485 892 in
1505 823 1616 894 lorum
1635 827 1823 896 lmmunem
1840 819 1874 896 se
1895 845 1981 896 rere·

504 927 612 1021 perit,
631 950 669 994 ex
690 950 778 1020 quo,
801 931 973 996 eveniente
989 924 1079 994 illius
1100 945 1228 1003 morte,
1253 848 1368 1014 ἐμω
1383 928 1553 1017 arripere,
1581 920 1614 992 dr
1636 923 1749 1014 legum
1771 915 1985 995 sere'riuttem-

504 1021 648 1096 evadere
670 1018 760 1119 posse
779 1021 1021 1120 prospicietur,
1052 1023 1123 1092 vult
1145 1018 1310 1100 Pontifex,
1339 1043 1377 1090 ut
1399 1020 1533 1113 quaudo
1554 1022 1654 1114 periti
1678 1020 1718 1108 cd
1740 1019 1982 1115 inspiciendum

355 1185 363 1194 .
505 1119 625 1193 vulnus
642 1127 754 1200 scciri,
781 1144 881 1228 grave
903 1124 976 1192 vite
995 1121 1181 1216 periculum
1197 1116 1301 1188 adesse
1324 1119 1516 1194 retulerint,
1554 1114 1721 1210 percussor
1735 1118 1825 1213 ipse,
1859 1121 1981 1214 praevio

506 1213 638 1311 semper
661 1222 805 1288 Decreto
827 1217 1000 1315 Episcopi,
1033 1218 1065 1288 dr
1088 1242 1163 1288 rum
1185 1211 1354 1287 ssstllenris
1379 1214 1526 1310 persone
1552 1212 1777 1286 Ecclesrollicae
1800 1216 1979 1288 abeodem

506 1311 870 1411 Episco'podeputrtae,
894 1316 935 1387 eb
950 1315 1140 1408 hujusmodi
1161 1315 1234 1383 locu
1261 1315 1403 1383 lmntuni
1427 1309 1609 1395 extruslus,
1635 1309 1700 1382 litte
1721 1337 1816 1382 more
1840 1317 1978 1400 carceri·

506 1408 568 1481 bus
579 1416 816 1508 mancipetur,
839 1437 876 1483 ec
898 1438 1008 1484 tomen
1030 1413 1103 1504 lege
1119 1411 1292 1511 Judicibus
1310 1408 1450 1489 ind-ele,
1482 1409 1523 1481 de
1544 1435 1608 1504 qua
1630 1411 1732 1480 modo
1754 1409 1884 1480 dissum
1907 1406 1977 1485 suit.

507 1511 594 1581 Cum
612 1533 723 1579 cutem
739 1511 826 1580 idem
845 1516 1022 1582 Beuum
1035 1527 1152 1582 crus
1174 1533 1306 1579 moneat
1322 1507 1524 1602 Episcopus.
1550 1531 1592 1577 ne
1615 1506 1855 1579 exrra'clionem
1880 1509 1978 1579 delia·

509 1611 702 1698 quentium,
728 1609 779 1678 vel
802 1609 841 1677 ad
858 1605 1089 1704 Episcopales,
1112 1607 1165 1680 vel
1188 1609 1228 1677 cd
1246 1610 1356 1677 Curiae
1374 1603 1535 1676 secularis
1560 1629 1725 1687 carceres,
1766 1605 1824 1676 ubt
1848 1609 1977 1678 nomine

367 1705 372 1716 '
505 1705 657 1796 'ejusdem
679 1701 1065 1786 Ecclesrmerineentur,
1089 1705 1215 1775 diutius
1239 1728 1417 1800 quempur
1437 1700 1500 1781 esl,
1535 1703 1749 1798 protrahant,
1784 1704 1824 1774 ad
1851 1727 1978 1798 promo-

507 1803 653 1872 vendum
674 1803 737 1873 ltoc
753 1808 924 1893 negotium
939 1804 1089 1874 concedit
1106 1798 1295 1900 Episcopis,
1329 1823 1365 1869 ut
1387 1825 1450 1895 pro
1471 1800 1553 1868 locis
1577 1823 1594 1867 a
1617 1803 1729 1870 Curtae
1754 1799 1974 1872 Eccleliallice

508 1895 683 1970 residentia
698 1902 855 1982 remoris,
879 1901 1040 1994 deputent
1060 1904 1159 1970 Virus
1178 1895 1434 1977 Ecclesseslieos,
1461 1899 1519 1991 qui
1540 1897 1659 1966 indicia
1684 1897 1724 1966 sd
1747 1895 1979 1970 extraslionem

509 1993 685 2066 necessaris
704 1995 849 2091 juridice
870 1997 1044 2092 colligant,
1077 2021 1114 2069 ut
1139 1999 1191 2069 liis
1214 1993 1390 2090 inspesits,
1427 1995 1528 2064 iidem
1555 1993 1743 2076 Anrtslites,
1775 2017 1881 2091 prout
1900 1997 1978 2092 juris

510 2097 594 2173 erit,
620 2093 660 2162 ed
678 2093 943 2190 delinquentium
960 2094 1150 2184 huiusmodi
1166 2093 1403 2165 extroslionem
1427 2115 1633 2187 quantocyus
1649 2094 1892 2163 decernendum
1912 2117 1983 2188 pm·

510 2189 791 2265 cedere'valesnt.
843 2197 1029 2272 Circaeos,
1057 2197 1114 2288 qui
1139 2198 1170 2261 in
1195 2195 1331 2262 ulterius
1352 2190 1488 2259 ditionis
1515 2187 1671 2269 Dceceli,
1703 2213 1804 2284 quern
1825 2191 1884 2261 ulti
1908 2190 1984 2262 deli·

513 2284 605 2358 slutn
624 2286 831 2360 commissum
847 2287 929 2371 suit,
953 2287 1093 2386 Asylum
1109 2313 1280 2386 querunt,
1306 2289 1338 2358 dr
1356 2314 1373 2356 a
1392 2291 1493 2358 Curis
1510 2283 1653 2356 saeculuri
1666 2287 1729 2356 lori
1746 2287 1859 2358 desilii
1877 2289 1982 2384 requi·

512 2408 652 2465 runtur,
678 2384 844 2483 supposta
858 2388 1095 2459 consuetudine
1116 2412 1239 2458 mutuae
1261 2386 1489 2457 extraditiottis
1514 2408 1669 2462 reorum,
1693 2383 1822 2467 llnruit,
1849 2408 1888 2457 ut
1910 2387 1983 2484 Epi·

512 2478 633 2577 scopus
654 2482 744 2555 illtus
760 2484 843 2565 loci,
869 2489 902 2554 in
919 2508 986 2578 quo
1002 2484 1161 2568 delislum
1175 2479 1382 2556 commissum
1400 2476 1483 2560 fuir,
1503 2482 1623 2552 indicis
1639 2482 1678 2552 ad
1694 2505 1868 2579 capturum
1879 2485 1984 2580 requi·

512 2577 572 2651 sita
586 2581 745 2678 excipiet,
771 2605 876 2677 euque
891 2582 931 2653 ud
949 2582 1150 2681 Episcopum
1168 2581 1305 2652 alterius
1321 2579 1402 2658 loci,
1429 2581 1462 2646 in
1479 2602 1546 2672 quo
1562 2580 1759 2676 delinquens
1776 2579 1917 2676 Asylum
1933 2603 1983 2654 ce·

512 2678 583 2775 pit,
608 2675 673 2749 stne
689 2703 784 2751 mora
797 2685 1016 2764 transmittor,
1042 2705 1078 2752 ut
1096 2680 1192 2763 ltuius
1208 2678 1330 2750 scilicet
1350 2674 1511 2746 Antistius
1535 2680 1730 2760 sutoritute,
1763 2679 1907 2774 aliisque
1926 2678 1985 2752 sen·

513 2776 597 2846 tratis
615 2772 802 2860 servandis,
828 2773 1010 2871 sconsugii
1027 2780 1102 2854 loeo
1118 2765 1266 2863 eitrrahi,
1291 2801 1328 2852 ac
1347 2773 1370 2847 st
1389 2776 1435 2848 its
1453 2798 1508 2848 res
1525 2769 1628 2860 feret,
1653 2798 1795 2850 externe
1810 2775 1984 2878 pullulanti

513 2870 626 2946 Curiae
644 2873 961 2974 velestconsgnari.
1092 2891 1095 2898 '
2021 2899 2023 2910 ·

1104 3052 1134 3135 l·
1185 3040 1407 3116 cxcvrt.
1704 3029 1711 3042 '
1825 2993 1828 2998 '
2020 3103 2023 3156 1

352 3191 442 3269 pum
636 3175 702 3245 He
717 3173 956 3256 Ordinationes
971 3199 1064 3270 eque
1082 3174 1247 3270 sapienter
1262 3203 1299 3248 ac
1313 3176 1401 3249 clere
1419 3199 1571 3248 normam
1588 3175 1647 3246 toti
1664 3172 1742 3245 huic
1756 3175 1896 3266 negotio
1911 3197 1987 3271 pre·
2019 3169 2023 3264 l

352 3275 412 3339 uod
428 3296 492 3343 nnn
517 3264 675 3343 scribunt.
728 3275 962 3345 Nihilominus
978 3271 1035 3344 etsi
1053 3272 1312 3347 constitutiones
1328 3275 1393 3345 islae
1410 3271 1586 3344 secundum
1605 3297 1712 3343 tntum
1728 3269 1823 3343 suum
1840 3293 1987 3345 tenorent
2020 3273 2023 3322 ⁵

352 3375 478 3464 eruetur
517 3362 618 3440 essent
635 3393 798 3465 receprae3
819 3375 959 3442 maxims
976 3369 1106 3467 semper
1121 3367 1297 3443 difficultas
1313 3381 1345 3442 in
1363 3371 1481 3441 noslris
1493 3374 1672 3442 Provinciis
1688 3373 1820 3440 orietur
1834 3375 1922 3443 circo
1936 3395 1987 3442 cu·
2020 3357 2023 3406 ³

352 3446 495 3528 ”Pmfls
515 3463 653 3536 stodiam
672 3493 809 3539 reorum
823 3471 863 3540 sd
879 3467 1054 3540 Ecclesiam
1073 3465 1356 3558 confugientium,
1382 3469 1486 3540 donec
1506 3468 1545 3538 ab
1564 3466 1729 3564 Episcopo
1744 3468 1937 3550 decidatur,
1951 3491 1988 3539 an

516 3564 680 3656 gaudeant
698 3565 812 3660 Asylo.
862 3573 953 3637 Nam
970 3563 1146 3636 vastiffimae
1163 3563 1282 3638 suntin
1303 3569 1484 3640 Germuots
1501 3564 1681 3636 Dicet-eles:
1706 3590 1820 3635 carcer
1840 3561 1988 3638 Ecclese·

517 3660 634 3743 slicus,
660 3666 693 3731 in
709 3689 775 3758 quo
790 3665 953 3756 ejusmodi
974 3668 1059 3734 Reos
1077 3667 1213 3734 interim
1236 3664 1392 3735 culludiri
1416 3664 1529 3759 jubent
1546 3659 1739 3745 Pontifices,
1766 3666 1798 3731 io
1822 3665 1988 3760 plerisque

517 3761 599 3830 locis
622 3782 713 3830 extra
730 3766 864 3830 Curiam
882 3760 1111 3858 Episcopslem
1127 3783 1193 3831 non
1215 3762 1329 3832 durur:
1361 3762 1400 3830 ad
1421 3786 1568 3832 carceres
1593 3758 1754 3829 [ocularis
1777 3757 1987 3852 Magistratus
2021 3783 2023 3788 ·

516 3881 575 3928 eos
591 3860 726 3928 interim
747 3861 833 3927 trahi
853 3858 924 3927 vult
946 3864 1031 3930 Brun
1046 3877 1249 3932 ememus
1272 3865 1364 3930 XlV.
1387 3864 1520 3930 numine
1541 3855 1688 3927 Ecclesia:
1714 3855 1759 3928 'tbi
1785 3858 1989 3938 detinendos,

518 3955 595 4025 duta
611 3957 763 4026 cautione
778 3956 819 4024 de
834 3954 953 4026 iisdem
969 3954 1196 4034 restituendis,
1221 3954 1242 4026 fi
1259 3959 1403 4048 gaudere
1421 3955 1524 4051 Asylo
1543 3957 1740 4043 iudicentur.
1768 3959 1901 4026 Verum
1919 3957 1988 4052 quis

491 4071 495 4078 '
520 4050 603 4122 adeo
618 4050 761 4123 confides
778 4053 854 4122 huic
869 4055 1011 4122 cautioni
1027 4060 1126 4124 etiam
1141 4052 1275 4144 jurate,
1302 4079 1338 4124 ur
1362 4050 1393 4123 se
1414 4057 1524 4149 Judici
1545 4052 1688 4123 seculari
1713 4053 1800 4122 trudi
1824 4054 1989 4149 periatur?

433 4141 439 4150 ”
520 4150 648 4219 Summi
665 4153 835 4240 Principes
856 4174 950 4242 aeque
973 4157 1092 4221 remoti
1112 4147 1205 4231 sunt,
1238 4176 1274 4221 ec
1297 4149 1469 4245 Episcopi:
1499 4146 1640 4220 inferior
1665 4148 1903 4240 Mogislrarus,
1937 4170 1989 4220 sut

393 4331 397 4336 Ι
519 4245 675 4316 militetis
691 4246 833 4317 Praefidii
854 4253 947 4337 Dux,
970 4272 1167 4342 quocunque
1190 4254 1343 4318 cautione
1369 4247 1529 4344 praesttts,
1556 4246 1773 4342 prejudicare
1799 4273 1868 4318 non
1890 4243 1993 4319 cense-

521 4342 729 4438 turJuribus
746 4342 792 4412 sui
808 4348 987 4441 Principis:
1013 4347 1066 4416 hic
1081 4349 1202 4436 igitur,
1225 4370 1262 4416 ut
1279 4349 1480 4439 experientia
1497 4346 1611 4421 ducet,
1637 4348 1823 4414 cautionem
1850 4342 1892 4414 ab
1916 4341 1992 4414 inse·

519 4446 613 4518 rinre
634 4438 752 4538 Judice
771 4442 822 4509 vel
845 4441 1043 4531 Mugtslrstu
1065 4444 1174 4513 darum
1197 4441 1384 4540 improbat,
1423 4438 1522 4536 seque
1542 4469 1579 4510 ea
1601 4443 1705 4510 teneri
1731 4466 1796 4510 non
1816 4439 1991 4513 exislttttat:

521 4535 1038 4638 detinebiturfrequenternlleus
1058 4543 1090 4610 in
1113 4536 1257 4610 seculari
1278 4563 1428 4620 carcere,
1463 4538 1626 4634 quidquid
1651 4537 1834 4633 Episcopus
1858 4539 1901 4608 de
1925 4538 1993 4631 ejus
2019 4565 2022 4570 ·

460 4693 465 4698 -
521 4638 737 4713 mnunttue
751 4639 960 4733 pronuntiet.
1005 4636 1080 4710 Nili
1095 4636 1216 4735 mojori
1232 4636 1299 4712 fide
1323 4638 1574 4721 diluuntur,
1601 4659 1703 4732 quam
1724 4637 1831 4710 adhuc
1856 4640 1890 4707 io
1914 4637 1997 4709 Ger·

1876 4755 1994 4808 mill}
