5017 5592
628 642 700 734 ⁶72
1071 565 1651 709 nissentnrto

613 816 759 913 'pariter
772 835 880 910 neque
895 811 986 882 Laici
1001 811 1202 908 prohibendi
1221 808 1314 894 sunt,
1336 835 1378 882 nc
1392 836 1446 884 res
1462 808 1552 892 suas,
1569 832 1713 907 quarum
1730 807 1926 882 dominium
1939 807 2101 887 halaentlt

518 925 523 938 ¹
632 938 700 982 non
714 910 818 984 solum
845 907 1183 995 administrationem,
1205 915 1240 982 in
1255 913 1404 983 Clericos
1420 910 1583 993 alienent,
1608 905 1700 982 secus
1722 903 1903 982 manifeste
1925 910 2104 984 libertarent

633 1007 889 1082 Ecclefiallicam
904 1008 1035 1083 uiolari.

754 1149 835 1237 Arg.
852 1165 953 1226 stam.
993 1144 1027 1214 Si
1050 1142 1160 1239 aliqua
1182 1142 1269 1213 ratio
1290 1138 1354 1224 cll,
1373 1167 1446 1239 quae
1471 1141 1642 1235 Principes
1664 1138 1705 1212 ad
1727 1138 1932 1211 inhibendas
1954 1140 2107 1238 ejusmodi

520 1319 526 1328 ‚
633 1239 801 1313 bonorum
819 1240 983 1312 stabilium
999 1245 1032 1310 in
1050 1244 1106 1338 pia
1129 1265 1273 1338 corpora
1295 1243 1525 1312 translationes
1542 1242 1684 1322 animet,
1708 1260 1780 1309 turn
1803 1237 1853 1308 esl
1868 1236 1949 1321 ista,
1973 1244 2062 1338 quod
2075 1246 2128 1316 ti·'

486 1355 488 1360 '
567 1341 585 1386 '·
634 1338 795 1410 mendum
813 1338 922 1421 stt,ne
937 1337 1056 1411 subditi
1073 1338 1168 1411 bonis
1185 1336 1353 1410 {labilibus
1372 1334 1542 1411 successise
1558 1340 1699 1410 nimium
1715 1339 1838 1432 privati
1856 1336 2108 1413 taedemfctea·

634 1438 686 1507 dis
703 1435 861 1508 oneribus
877 1436 1024 1532 publicis.
1035 1439 1180 1534 impares
1197 1434 1295 1516 fiant,
1313 1438 1384 1506 hec
1404 1459 1515 1507 autent
1538 1439 1598 1528 (ut
1614 1459 1711 1533 putat
1723 1435 1808 1526 sepe
1832 1433 1952 1505 ditius
1966 1439 2105 1534 Authnr)

630 1557 858 1631 proventuum
874 1539 1053 1606 diminutio
1068 1536 1222 1632 plurimis
1239 1532 1425 1606 commodis
1442 1560 1507 1604 non
1527 1537 1733 1627 spiritualibus
1747 1553 1898 1615 tantum,
1922 1531 1984 1606 sed
2000 1535 2106 1610 &tta-

630 1637 801 1730 paralrlas,
827 1659 901 1730 quc
921 1635 1011 1705 Laici
1026 1631 1066 1702 ab
1093 1630 1320 1704 Ecclcfiasticis
1341 1636 1552 1730 percipiunt,
1574 1631 1705 1703 abunde
1725 1628 1987 1725 compensatur.

752 1768 854 1863 Qtnd
873 1769 962 1838 enim
977 1767 1147 1861 spiritualia
1163 1769 1297 1838 attinet:
1325 1766 1496 1861 Principes
1509 1759 1699 1851 cfficiuntur
1719 1760 1925 1847 Christiani,
1955 1767 2107 1864 accipiant

637 1860 825 1935 dollrinam
843 1863 975 1947 salutis,
999 1860 1222 1940 remiffionem
1237 1888 1471 1960 peccatorum,
1499 1865 1617 1932 anime
1632 1857 1855 1942 tarditatem,
1871 1887 2004 1959 panem
2022 1865 2109 1938 cale·

619 1957 736 2052 sem,
752 1961 785 2033 tlt
802 1965 902 2034 ritem
919 1986 1092 2034 aternam:
1113 1957 1547 2034 Sacerdotumnratiotiibus
1564 1958 1596 2031 dt
1611 1956 1777 2029 sacrificiis
1791 1955 1942 2034 fulcitur
1957 1965 2108 2057 Regum,

635 2082 833 2131 avertuntur
846 2061 1071 2154 calamitates,
1090 2061 1288 2132 conciliatur
1301 2085 1382 2156 par,
1401 2058 1623 2154 tranquillitas
1642 2081 1677 2130 et
1692 2051 1771 2128 felix
1784 2079 1905 2130 terum
1925 2057 2033 2134 slatus
2044 2083 2110 2158 pta·

632 2180 800 2229 moretur.
834 2164 886 2229 lta
901 2164 932 2230 ita
950 2165 1089 2230 terminis
1102 2181 1366 2253 argumentantem
1385 2162 1421 2229 Ρ.
1436 2159 1561 2250 Leffirtm
1576 2161 1718 2227 inritatur
1730 2160 1844 2227 citatas
1860 2161 2012 2235 Aaron.
2041 2163 2110 2231 Nm

636 2250 776 2326 obscura
803 2280 938 2352 quoque
964 2260 1052 2327 Patri
1075 2257 1144 2328 solt
1173 2257 1329 2328 videntur
1351 2251 1414 2327 else
1436 2256 1661 2324 emolumenta
1686 2259 1719 2323 in
1742 2257 1992 2342 temporalibus:
2021 2255 2108 2328 malta

636 2353 767 2446 quippe
793 2353 919 2444 ubique
943 2354 1094 2425 locorum
1117 2353 1158 2425 ab
1181 2352 1410 2426 Ecclestallicis
1435 2349 1690 2450 suppeditantur
1718 2350 1873 2447 qnotidie
1899 2354 2108 2436 Parentibas,

636 2454 802 2540 cognatis,
828 2448 999 2534 affinibus,
1025 2451 1212 2535 sororibus,
1239 2448 1418 2532 fratribus,
1444 2458 1539 2546 qucis
1556 2446 1738 2544 respetlise
1755 2447 1805 2520 rel
1829 2449 1915 2520 dote
1935 2451 1991 2524 vel
2007 2452 2111 2527 mediis

638 2546 681 2617 ad
697 2544 800 2618 studia
816 2549 848 2620 tr
864 2572 951 2621 artes
966 2548 1175 2621 addiscendas
1193 2549 1385 2646 provident:
1414 2571 1463 2618 tot
1478 2546 1606 2619 nobiles
1624 2569 1660 2616 ac
1673 2542 1820 2616 lllusltes
1844 2543 1994 2621 familiae
2017 2573 2108 2623 tantas

384 2673 394 2686 ·
481 2735 490 2748 ι
638 2642 790 2728 divitias,
808 2671 844 2718 ac
860 2642 1028 2745 splendide
1050 2651 1251 2744 patrimonia
1269 2673 1335 2718 tton
1356 2646 1507 2728 aliunde,
1533 2643 1592 2715 nili
1614 2642 1654 2714 ab
1670 2639 1906 2715 ecclesiasticis
1927 2646 2110 2742 consangni·

637 2744 710 2814 treis
727 2742 858 2816 habent.
909 2748 943 2817 Si
959 2746 1055 2818 multi
1071 2750 1133 2820 t'ui
1152 2772 1188 2817 ac
1202 2742 1347 2817 stamine
1362 2741 1479 2814 statum
1501 2738 1693 2835 religiosum
1709 2765 1776 2811 non
1793 2735 1937 2815 fuissent
1961 2747 2109 2844 amplexi,

637 2836 661 2910 st
680 2842 712 2909 in
730 2838 847 2913 seculo
864 2835 1047 2915 manfissent
1061 2868 1096 2914 ac
1119 2841 1212 2915 suum
1234 2845 1475 2938 patrimonium
1497 2835 1720 2919 retinuissent,
1746 2839 1845 2909 multi
1868 2863 1913 2909 ex
1931 2846 2041 2916 Laicis
2054 2866 2109 2916 ran

638 2934 810 3031 splendide
824 2965 889 3010 non
910 2938 1038 3037 pnlsent
1052 2945 1164 3013 vivere
1185 2965 1284 3036 quam
1302 2941 1421 3019 modo,
1440 2938 1536 3010 multi
1552 2962 1619 3008 tam
1636 2935 1803 3033 splendida
1821 2932 1942 3010 officia
1963 2966 2029 3013 non
2045 2944 2109 3013 reti·

638 3036 1263 3229 llil„lltltllllttllltl
1279 3031 2108 3233 llllll,llllllltllltllill„llll

639 3222 758 3323 sapius
774 3228 936 3301 laboranti
952 3256 1070 3325 magna
1087 3256 1200 3303 tetum
1214 3235 1327 3330 inopia
1343 3232 1545 3327 Reipublicae
1561 3228 1777 3311 succurrerit,
1793 3254 1812 3299 a
1828 3232 2052 3307 llrlonasteriis
2066 3237 2106 3306 de·

638 3329 767 3422 nique,
802 3330 984 3411 parochis,
1017 3333 1216 3427 caeterisque
1239 3326 1467 3403 Ecclcsallicis
1494 3332 1637 3402 maxima
1656 3351 1736 3427 pera
1757 3351 1959 3426 pauperum
1985 3353 2107 3432 patetne

640 3424 750 3496 alatur
765 3427 803 3518 d)
818 3426 884 3500 aid.
902 3435 952 3504 tit.
970 3433 1008 3499 P.
1027 3433 1099 3500 salt.
1115 3455 1145 3523 q.
1168 3456 1197 3503 1.
1214 3454 1245 3501 tt.
1263 3456 1319 3500 ar.

754 3563 835 3647 Arg.
854 3563 914 3627 ori.
927 3562 1004 3629 loca:
1032 3558 1190 3632 Conllarc
1203 3562 1283 3632 dicit
1293 3561 1444 3633 laudatus
1458 3560 1608 3644 tluthor,
1619 3585 1788 3658 nunquam
1803 3563 2008 3664 Principem
2019 3565 2106 3638 allon

639 3644 766 3721 sallum
785 3650 848 3723 else
870 3658 1127 3750 pauperiorem,
1149 3660 1241 3754 quod
1256 3656 1326 3754 ipse
1342 3660 1392 3731 vel
1415 3658 1534 3731 subditi
1556 3660 1625 3753 ejus
1642 3655 1766 3730 suerint
1782 3660 1947 3736 liberales
1965 3670 2000 3736 in
2014 3667 2105 3736 Eccle

637 3745 734 3829 stam,
762 3773 798 3821 ut
814 3775 905 3846 patet
921 3757 953 3822 in
967 3753 1181 3827 Constantino
1197 3758 1229 3829 (lt
1247 3758 1387 3839 carolo,
1414 3781 1559 3853 uttoque
1580 3782 1658 3828 vere
1680 3762 1825 3846 Magno,
1855 3760 1889 3830 dr
1920 3763 1998 3834 aliis
2019 3761 2105 3858 pluti-

639 3849 722 3927 mis,
747 3851 838 3918 Deus
855 3855 963 3929 enim,
990 3852 1082 3947 cujus
1099 3854 1309 3951 protellionc
1325 3855 1356 3927 a
1373 3852 1558 3928 diresltone
1575 3859 1767 3947 Regnorum
1786 3855 2037 3933 administratio
2052 3882 2105 3931 tna·

640 3945 727 4014 xime
744 3949 880 4028 nititur,
906 3945 1043 4018 infinitis
1064 3953 1173 4022 modis
1196 3954 1280 4026 illud
1303 3953 1541 4025 detrimentum
1566 3949 1781 4048 compensare
1803 3953 1937 4049 potest,
1965 3965 2018 4032 uel
2038 3956 2105 4027 cala·

552 4077 559 4092 κ
641 4044 772 4112 mitatcs
789 4045 821 4115 dt
839 4043 1015 4117 seditiones
1031 4050 1228 4134 avertendo,
1253 4050 1305 4123 sel
1319 4048 1496 4147 prosperos
1510 4046 1667 4121 successus
1681 4048 1866 4132 bellorum,
1882 4079 1977 4126 nora
1990 4059 2104 4148 Regna,

591 4143 593 4148 '
638 4136 825 4213 ubertatem
843 4166 956 4227 tetre,
974 4143 1083 4217 &alia
1100 4147 1292 4242 hujusmodi
1307 4149 1491 4242 largiendo.
1528 4152 1623 4244 Saepe
1638 4144 1694 4230 fit,
1718 4170 1755 4220 ut
1769 4146 1812 4219 nb
1826 4149 1982 4247 aliquam
1991 4153 2105 4226 seditio·

638 4256 717 4306 nem
733 4239 785 4309 vel
801 4238 945 4325 bellum,
972 4243 1064 4338 quod
1086 4242 1220 4319 sortasse
1241 4249 1350 4344 pictas
1373 4243 1431 4321 isla
1454 4245 1487 4321 tlt
1509 4247 1628 4341 religio
1647 4247 1811 4343 Principis
1836 4247 2026 4346 avertisset,
2050 4271 2104 4322 ana

2034 4370 2104 4421 anot

680 4490 723 4575 tl)
743 4489 798 4553 Fas
813 4512 878 4557 noo
896 4499 939 4561 est
951 4499 1074 4564 Clerico
1088 4517 1146 4582 pro
1159 4497 1276 4562 officiis
1296 4499 1312 4563 s
1329 4498 1504 4565 ititualibns
1520 4499 1674 4564 utilitates
1687 4499 1882 4581 temporales
1895 4504 2030 4568 mercati
2040 4541 2050 4573 ‚
2062 4518 2105 4562 te·

757 4575 840 4654 liqna
854 4600 908 4660 pet
923 4583 1086 4652 accidens,
1107 4580 1140 4644 tr
1156 4584 1282 4663 quinam
1298 4523 1368 4645 stlat
1387 4583 1451 4654 illi,
1481 4583 1533 4663 qui
1546 4593 1598 4645 tot
1615 4579 1766 4644 Ecclelias
1783 4581 1985 4659 fundarunt,
2014 4583 2046 4648 dt
2057 4583 2106 4666 piis

754 4657 879 4724 divitiis
892 4663 1114 4726 exornarunt?
1135 4683 1199 4726 non
1217 4665 1315 4746 igitur
1328 4665 1414 4727 Laiai
1429 4685 1474 4729 ex
1488 4683 1574 4731 mera
1588 4664 1792 4742 liberalitate,
1814 4666 1868 4732 led
1886 4688 1935 4733 ex
1947 4667 2106 4753 obligatio·

753 4758 796 4809 ne
810 4741 918 4814 saltem
933 4744 1103 4813 antidorali
1120 4748 1265 4832 quaedam
1284 4748 1453 4834 recipiunt·
