5017 5592
450 553 454 564 '
502 575 638 696 ⁶54³
691 636 716 656 ·.
774 571 1112 680 nrsssurarto
1162 530 1687 663 canonicossruntrcs
1759 643 1762 647 .
1846 677 1849 682 ¹

435 775 438 784 '
504 768 756 868 metipsrmsve
771 797 832 867 per
847 772 947 845 alium
965 795 1057 865 agat,
1072 781 1166 854 eum,
1185 772 1276 869 quod
1292 772 1367 869 quis
1379 791 1444 868 per
1458 767 1560 841 alium
1573 761 1671 849 facit,
1685 719 1977 864 persemetipsum

378 911 389 958 ,-
505 866 618 945 faeere
634 870 812 945 censeatur.
953 942 955 944 ,

625 1004 781 1099 Denique
798 1007 1025 1100 imperantem
1041 1004 1138 1101 Reip.
1160 1002 1193 1074 dr
1214 995 1304 1096 polle
1331 999 1504 1072 &debere
1521 1025 1586 1096 pru
1608 993 1840 1094 inaequalibus
1865 999 1982 1070 civium

508 1125 588 1193 erga
601 1104 723 1197 Remp.
741 1097 858 1172 officiis
876 1104 908 1174 dr
924 1105 1052 1173 meritis
1069 1103 1257 1196 inaequales
1274 1105 1372 1170 etiam
1384 1125 1454 1196 pro
1469 1103 1510 1170 iis
1530 1096 1662 1171 favores
1679 1098 1713 1169 dr
1733 1099 1981 1191 praerogativas

406 1235 411 1256 ·
510 1200 739 1276 introducere,
765 1225 862 1272 remo
877 1227 942 1271 non
959 1199 990 1271 se
1009 1198 1079 1294 ipso
1097 1201 1269 1286 intelligit,
1294 1201 1445 1294 quisquis
1467 1197 1683 1293 adaequatam
1705 1191 1765 1264 sabi
1785 1195 1928 1289 imperii
1948 1217 1980 1270 ae

537 1297 677 1368 otellatis
696 1299 801 1368 civilis
816 1299 923 1370 ideam
946 1293 1080 1379 feeerit,
1101 1294 1392 1396 gravrslr'mumque
1407 1298 1571 1389 Principis
1591 1299 1677 1367 eirca
1694 1290 1862 1388 jullitlam
1885 1292 2007 1382 dillri·²

508 1322 658 1466 latr-avam
670 1390 817 1466 officium
835 1401 945 1466 animo
965 1399 1195 1492 perpenderit:
1219 1400 1294 1492 Jam
1311 1395 1477 1489 veroquis
1493 1392 1608 1489 plura,
1624 1393 1699 1489 quis
1713 1392 1874 1483 graviora
1891 1393 1980 1488 Reip.

442 1537 448 1552 ι
511 1488 620 1562 officia
641 1491 789 1572 exhibet,
809 1520 908 1584 quom
927 1497 1072 1565 Minillri
1087 1490 1305 1564 Ecclefiarum
1325 1497 1341 1563 i
1367 1497 1441 1588 quis
1457 1491 1603 1586 proinde
1625 1489 1745 1562 melius
1763 1486 1805 1563 de
1822 1490 1913 1583 Rep.
1923 1514 1984 1562 me·

513 1613 625 1670 retur,
649 1588 779 1660 aristi?
806 1593 945 1662 Student
961 1596 983 1662 ii
1005 1615 1111 1673 certe,
1132 1595 1179 1662 uti
1196 1588 1338 1672 eonllat,
1363 1591 1466 1661 bonus
1481 1590 1631 1686 quotidie
1651 1610 1778 1682 eosque
1800 1591 1984 1679 morigeros

513 1711 593 1777 erga
609 1693 831 1784 imperantem
850 1689 881 1759 ὃ(
902 1693 1020 1785 Remp.
1036 1692 1122 1758 cives
1143 1685 1356 1783 subditosque
1379 1689 1529 1758 docendo
1551 1685 1710 1765 reddere,
1736 1682 1850 1779 licque
1870 1710 1984 1760 netum

384 1833 387 1839 -
512 1786 609 1857 illum
625 1791 735 1881 Caput
751 1789 837 1860 inter
861 1788 892 1856 st
916 1787 1065 1856 membra
1086 1809 1185 1880 quarn
1209 1793 1350 1856 maxime
1376 1783 1660 1858 fundamentalem
1682 1779 1914 1876 constringere
1926 1809 1987 1856 ma·

514 1886 565 1975 gis
584 1908 620 1952 ac
642 1881 828 1967 carreiam
857 1883 960 1955 solent
983 1887 1031 1955 illi
1052 1886 1215 1976 continuis
1238 1886 1270 1953 iu
1296 1884 1523 1979 promovende
1549 1880 1653 1956 salute
1674 1884 1799 1953 civium
1824 1881 1985 1978 spirituali

514 1987 604 2053 euris
621 1977 798 2064 desudare,
817 1978 1010 2075 gravllllmls
1029 1979 1095 2053 sese
1117 1985 1203 2054 vitae
1223 1977 1259 2050 ac'
1283 1984 1426 2054 sanitatis
1449 1981 1630 2077 dispendiis
1653 1978 1825 2075 objicere,
1848 1976 1986 2053 funden·

517 2078 568 2150 dis
590 2103 652 2174 pro
674 2079 809 2173 publico
827 2082 1000 2177 precibus,
1022 2080 1163 2171 aliisque
1181 2074 1300 2150 officiis
1323 2081 1462 2161 divinis,
1486 2105 1572 2175 quae
1595 2077 1718 2172 fingula
1740 2102 1905 2152 enarrare
1923 2077 1988 2152 lan·

515 2179 590 2269 gius
601 2172 787 2272 foret‚.pro
802 2181 980 2250 commodo
996 2182 1179 2247 animarum
1203 2178 1400 2271 peragendis
1417 2203 1542 2248 vacare.
1594 2182 1679 2250 Cum
1694 2179 1799 2268 igitur
1815 2179 1986 2273 smperena

518 2271 662 2367 &poliat
682 2276 849 2348 &debeat
872 2277 1055 2372 inaequalia
1075 2300 1153 2367 erga
1170 2278 1290 2370 Remp.
1307 2273 1437 2345 servitia
1455 2275 1486 2344 dt
1504 2278 1623 2346 merita
1651 2271 1886 2369 inaequalibus
1900 2299 1986 2372 prae·

520 2373 597 2465 atriis
613 2378 839 2455 remunerari,
854 2376 929 2468 quis
945 2375 1074 2444 tandem
1091 2375 1194 2454 dteet,
1216 2376 1407 2468 Principem
1424 2373 1566 2444 invalide
1580 2396 1637 2443 aut
1650 2373 1765 2442 illicite
1781 2368 1902 2464 egill'e,
1914 2374 1988 2446 dum

516 2465 669 2537 Ecclesris
693 2475 975 2541 immunitatema
1003 2472 1136 2543 triburis
1160 2471 1357 2561 laigiendo‚
1379 2472 1442 2544 bae
1463 2474 1593 2545 ratione
1614 2470 1892 2568 inaequalitatem
1910 2470 1989 2545 bum

518 2564 737 2640 Ecclefiarum
753 2570 842 2640 inter
865 2570 896 2641 dt
919 2572 1097 2642 Laieorum
1112 2572 1260 2641 invexit?

559 2735 597 2817 a)
618 2733 699 2802 Part.
718 2756 748 2804 2.
770 2737 805 2805 C.
830 2757 879 2805 12.
900 2741 930 2820 §.
955 2755 1004 2821 17·
1033 2735 1067 2800 dr
1089 2734 1191 2820 (213.
1212 2739 1246 2821 §.
1272 2756 1321 2805 11.

1153 2937 1187 3019 §.
1237 2930 1352 3014 LVI.

638 3064 763 3132 Contra
779 3064 859 3135 haec
878 3068 1043 3161 principia
1058 3065 1152 3136 inllat
1165 3070 1198 3155 a)
1225 3060 1453 3135 Loeblleinius
1469 3060 1626 3145 dicendo,
1648 3058 1824 3155 resignasse
1839 3060 1989 3162 equidem

522 3154 690 3251 populum
713 3161 862 3232 universa
876 3167 950 3258 jura
973 3165 1026 3236 l'ua
1044 3162 1249 3259 Majellatica
1264 3166 1296 3232 in
1317 3163 1520 3233 voluntatem
1539 3163 1720 3256 Principis,
1740 3186 1808 3232 non
1827 3187 1937 3234 tamen
1953 3184 1989 3233 ea

524 3255 733 3338 intentione,
760 3282 797 3330 ut
818 3264 977 3361 Princeps
1000 3265 1041 3333 iis
1068 3262 1263 3334 abuteretur
1288 3264 1320 3330 in
1347 3260 1590 3356 praejudicium
1614 3259 1758 3354 populi;
1791 3284 1871 3332 cum
1897 3262 1994 3352 igitur

524 3352 684 3448 Princeps
700 3353 872 3447 largiendo
889 3361 1052 3453 ejusmodi
1070 3365 1299 3433 lmmunitates
1316 3357 1463 3454 reliquos
1480 3366 1567 3427 cives
1583 3379 1715 3447 gravat,
1739 3360 1933 3455 Principem
1941 3354 1992 3429 sua

523 3447 686 3545 potestate
703 3451 811 3539 abuti,
833 3458 1118 3553 &consequenter
1140 3458 1259 3553 populi
1282 3454 1472 3527 eonsensum
1487 3480 1553 3526 non
1570 3450 1674 3526 adess'e
1690 3448 1804 3526 infert.

440 3619 463 3696 j
525 3653 531 3658 -
641 3603 863 3679 Monslrosam
887 3636 976 3683 certe
998 3633 1230 3703 argumentum
1251 3609 1315 3680 boe
1337 3608 1503 3677 civitatem
1525 3602 1642 3687 efficit,
1668 3604 1747 3675 dum
1764 3628 1903 3701 praeter
1918 3604 1994 3687 boe,

428 3695 437 3710 ‘
527 3697 617 3866 quod
639 3703 785 3794 plurium
804 3707 979 3802 pariorum
1001 3715 1087 3780 inter
1102 3733 1214 3799 gentes
1237 3730 1311 3778 utut
1326 3705 1474 3796 legitime
1490 3705 1671 3784 initorum,
1698 3728 1784 3797 quae
1800 3701 1994 3776 alterutram

544 3822 616 3867 orte
630 3821 762 3889 gentem
781 3827 936 3895 gravant,
962 3804 1062 3877 fidem
1077 3807 1109 3878 dr
1126 3806 1363 3900 obligationem
1386 3798 1563 3894 infringat,
1591 3800 1699 3895 sieque
1721 3800 1815 3872 bellis
1837 3801 1873 3872 dr
1893 3800 1996 3873 turbis

525 3916 659 3990 portam
679 3904 823 3991 aperiat,
844 3901 980 3998 insuper
993 3910 1050 3975 uni
1066 3905 1242 4001 eidemque
1257 3904 1393 3996 corpori
1411 3900 1548 3995 politico
1565 3900 1617 3971 vel
1636 3900 1702 3970 duo
1718 3902 1865 3995 imponit
1880 3900 1996 3993 eapite·

528 3990 579 4063 vel
597 3991 678 4064 illud
694 3999 802 4091 eapite
816 3996 872 4071 l'uo
887 4002 1038 4093 legitimo
1054 4024 1194 4074 truncat.
1232 4008 1362 4070 Verum
1378 4003 1466 4069 eninr
1484 3999 1620 4091 quidem
1636 3994 1698 4077 est,
1723 3997 1806 4067 hane
1820 4021 1889 4066 non
1907 3992 1998 4067 suille

527 4091 647 4181 populi
662 4095 894 4179 intentionem,
920 4126 975 4181 ut,
1002 4102 1080 4171 dum
1098 4102 1209 4171 omnia
1227 4097 1282 4169 sua
1295 4097 1370 4191 jura
1384 4120 1586 4189 omnemque
1602 4092 1795 4190 potestatem
1811 4095 1946 4167 civilem
1965 4096 1997 4164 iu

527 4187 717 4279 principem
733 4190 827 4266 suunt
846 4196 1037 4288 resignavit,
1067 4198 1120 4268 hie
1141 4196 1231 4267 abuti
1254 4194 1309 4266 sua
1332 4191 1490 4290 potestate
1512 4192 1647 4273 debeat,
1672 4195 1808 4263 interim
1823 4213 1999 4286 perosum

529 4284 677 4375 populus
694 4285 843 4377 sciverit,
870 4299 1056 4391 principem
1074 4292 1136 4367 elle
1156 4296 1188 4365 ἃ
1209 4317 1345 4364 manere
1365 4293 1555 4372 bominem,
1581 4286 1998 4388 consequenter'fragilem

531 4376 737 4465 &labilemr
772 4390 904 4486 boeque
926 4420 991 4463 non
1013 4391 1159 4464 obstante
1181 4394 1251 4488 ejus
1276 4389 1307 4462 se
1328 4392 1497 4461 voluntate
1521 4393 1625 4460 teneri
1648 4390 1810 4470 voluerit,
1839 4384 1999 4461 eonseufit

529 4498 636 4572 aeque
652 4481 684 4549 in
708 4482 842 4555 abusum
868 4491 1035 4583 potestatis
1058 4517 1093 4560 ae
1112 4490 1205 4562 ulum
1228 4491 1336 4568 illius3
1352 4489 1386 4577 b)
1414 4488 1492 4556 alias
1515 4491 1622 4568 enim,
1648 4485 1670 4557 fi
1695 4489 1727 4557 in
1749 4483 1808 4558 usu
1827 4484 1998 4584 potestatis

529 4571 650 4651 adesset
662 4582 784 4679 populi
798 4586 990 4677 consensus,
1014 4592 1050 4663 in
1063 4585 1165 4665 abusu
1182 4613 1262 4665 vero
1277 4582 1396 4663 adesset
1412 4584 1483 4684 ejus
1502 4582 1674 4673 dissensus,
1701 4608 1774 4660 tunt
1793 4590 1828 4660 in
1850 4583 1925 4661 casu
1946 4584 2001 4755 asb-

1018 4703 1024 4716 ·
1930 4704 2005 4756 uus
