5017 5592
493 627 595 755 „a
947 650 1528 728 uisseu'rnrto

502 832 649 908 seculum
670 836 764 906 xtn.
787 854 996 915 exercerent,
1019 856 1075 905 aut
1096 829 1199 929 usque
1217 829 1317 904 hodie
1336 832 1370 899 in
1397 828 1541 904 Ecclclia
1564 833 1712 904 Romana
1730 779 1932 903 exerceant?
1950 851 1991 897 ex

502 955 572 1030 quo
594 930 723 1026 liquido
744 928 863 1012 confit,
889 935 1074 1025 proximam
1090 933 1175 1026 juris
1197 932 1433 1026 primariorum
1454 954 1594 1026 precum
1617 925 1746 1000 causam
1770 951 1838 997 uon
1866 919 1933 997 else
1955 928 1990 995 in

503 1032 581 1128 jure
595 1028 761 1118 ejusmodi
778 1029 967 1099 Advocatiae
982 1027 1141 1100 eminenti
1160 1026 1401 1126 reponendam.

544 1161 585 1242 a)
605 1154 793 1229 Fritschiua,
816 1158 974 1221 Gerendus
989 1180 1057 1220 von
1076 1140 1353 1237 storkenslllayer
1368 1156 1489 1238 dejure
1504 1157 1592 1239 prim.
1611 1177 1693 1236 ptec.
1709 1157 1859 1220 Sirtriuus
1877 1156 1920 1220 de
1938 1173 1991 1219 re·

616 1242 741 1323 galibus
756 1240 823 1304 Lib.
837 1239 861 1302 l.
880 1263 947 1322 cup.
963 1241 1018 1305 lX.
1039 1242 1069 1322 §-
1082 1243 1133 1305 62.
1149 1239 1307 1305 lllockius
1326 1236 1420 1302 Tum.
1439 1241 1463 1301 l.
1481 1238 1572 1302 Cous.
1592 1239 1647 1305 lV.
1665 1237 1818 1306 besoldus
1835 1235 1989 1303 Thesaur.

613 1320 710 1406 ptest.
730 1340 832 1384 voce:
853 1326 1015 1404 primario
1029 1344 1135 1388 nterea.
1179 1321 1352 1387 Stamleruc
1366 1323 1406 1384 de
1422 1321 1537 1384 teserv.
1556 1322 1642 1385 Eccl.
1664 1328 1696 1402 d.
1712 1341 1764 1404 51.
1791 1319 1988 1403 Conriogiuc

614 1406 653 1467 ad
668 1403 789 1467 Bullarn
808 1403 986 1468 lnuoccutii
1006 1403 1047 1468 X.
1070 1403 1234 1470 Cortreius
1256 1403 1382 1492 observ.
1399 1403 1439 1465 ad
1458 1403 1658 1467 Concordata
1678 1425 1708 1487 p.
1727 1424 1798 1483 140.
1813 1402 1896 1485 seqq.

543 1528 578 1610 b)
600 1521 778 1604 Stephanus
796 1521 964 1585 Gratianus
984 1523 1117 1598 Discept.
1133 1522 1193 1587 for.
1214 1544 1280 1604 cap.
1298 1521 1522 1589 CDLXXVIL
1545 1521 1683 1586 Cboltiet
1698 1523 1736 1585 de
1754 1522 1846 1603 prim.
1870 1519 1989 1603 precib.

620 1605 753 1668 Hermes
770 1602 828 1666 Fas
843 1651 850 1666 .
871 1605 897 1677 J.
916 1605 946 1668 P.
963 1626 1030 1686 cap.
1044 1604 1100 1667 xl.
1119 1603 1234 1681 Quaest.
1247 1618 1298 1688 38.
1313 1603 1347 1667 ἃ
1368 1605 1431 1668 alii.

545 1727 576 1807 c)
598 1722 672 1789 Vid.
691 1724 863 1804 diplomata
880 1743 1006 1804 precum
1028 1722 1203 1806 Leopoldi,
1224 1723 1331 1786 Caroli
1353 1721 1409 1789 Vl.
1425 1719 1498 1789 Vll.
1528 1719 1561 1783 dr
1577 1718 1764 1785 FrancilciL
1781 1719 1829 1782 uti
1853 1714 1889 1780 ἃ
1903 1718 1986 1781 anti-

620 1808 733 1887 quiora
747 1807 781 1866 in
801 1824 869 1885 cap.
886 1802 910 1868 l.
928 1805 1070 1867 adducia.

544 1921 585 2005 d)
604 1920 678 1987 Vid.
696 1920 835 1999 superius
851 1921 944 1983 citata
957 1921 1096 1993 indulte,
1117 1918 1163 1985 Pii
1177 1918 1234 1990 lv.
1250 1917 1401 2002 Gregorii
1416 1915 1506 2014 XIlI.
1525 1915 1613 1982 Pauli
1626 1913 1668 1984 V.
1687 1912 1722 1979 ἃ
1740 1913 1860 1980 Urbani
1873 1910 1967 1984 VIII.

550 2038 586 2120 c)
607 2035 640 2105 P.
660 2035 712 2105 W.
732 2037 801 2102 Art.
816 2035 857 2104 V.
873 2035 1018 2120 §.18.&
1036 2036 1087 2103 26.

1172 2150 1205 2253 a.
1252 2152 1352 2228 vu.

622 2292 690 2361 His
709 2290 822 2383 itaque
842 2284 1056 2383 opinionibus
1080 2312 1118 2359 et
1141 2288 1232 2379 gravi
1257 2287 1425 2356 rationum
1450 2282 1616 2382 pondere,
1649 2308 1685 2357 ut
1706 2285 1851 2379 opinor,
1885 2277 1993 2352 solide

508 2382 704 2466 confutatis,
733 2387 851 2455 rellant
869 2388 1004 2456 uberius
1020 2386 1240 2454 examinandae
1256 2382 1362 2453 adhuc
1379 2393 1529 2478 quaram
1554 2385 1623 2451 alie
1646 2384 1676 2453 ii·
1699 2382 1751 2452 sua
1775 2402 1991 2475 propugnan-

510 2484 559 2553 dae
578 2487 725 2553 veritaris
745 2483 851 2577 specie
867 2482 1067 2552 celebriores
1085 2482 1116 2550 dt
1132 2481 1249 2573 majori
1267 2485 1412 2573 partium
1432 2477 1537 2548 lludio
1553 2478 1683 2548 dil'cill'ae
1699 2472 1993 2549 cruditorumsen·

387 2643 394 2652 .
509 2584 635 2660 tentia.
689 2578 1268 2673 Elimagnapatsnuthnrumcum
1285 2581 1519 2666 Veterum,a)
1547 2570 1993 2667 tumrecanriarummm·

537 2679 659 2748 eratori
681 2702 746 2746 non
766 2676 914 2757 aliunde,
938 2701 1037 2771 quam
1058 2701 1095 2745 ex
1112 2671 1279 2744 Pontificis
1304 2673 1496 2766 ittdultojus
1514 2679 1748 2767 primariorum
1773 2693 1914 2769 precum
1932 2669 1993 2740 cri·

508 2701 702 2855 boeotium,
726 2799 870 2868 quorum
887 2798 1055 2843 momenta
1076 2777 1109 2842 in
1125 2774 1296 2864 epitomen
1318 2768 1449 2839 redaila
1472 2796 1509 2839 ex
1527 2775 1709 2841 eorundem
1736 2766 1883 2840 libris&
1906 2789 1993 2854 pra·

509 2866 622 2941 sertim
641 2894 677 2940 ex
695 2869 997 2939 itterisClemenris
1016 2874 1062 2937 Xl
1092 2873 1119 2955 t)
1143 2868 1374 2961 suppeditare,
1400 2894 1511 2961 opera
1534 2894 1677 2961 pretium
1702 2871 1791 2938 duxi.
1848 2868 1894 2934 Et
1914 2866 1992 2958 qui·

509 2966 586 3036 dem
606 2960 755 3035 Pontifex
774 2970 798 3034 l.
817 2961 941 3044 allerit,
969 2967 1097 3035 nullum
1115 2990 1215 3058 penes
1233 2963 1412 3033 Calaream
1437 2965 1643 3057 Maiellateni
1669 2963 1809 3036 reddere
1832 2961 1888 3055 jue
1910 2960 2000 3030 diri-⁵

513 3062 612 3153 gandi
629 3086 745 3155 preces
762 3065 956 3156 primarias,
980 3087 1089 3156 eoque
1105 3066 1214 3129 minus
1231 3060 1288 3130 snb
1306 3067 1562 3132 comminatione
1577 3058 1992 3157 pmiarnm,quarumai

513 3154 632 3253 poffiut
648 3159 869 3227 commendati
885 3156 1082 3228 beneficium
1101 3163 1211 3251 primo
1225 3183 1435 3237 vacaturum,
1462 3185 1517 3229 aut
1537 3161 1624 3251 quod
1648 3163 1695 3229 eis
1713 3161 1818 3248 magis
1840 3155 1992 3236 libuerit,

512 3256 545 3325 in
561 3254 707 3350 qualibet
722 3251 855 3324 illarum
873 3259 1017 3352 partium
1035 3252 1173 3324 Ecclesia
1191 3252 1310 3350 allcqui
1331 3260 1376 3326 ll.
1395 3257 1426 3324 id
1450 3256 1669 3352 comprobate
1691 3255 1864 3326 intendens
1878 3255 1945 3334 ait,
1971 3273 1992 3322 ι

514 3349 704 3422 Canonibus
724 3350 924 3432 abhorrere,
949 3353 1036 3423 laicae
1053 3349 1202 3447 potestati
1219 3349 1268 3420 fas
1290 3348 1369 3430 elle,
1404 3351 1550 3422 Ecclcfiae
1572 3350 1727 3448 presules
1751 3352 1800 3421 vel
1820 3351 1917 3430 illos,
1947 3345 1993 3418 ad

514 3473 599 3543 quos
616 3453 777 3546 pertinet,
798 3449 837 3519 ad
862 3445 1096 3519 conferendam
1120 3474 1135 3515 a
1159 3446 1189 3517 sc
1207 3450 1446 3519 commendatis
1470 3451 1662 3543 praebendas
1684 3444 1909 3542 compellendi
1925 3447 1995 3518 lli.

514 3551 643 3641 pergit,
671 3548 733 3616 hoc
749 3547 802 3639 jus
821 3542 996 3626 allectum,
1031 3545 1088 3616 nili
1106 3541 1194 3615 forte
1210 3544 1401 3637 Apollulica
1417 3548 1618 3618 authoritate
1635 3545 1670 3615 dt
1688 3537 1842 3625 fultum,
1858 3567 1897 3613 ut
1918 3539 1992 3614 ttul-

513 3643 571 3712 libi
590 3645 698 3713 locum
721 3644 842 3714 haltere
869 3641 989 3738 potcll,
1022 3647 1065 3714 itu
1089 3643 1245 3735 peculiari
1269 3643 1410 3738 quadam
1437 3647 1563 3714 ratione
1582 3644 1734 3714 obtinere
1755 3667 1822 3712 non
1844 3634 1937 3735 polle
1956 3641 1994 3710 in

516 3742 706 3812 Germanic
731 3740 881 3834 partibus
906 3740 949 3813 ob
974 3766 1050 3810 nota
1074 3739 1147 3812 l'atis
1170 3742 1377 3812 Con‘cordata
1399 3742 1588 3811 Germaniae
1613 3739 1792 3814 lolenuiter
1813 3744 1912 3819 inita,
1955 3738 1993 3806 iu

515 3836 637 3932 qu'ibus
651 3837 734 3907 nihil
751 3860 816 3907 tam
834 3861 983 3908 accurate
1000 3836 1156 3908 sancitum
1173 3835 1236 3916 cll,
1264 3862 1363 3933 quam
1381 3862 1422 3907 ne
1438 3837 1638 3908 elcbiionum
1663 3838 1695 3909 dt
1715 3837 1932 3909 collationum
1956 3836 1993 3903 itt

514 3932 679 4005 mensibus
697 3957 763 4003 tant
779 3929 939 4024 alligastis
954 3935 1107 4026 capitulis
1128 3961 1163 4005 ac
1176 3935 1354 4005 ordinariis
1370 3934 1604 4015 collatoribus,
1631 3960 1731 4030 quam
1754 3931 1813 4029 ipfi
1835 3927 1993 4002 Pontifici

516 4027 655 4125 ejusque
672 4028 904 4101 successoribus
921 4030 1092 4102 reservatis
1107 4032 1176 4102 ullo
1191 4056 1336 4123 unquam
1352 4055 1504 4126 tempore
1521 4032 1676 4112 laedatur,
1703 4032 1793 4102 nulla
1815 4053 1927 4100 namen
1943 4007 2009 4099 ibi*

517 4122 710 4197 allcrtorum
727 4129 952 4223 imperialium
972 4128 1096 4219 jurium
1117 4132 1287 4197 mentione
1302 4123 1405 4206 facia,
1433 4152 1488 4196 aut
1505 4133 1634 4198 rarione
1657 4127 1786 4207 habita,
1810 4151 1889 4197 cum
1911 4126 1993 4196 alio·

517 4227 598 4317 quin
616 4221 689 4292 latis
710 4222 918 4295 manifellum
936 4223 971 4294 fit
1016 4224 1215 4295 clellionum
1232 4248 1288 4294 aut
1301 4225 1513 4293 collationum
1525 4226 1711 4297 libertarent
1727 4250 1802 4294 cum
1818 4225 1993 4320 primariis

517 4319 690 4415 precibus,
714 4346 787 4415 quae
803 4347 875 4391 eam
898 4320 1033 4417 prorsus
1051 4344 1220 4402 evertunt,
1245 4318 1417 4390 conltllere
1432 4348 1496 4391 non
1520 4318 1618 4414 polle.
1668 4328 1729 4392 lV.
1753 4322 1890 4392 demum
1912 4344 1994 4416 pro·

518 4440 635 4486 vocant
656 4417 696 4486 ad
718 4420 867 4511 exempla
889 4423 1154 4513 imperatorum,
1186 4422 1244 4512 qui
1268 4445 1283 4486 a
1306 4418 1479 4487 Friderico
1503 4415 1690 4512 illusque
1714 4419 1754 4487 ad
1776 4416 1994 4512 Leopoldum

518 4538 585 4583 nott
601 4512 696 4582 aliter
711 4540 848 4609 precum
866 4519 1101 4606 primariorum
1115 4515 1167 4608 jus
1183 4540 1375 4587 exercuere.
1396 4529 1495 4609 quam
1513 4514 1535 4586 fi
1551 4514 1624 4610 poll
1637 4515 1685 4586 sui
1698 4513 1994 4606 confirmationem

519 4634 541 4683 e
561 4607 721 4684 Pontificc
734 4611 923 4694 obtentam,
949 4610 980 4684 se
999 4609 1192 4707 apostolico
1215 4612 1346 4684 indulto
1371 4617 1495 4686 muniri
1519 4618 1725 4688 curaverint:
1749 4613 1782 4686 dt
1803 4615 1883 4685 licet
1903 4615 1996 4684 Lem

1921 4706 1996 4808 pol·
