5017 5592
460 643 557 723 ,ιιι
763 608 1105 692 otssrnrnrto
1126 607 1405 688 utsrotuco
1422 651 1436 674 ·
1456 609 1696 710 Jontotcn

483 802 528 876 rie
545 820 659 899 pones
675 747 830 870 incurilsc
845 791 1044 878 credebrnr,
1067 789 1092 866 li
1116 792 1290 887 indignum
1307 791 1413 890 Asylo
1435 796 1695 892 pronuntierenr
1715 803 1814 881 eum',
1848 793 1909 893 qui
1927 791 1971 868 se·

481 900 551 974 mel
574 921 703 972 roncum
720 895 932 967 latrocinium
954 887 1180 972 commifillet,
1205 893 1259 965 tel
1285 896 1318 964 in
1339 894 1419 966 locis
1441 891 1655 991 sesquipolmi
1676 890 1783 992 sperio
1803 893 1971 990 epublice

483 1001 539 1074 rie
556 998 708 1068 remotio.
760 992 929 1090 Scrupulo
948 1014 1006 1064 eos
1028 989 1147 1062 liberet
1168 993 1472 1066 Bumotcruc
1496 995 1590 1063 Xlll.
1612 989 1810 1074 declercno,
1853 1001 1971 1066 unica

395 1155 398 1160 .
481 1092 717 1192 presserionem
737 1086 905 1172 sufficere,
930 1088 1119 1188 &quidem
1136 1091 1169 1160 in
1187 1093 1240 1160 rie
1261 1097 1402 1162 virineli.
1452 1091 1674 1187 elnrtquiorer
1690 1093 1846 1163 Cenonee
1861 1091 1971 1164 exclu-

427 1221 429 1226 ·
483 1193 606 1266 debent
620 1191 797 1359 ,φρίκης
823 1184 1010 1268 Dollorec,
1033 1183 1104 1259 solo
1123 1186 1304 1259 verborum
1328 1191 1453 1260 corrice
1476 1187 1702 1270 conlidercro,
1735 1187 1894 1282 religioni
1914 1185 1971 1262 sbi

484 1290 668 1372 elucebunt,
707 1313 714 1359 t
733 1283 959 1359 Chrislienum
974 1289 1085 1381 pretio
1100 1285 1141 1356 td
1156 1282 1354 1357 occistottem
1373 1283 1596 1369 conduclum,
1621 1310 1679 1358 eur
1695 1285 1812 1370 illum,
1836 1289 1899 1383 qui
1920 1311 1968 1360 oc·

485 1387 643 1466 cilionem
660 1379 816 1458 Alloslino
832 1385 1063 1464 mondovcrrr,
1087 1383 1260 1454 viliorum
1277 1389 1452 1456 cononum
1474 1383 1515 1456 ob
1534 1381 1637 1481 Asylo
1657 1385 1901 1457 extrahendum
1922 1384 1967 1458 di·

485 1507 627 1562 cerent:
654 1482 807 1576 legebant
823 1485 912 1554 enim
929 1485 962 1552 in
978 1483 1123 1560 Lericis,
1145 1504 1208 1576 per
1227 1481 1388 1574 Affaellinrr
1410 1483 1552 1574 intelligi
1575 1505 1704 1554 certum
1731 1487 1838 1578 Syrie
1862 1506 1971 1580 popu·

486 1585 578 1662 lum,
602 1581 645 1655 orl
660 1605 761 1680 quem
780 1604 847 1651 uon
863 1583 1071 1675 pertinerent
1086 1575 1265 1651 Chrillieni
1285 1583 1441 1678 Europaei
1462 1606 1525 1678 pro
1549 1581 1661 1676 pretio
1681 1583 1894 1664 occidentes,
1922 1579 1970 1652 rel

478 1679 685 1758 ¹occistonem
702 1678 916 1760 mandentem
942 1699 998 1749 eur
1016 1673 1130 1748 seltenr
1149 1680 1277 1748 crimen
1294 1674 1559 1751 consummarunt
1573 1702 1641 1749 noo
1657 1674 1742 1766 esse,
1766 1679 1904 1774 quondo
1917 1701 1985 1777 pe.

415 1831 419 1838 ·
485 1783 593 1856 cunin
609 1779 746 1875 quidem
764 1771 948 1870 promisse,
973 1774 1123 1846 nondum
1138 1795 1249 1846 temen
1265 1771 1380 1846 solurae
1396 1771 1547 1858 fuissent3
1574 1782 1672 1872 proin
1688 1780 1906 1850 immunitate
1925 1783 1969 1848 in·

487 1878 608 1973 dignos
622 1877 712 1972 juxto
730 1877 793 1946 hos
817 1877 968 1945 Crnooee
986 1868 1112 1945 censen
1130 1869 1217 1944 solos
1235 1877 1359 1969 Syron,
1384 1897 1441 1944 rur
1453 1872 1568 1944 stltem
1588 1899 1645 1947 eor
1663 1872 1750 1948 solor
1767 1875 1969 1956 mondenter,

397 2001 406 2012 ·
486 1981 546 2073 qui
569 1969 764 2072 promissum
790 1970 833 2045 ‹le
858 1973 970 2068 precio
998 1969 1109 2042 drudo
1133 1967 1366 2066 implevissent.
1416 1977 1548 2042 Verum
1573 1973 1855 2046 Gnnoonrue
1878 1975 1970 2046 xlv.

486 2077 653 2152 rerionem
673 2071 1074 2149 &tornamentorum
1107 2089 1321 2167 mentemque
1344 2071 1593 2182 Lepislerorum
1611 2094 1681 2169 pre
1703 2071 1811 2143 oculis
1833 2091 1971 2167 ponent,

463 2196 551 2272 *per
571 2170 730 2264 Affcffitter
744 2168 903 2260 intelligit
917 2172 1018 2238 etiem
1036 2163 1261 2249 Christienoe,
1289 2167 1540 2263 &Europam
1563 2168 1730 2262 ejusmodi
1752 2193 1894 2264 opernm
1908 2191 1971 2286 pro

485 2273 601 2370 pretio
614 2270 777 2339 locantes:
803 2269 1116 2338 Buueurcrus
1141 2267 1234 2336 Xlll.
1259 2266 1517 2364 comprehendit
1539 2269 1640 2339 etiem
1662 2267 1884 2348 Mundiores.
1914 2289 1971 2364 qur

486 2364 680 2442 mercedem
728 2358 936 2446 romiserinr,
967 2365 1120 2459 quemvis
1166 2357 1313 2435 romillio
1334 2364 1463 2435 nullum
1487 2363 1642 2438 hebuerit
1661 2361 1845 2446 effellum,
1878 2365 1975 2438 ‹lum-

487 2466 593 2538 modo
607 2389 813 2536 Allolllnium
828 2457 936 2558 reipse
952 2482 1119 2555 petritum
1136 2387 1249 2533 luerit.
1298 2463 1395 2534 circe
1415 2462 1555 2534 modum
1572 2459 1776 2560 disceptandi
1794 2462 1838 2564 cle
1851 2465 1975 2536 Crimi-

488 2561 588 2636 nibuo
604 2563 768 2657 exceptio,
790 2562 952 2631 acerrime
966 2555 1192 2655 disceptabant
1212 2562 1300 2632 iorer
1323 2557 1356 2632 se
1377 2557 1563 2646 Doc'loree,
1600 2561 1636 2634 ἃ
1656 2561 1835 2658 perplexur
1858 2561 1974 2636 redele-

488 2657 569 2735 beot
584 2653 767 2756 Episcopus
786 2659 946 2729 verietate
967 2653 1213 2729 dollrinorum:
1248 2653 1425 2732 Ponrtfieer
1444 2683 1546 2742 uero,
1577 2681 1615 2731 ur
1637 2657 1737 2758 supro
1758 2681 1973 2742 innotatum,

475 2759 536 2832 -ire
550 2756 774 2832 terminebnnt
788 2755 847 2827 her
861 2752 1136 2852 disceptetionec,
1161 2778 1199 2830 ιιι
1213 2751 1347 2857 semper
1359 2759 1472 2834 minue
1492 2755 1725 2857 requistrcrinr
1740 2757 1783 2833 ed
1804 2761 1898 2834 Reor
1916 2761 1974 2858 Ju-

352 2944 361 2957 ,
490 2856 620 2932 ilicibus
634 2852 844 2930 secularibut
860 2851 1051 2928 tradendos.

1086 3017 1117 3106 ς.
1167 3007 1390 3091 ccxvii.

352 3175 401 3224 tor
417 3154 463 3220 le-
607 3150 662 3220 Αιι
678 3145 783 3242 igitur
800 3167 914 3220 errore
938 3137 1125 3221 censebitur
1146 3146 1350 3246 Episcopus,
1382 3145 1406 3221 si
1428 3148 1598 3222 Romanos
1617 3145 1818 3234 Ponrilicer,
1851 3149 1976 3224 ecerrii

352 3251 446 3306 ⁸¹¹th
491 3265 567 3318 mor
578 3245 804 3318 immunitatis
823 3243 1049 3319 Ecclesroslicoe
1071 3244 1232 3319 Cullodcr
1254 3243 1506 3321 &Defensores
1526 3251 1560 3320 io
1584 3247 1695 3320 dubiis
1717 3247 1760 3321 dc
1776 3251 1864 3346 Jure
1882 3246 1975 3346 Asyli

352 3409 395 3494 pl.

352 3317 462 3409 lepis·
491 3343 683 3417 decidendir
698 3347 874 3420 imitetur?
913 3349 996 3415 Non
1015 3344 1048 3415 id
1064 3346 1201 3441 quidem
1219 3344 1400 3418 tribuimus
1416 3351 1444 3418 E
1472 3343 1603 3446 il'ropo,
1627 3368 1664 3419 ut
1684 3349 1811 3417 crimen
1828 3343 1889 3418 sub
1904 3345 1976 3419 nul·

491 3443 680 3517 lo’Crnone
694 3465 751 3514 eur
766 3439 1015 3514 Constitutione·
1035 3441 1209 3514 Pontificio
1231 3372 1530 3537 comprehenllum,
1563 3442 1631 3516 solo
1656 3441 1711 3516 sue
1732 3446 1915 3517 ruroritrtc
1937 3443 1997 3518 el·

491 3538 598 3639 Asylo
620 3540 766 3636 rejiciet:
796 3540 829 3611 id
852 3538 957 3612 solum
979 3537 1197 3623 cdllruimur,
1224 3536 1418 3613 sonllissrme
1440 3543 1474 3613 ot
1492 3544 1584 3638 juxte
1603 3542 1795 3639 exemplum
1822 3544 1977 3616 Summo·

492 3665 568 3715 rum
592 3634 789 3711 Pontificum
810 3633 920 3710 fucere
936 3635 1157 3735 Episcopum,
1186 3635 1208 3708 st
1226 3635 1363 3735 insuper
1384 3639 1505 3712 habitis
1528 3639 1762 3732 benigniorum
1784 3637 1977 3713 Doelorom

494 3729 1976 3934 lllltllnlllilll‘lllillr‘,'llll',lill‘s‘sll‘f‘ll'illlis:

497 3937 582 4006 rioni
605 3937 779 4004 Cononum
795 3953 851 4002 cut
867 3927 1082 4015 Pontificum,
1109 3931 1321 4005 consideratis
1338 3941 1507 4030 praecipue
1530 3932 1665 4006 suorum
1686 3957 1884 4032 temporum
1906 3959 1976 4006 mo·

496 4029 610 4112 ribus,
631 4029 662 4102 si
680 4031 838 4100 vitiorum
855 4023 1062 4124 frequentia,
1085 4029 1126 4100 od
1148 4051 1248 4120 quam
1263 4031 1480 4104 coercendam
1499 4030 1672 4105 seterirrre
1690 4058 1776 4129 opus
1797 4030 1858 4108 etl.
1918 4037 1975 4106 ln·

496 4127 602 4201 voluit
618 4134 706 4198 enim
721 4126 808 4223 rpud
833 4127 1012 4223 plcrorque
1028 4131 1120 4224 Juric
1145 4131 1304 4199 cononici
1329 4135 1531 4226 interpreter
1558 4133 1760 4227 principium
1781 4133 1886 4216 illud,
1912 4133 1976 4231 Jue

497 4222 591 4321 Asyli
606 4220 668 4294 esse
688 4220 888 4296 sttttrabile.
912 4223 1151 4320 consequenter
1168 4225 1294 4322 ubsque
1313 4227 1380 4297 ullo
1398 4226 1626 4309 dislinilione,
1652 4254 1753 4325 qutun
1775 4233 1884 4304 modo
1906 4223 1977 4300 ioli·

388 4369 394 4382 ·
495 4325 692 4406 nocuimus,
719 4325 751 4392 itt
773 4322 874 4396 dubio
890 4323 1173 4420 pronuntiandum
1190 4321 1252 4396 elle
1271 4350 1334 4420 pto
1354 4329 1442 4407 Reo,
1476 4331 1534 4421 qui
1562 4331 1811 4398 immunirrtcm
1833 4315 1868 4400 io
1887 4333 1978 4401 loco

496 4417 590 4494 sucro
607 4442 663 4492 rut
680 4419 846 4510 Religioso
860 4426 990 4517 qutrrir.
1046 4421 1122 4494 Hoc
1140 4425 1342 4518 principium
1359 4423 1482 4518 ubsque
1498 4425 1567 4495 ullo
1585 4421 1773 4497 discrimine
1789 4449 1980 4524 occeptum,

372 4543 375 4550 ·
463 4528 467 4536 '
495 4541 707 4615 nequaquem
724 4543 786 4615 pro
808 4517 1024 4590 sttndomenro
1045 4521 1267 4591 lmmunlrrtis
1285 4517 1510 4592 Ecclestollicae
1527 4519 1771 4606 assumendum,
1790 4521 1843 4594 secl
1862 4529 1977 4621 potius

456 4657 459 4664 ·
497 4619 664 4718 Spiritum
679 4620 873 4704 Canonum,
891 4640 1037 4693 mentem
1052 4617 1319 4713 legislatorum,
1341 4615 1373 4692 si
1391 4619 1529 4695 sulutem
1548 4619 1718 4744 publicem
1740 4623 1978 4699 retrudendum

1899 4743 1978 4800 tem
