5017 5592
409 642 483 722 os
501 637 643 718 ussto
661 635 728 714 ss
750 634 992 716 osuumo
1013 635 1208 714 esseut.
1225 634 1364 720 sees.
1386 635 1546 719 osam.
1564 641 1801 724 rounam.
1817 654 1887 746 to,

364 799 383 912 l
514 827 625 920 Qum
650 765 784 891 ἧτιιιιιιιι
804 811 946 914 proinde
974 816 1162 916 presidium
1185 813 1394 892 subditorum
1418 823 1646 896 communium
1668 823 1812 900 libertati
1836 827 1892 901 ad·

414 918 530 996 versus
554 918 767 991 arbitrarium
791 918 1044 1013 Superioritaris
1065 915 1159 991 usum
1186 921 1220 989 in
1245 915 1354 1086 pallis
1378 917 1574 1015 specialibus
1596 946 1712 996 mutua
1735 925 1893 1000 duntaxat

413 1022 653 1099 conventione,
678 1039 784 1111 eaque
801 1011 919 1112 sapius
945 1038 1093 1098 extorta,
1124 1015 1241 1088 conclu
1258 1041 1285 1087 rs
1308 1016 1398 1109 leges
1419 1021 1559 1114 lmperii
1580 1017 1770 1106 adllruum,
1795 1047 1893 1122 aeque

415 1140 509 1194 certe
528 1117 693 1196 stlidum,
719 1118 788 1184 imo
809 1108 929 1184 lortius
946 1113 1096 1206 ¹Ecclesris
1120 1135 1219 1208 atque
1241 1113 1471 1187 Ecclesiaslicis
1494 1111 1644 1214 personis
1665 1121 1841 1214 privilegia
1856 1121 1893 1196 dt

413 1221 499 1318 Jure
513 1212 688 1308 singularia
708 1209 837 1304 legibus
853 1207 1046 1306 ipsismet&
1064 1207 1323 1284 concellionibus
1340 1209 1506 1284 munificis
1530 1217 1779 1311 Imperatorum
1803 1240 1894 1292 ante
2003 1213 2008 1224 ’

413 1309 580 1388 celsorum
597 1335 633 1383 ac
650 1312 790 1405 lmpcrii
807 1332 867 1378 ceu
882 1307 1002 1389 sontis,
1027 1334 1066 1381 est
1080 1334 1149 1405 quo
1163 1312 1196 1379 in
1214 1313 1364 1406 lmperio
1380 1315 1413 1381 in
1429 1309 1660 1385 subordinatus
1673 1337 1894 1413 quoscunque

441 1409 561 1485 otellss
584 1405 762 1507 profluxit,
790 1404 920 1476 firmata
943 1403 1207 1487 subministrant,
1230 1430 1268 1479 ut
1294 1431 1349 1480 ote
1370 1407 1492 1505 quibua
1517 1413 1627 1482 Status
1654 1411 1894 1488 &Ministerii

413 1437 465 1584 sui
482 1510 644 1602 dignitas,
669 1529 769 1603 etque
784 1500 950 1577 ueceslitas
966 1503 998 1575 dr
1014 1500 1150 1600 insignia
1170 1507 1204 1575 in
1219 1431 1324 1600 iptim
1342 1506 1598 1607 Rempublicam
1614 1511 1732 1582 merita
1748 1532 1892 1607 propter

413 1611 482 1682 Dei
504 1632 542 1680 ac
568 1605 772 1697 Religionis,
805 1600 900 1696 cujus
923 1599 1072 1674 Minillti
1094 1599 1187 1683 sunt,
1219 1604 1404 1697 bonorem,
1443 1609 1698 1702 prerogotivam
1723 1609 1892 1706 quendam

413 1705 612 1790 conciliant,
638 1726 712 1801 que
727 1725 746 1773 a
763 1702 891 1775 caeteris
906 1699 1139 1774 communibus
1162 1699 1252 1775 baud
1270 1697 1317 1776 cll
1330 1701 1521 1778 invidenda.

1046 1921 1077 2005 ς.
1126 1911 1277 1988 xxtx.
1670 1965 1728 2036 3

539 2073 665 2166 Neque
679 2089 761 2140 vcro
773 2061 910 2165 ipsimet
924 2063 1135 2139 Ecelelisslici
1152 2067 1216 2140 hoc
1229 2067 1342 2160 legum
1356 2066 1577 2142 humanarum
1592 2068 1781 2169 presidium
1802 2066 1894 2145 infir·

411 2191 511 2247 mum
526 2165 584 2240 fibi
598 2163 661 2238 else
677 2163 879 2246 existiment,
904 2186 960 2236 aut
974 2164 1141 2242 libertates
1164 2162 1235 2237 sues
1258 2161 1469 2239 labefaslatas
1492 2169 1688 2251 inclament,
1715 2172 1779 2243 boc
1800 2167 1891 2265 ipso,

414 2266 511 2366 quod
537 2288 690 2358 megnam
715 2263 847 2333 illarum
870 2286 999 2359 partem
1015 2266 1091 2358 Juri
1112 2263 1225 2334 divino
1243 2259 1492 2347 subtrahamus,
1520 2267 1718 2340 &humano
1736 2268 1893 2342 duntaxat

413 2365 616 2440 tribuamus.
668 2360 750 2475 Inde
765 2360 918 2474 videlicet
934 2355 1053 2472 inferri
1070 2361 1355 2474 animsdsertunt,
1374 2359 1457 2432 solas
1469 2363 1542 2434 illas
1555 2365 1735 2439 admodum
1753 2389 1894 2461 paucas,

414 2485 517 2562 atque
535 2464 568 2532 in
584 2455 760 2533 effcilalsus
778 2455 843 2528 suts
859 2454 1043 2540 rcslrrsias,
1068 2482 1142 2554 quae
1157 2458 1303 2529 divinem
1325 2457 1460 2555 prorsus
1479 2465 1645 2555 originem
1668 2463 1807 2547 babent,
1831 2467 1895 2535 im·

413 2558 596 2638 mutabiles
617 2555 680 2629 else
701 2582 737 2628 sc
758 2553 1045 2652 indispensabiles,
1071 2581 1145 2652 que
1168 2556 1268 2628 nullis
1288 2557 1461 2627 bominum
1481 2565 1656 2633 contrariis
1681 2559 1810 2642 usibus,
1835 2581 1894 2633 aut
2002 2565 2007 2574 “

411 2655 947 2761 prescriptionibustemporum,
984 2675 1040 2726 sut
1062 2652 1192 2746 legibus
1212 2651 1454 2751 posterioribus
1475 2658 1617 2730 convelli
1639 2683 1676 2732 ac
1699 2653 1894 2731 ltbesallari

413 2751 547 2858 polline.
599 2759 683 2851 Qrae
699 2777 779 2825 vero
798 2754 934 2823 humani
949 2755 1043 2848 Juris
1067 2749 1157 2834 sunt,
1183 2748 1358 2846 longissimi
1381 2775 1438 2825 sut
1459 2757 1713 2830 immemorislis
1728 2757 1893 2851 temporis

413 2851 689 2954 prescriptione,
707 2874 763 2923 sut
780 2845 1036 2932 consuetudine,
1056 2850 1106 2923 sel
1122 2851 1221 2921 etiam
1236 2848 1366 2944 legibus
1383 2852 1415 2920 in
1425 2857 1631 2926 contrarium
1645 2851 1737 2951 posse
1750 2853 1894 2928 diminui

412 2953 471 3028 vel
485 2951 622 3024 sboleri.
674 2949 738 3022 Sed
754 2949 823 3021 hec
842 2943 1006 3020 couclulio
1022 2949 1098 3019 lieet
1114 2972 1179 3020 non
1200 2953 1333 3046 penitus
1352 2943 1534 3023 refellenda
1550 2949 1602 3036 srt,
1625 2950 1648 3024 ss
1665 2949 1737 3026 suas
1755 2945 1893 3048 insuper

415 3049 586 3147 supponat
600 3048 807 3121 conditiones
824 3043 1012 3141 requisites3
1038 3046 1168 3118 nullum
1185 3069 1294 3118 tamen
1308 3045 1541 3142 prejudicium
1561 3050 1679 3122 iisdem
1694 3045 1815 3132 insert,
1837 3069 1895 3122 aut

416 3173 487 3222 ⁰⁰¹¹
512 3171 538 3218 ²
565 3170 607 3218 ⁰⁶
629 3141 946 3243 P‘fllm‘st‘ndum’
974 3167 1074 3238 (ΨΜ
1097 3144 1197 3224 illud,
1231 3147 1322 3241 quod
1342 3170 1380 3216 er
1396 3143 1524 3217 detesla
1544 3151 1743 3245 opinionum
1759 3147 1896 3220 illarum

416 3171 694 3320 stholallicsrun
709 3243 751 3312 de
766 3246 850 3337 Jure
865 3243 897 3308 in
914 3239 1001 3309 bil'cc
1018 3239 1115 3310 rebus
1132 3241 1373 3337 temporalibus
1396 3247 1518 3315 Divino
1537 3250 1678 3318 nimium
1699 3245 1895 3340 hyperboli-

415 3365 533 3418 carum
548 3337 686 3413 salsitate
703 3338 819 3436 suapte
843 3334 959 3432 sponte
984 3335 1015 3406 dt
1038 3360 1155 3407 natura
1175 3333 1398 3433 consequitur.
1447 3339 1539 3435 Julla
1563 3347 1651 3413 enim
1668 3341 1708 3413 lic
1725 3339 1802 3414 esset
1820 3335 1893 3436 eju‘a

414 3438 628 3518 retrallatio,
655 3436 746 3535 quod
761 3461 821 3531 per
835 3458 987 3506 errorem
1004 3434 1036 3504 dr
1053 3457 1090 3505 ex
1107 3431 1185 3505 fall's
1200 3434 1295 3505 csusa
1307 3460 1370 3532 per
1384 3433 1633 3534 Arstccessqrurn
1650 3437 1895 3534 simplicitatem
2052 3513 2056 3522 ,
2080 3437 2088 3450 “

416 3537 693 3632 &ignorantium
714 3530 822 3607 fuisset
842 3532 1024 3603 indultum.
1071 3535 1139 3603 His
1158 3555 1293 3604 econtrs
1317 3534 1350 3604 in
1375 3536 1570 3631 principiis,
1598 3539 1758 3634 quamdiu
1779 3533 1895 3610 soltem

414 3637 595 3811 privilegis
619 3633 784 3729 ejusmodi
807 3628 972 3728 superiori
998 3630 1071 3722 lcge
1094 3630 1220 3701 indulta
1242 3628 1301 3701 usu
1323 3634 1453 3723 vigent,
1479 3656 1539 3703 nec
1555 3632 1896 3732 prevaluitoppolite

433 3737 562 3830 egitimi
580 3737 741 3828 temporis
758 3726 979 3810 consuetudo,
997 3731 1047 3798 vel
1065 3728 1114 3799 lex
1132 3725 1296 3825 pnllcrior
1311 3733 1450 3826 imperii
1466 3737 1635 3804 communi
1652 3735 1803 3803 Statuum
1818 3757 1896 3802 cors·
2050 3771 2053 3784 =

413 3829 512 3908 sensu
525 3832 614 3903 edita
629 3856 695 3899 non
714 3829 906 3918 derogavit,
933 3850 1031 3897 nemo
1054 3822 1195 3897 inferior
1221 3823 1328 3921 potcll
1352 3829 1470 3898 iisdem
1489 3828 1652 3924 derogare
1669 3836 1752 3902 citra
1771 3827 1896 3923 injussi·

417 3935 502 4005 tiam
519 3951 721 4023 gravemque
735 3930 798 3996 Dei
817 3921 989 3995 offensam.
1042 3925 1229 4017 Legislator
1245 3925 1360 3995 itidem
1377 3926 1569 4018 derogando
1585 3953 1619 3999 ac
1637 3927 1823 3999 revocando
1839 3924 1895 4000 sua

416 4027 568 4103 abutitur
592 4023 769 4122 potellate,
797 4020 854 4092 nist
878 4019 1070 4093 cessantibus
1095 4022 1249 4092 omnibus
1268 4023 1326 4102 iis,
1353 4046 1426 4118 qua
1451 4023 1677 4097 Anteccllores
1700 4047 1896 4110 moverunt,

416 4125 606 4202 rosionibus
630 4121 770 4218 publicis
787 4118 904 4191 diuersi
931 4121 1103 4214 quidpiam
1123 4115 1289 4193 necessitas
1311 4145 1368 4190 sut
1389 4121 1513 4191 arilina
1538 4124 1670 4218 publica
1695 4123 1895 4194 assalierunt

416 4227 534 4317 legum
552 4225 774 4293 irritationcm
790 4220 868 4286 alias
884 4215 1036 4311 requifirs
1057 4225 1173 4314 erigat.
1222 4229 1334 4313 Atque
1350 4219 1412 4290 boc
1425 4220 1559 4315 quidem
1577 4245 1753 4292 commune
1762 4217 1807 4290 est
1818 4243 1895 4294 cum

381 4353 400 4366 ·
416 4321 574 4396 omnibus
597 4341 875 4418 quorumcunque
902 4319 1075 4384 bominum
1100 4322 1200 4386 etiam
1224 4323 1453 4411 privatorum,
1488 4341 1543 4388 aut
1566 4319 1795 4411 collegiorum
1816 4343 1897 4416 qua·

416 4422 568 4494 liumcun
596 4443 639 4488 ue
653 4412 874 4512 profanorum
892 4415 924 4481 in
943 4412 1124 4508 Republica
1140 4411 1498 4510 exilientiumJurtbus
1515 4439 1608 4490 mere
1623 4417 1793 4498 civilibus,
1813 4441 1897 4513 quo·
1925 4441 1935 4456 ⁸

416 4542 497 4592 rum
514 4443 663 4614 possessio
677 4517 795 4592 durat,
820 4534 858 4581 ut
873 4535 937 4580 non
955 4510 1018 4581 fine
1035 4507 1189 4604 injustitia
1206 4511 1343 4601 &gravi
1362 4535 1497 4606 peccato
1514 4514 1634 4610 aliquis
1654 4539 1692 4587 ea
1717 4511 1897 4602 insrsngat,

417 4613 545 4694 etiami
567 4614 717 4710 elloquio
736 4605 857 4711 polllnt
870 4633 934 4707 per
957 4634 1022 4682 non
1040 4614 1134 4682 ulum
1157 4612 1278 4681 amitti.
1329 4612 1502 4706 Quantum
1517 4638 1597 4690 vtro
1616 4613 1658 4687 ad
1678 4609 1897 4688 Ecclelialliea

1132 4708 1326 4806 Gesta
1825 4708 1899 4806 cri
