5017 5592
679 625 1198 752 ¹ttieJunncnusnuuo
1217 647 1589 728 tutuamnttun
1607 639 1832 733 evucurt
1925 678 2019 755 ω.-
2076 699 2084 708 -

506 829 602 903 modi
618 832 844 927 privationem
859 831 953 903 flocci
972 831 1117 927 pendat,
1138 855 1253 904 utrum
1269 828 1378 906 Cacsar
1397 832 1647 917 executoribus,
1680 821 1718 906 ut
1739 829 1896 908 facultate
1919 856 1999 913 coo-1
2058 831 2072 855 ⁸

506 925 642 1002 ferendi
664 928 812 1026 precistae
836 927 1055 1014 beneficium,
1089 930 1129 1002 ad
1150 931 1241 1027 quod
1268 934 1457 1004 nominatus
1482 926 1563 1015 fitit,
1599 951 1758 1014 utentur,
1797 933 2000 1008 demandare

504 1022 631 1126 pellit?
680 1030 773 1099 Huic
789 1026 960 1124 quaellioni
977 1053 1014 1099 ut
1035 1025 1155 1099 faciam
1172 1026 1265 1109 satis,
1293 1033 1406 1125 primo
1424 1028 1512 1125 apud
1533 1028 1740 1101 orthodoxos
1759 1033 1792 1100 in
1817 1054 1995 1126 comperto

510 1123 555 1241 eli
574 1177 590 1216 „
605 1122 806 1290 §astrifero
819 1128 904 1197 laico
921 1126 997 1222 jure
1015 1128 1074 1197 luo
1089 1151 1155 1196 non
1171 1150 1365 1241 competere
1378 1122 1650 1243 juseopferendi
1662 1123 1843 1239 beneficia,
1861 1131 1926 1242 ado
1939 1152 1998 1225 pe·

510 1221 1540 1418 ilii:ledii‘tiltlssssd,iiiiii-ill:llillll:
1555 1225 2000 1419 lililllli¹÷lT555b⁸¹d
2091 1311 2108 1334 ⁸

512 1423 555 1492 cri
573 1444 718 1491 canones
734 1416 848 1515 paffim
863 1418 1072 1535 adseverent:
1113 1423 1176 1533 lli.
1199 1416 1290 1516 polle
1316 1423 1350 1535 id
1367 1415 1484 1533 'fac-ere
1502 1420 1580 1515 jure
1603 1418 1659 1491 sibi
1675 1444 1694 1489 a
1708 1416 1784 1534 sede
1804 1417 1996 1516 Apostolice

514 1514 1393 1701 filiiiessssltiislldlnbllitnllllll?
1410 1521 1816 1716 iiiirii'iiifmm'i
1841 1541 1916 1591 ‘⁸¹¹¹
1936 1539 1999 1618 μ’·
2037 1563 2044 1574 ’

1177 1857 1211 1961 t.
1258 1859 1359 1937 vn.

609 2024 737 2103 Officio
752 2031 934 2123 exequendi
957 2052 1073 2128 preces
1089 2032 1264 2126 primarias
1285 2029 1426 2127 quilibet
1448 2030 1483 2102 in
1507 2025 1648 2103 solidum
1673 2024 1877 2130 defungendi
1903 2044 2000 2125 pote·
2111 2103 2115 2110 ,

523 2121 636 2200 lletem
654 2127 770 2205 heber,
798 2129 838 2196 ad
858 2130 951 2225 cujus
968 2154 1077 2200 tamen
1098 2134 1291 2201 exercitium
1308 2130 1511 2201 desideretur
1527 2125 1612 2200 satta
1626 2155 1644 2200 a
1660 2126 1799 2225 prectsta
1814 2124 1997 2222 requisitio,

518 2249 680 2322 ptaeterea
700 2247 766 2293 non
787 2250 913 2298 temere
929 2229 968 2297 ad
987 2226 1086 2297 solius
1104 2224 1251 2321 pcccistae
1266 2229 1460 2320 querelem,
1484 2224 1537 2297 led
1561 2227 1654 2322 prius
1677 2250 1754 2297 vero
1780 2249 1817 2296 ex
1842 2220 1999 2295 omnibus

519 2321 771 2395 cirettmllsntns
794 2324 905 2395 batilla
932 2321 1188 2404 informatione,
1220 2330 1399 2397 comitante
1426 2327 1601 2420 prudentie
1623 2326 1727 2400 aciem
1749 2325 1870 2393 mentis
1892 2324 2001 2390 interr·

521 2421 616 2491 dente
633 2425 666 2490 in
685 2418 800 2491 statura
816 2424 846 2491 dt
863 2422 1117 2494 conlitetudines
1134 2425 1345 2493 rationabile
1360 2419 1606 2524 ficticiorum,
1630 2422 1670 2491 eb
1688 2424 1729 2492 iis
1748 2418 1999 2516 procedendum
2081 2505 2095 2514 ·

521 2516 563 2589 cti
585 2518 773 2613 &quidem
794 2525 817 2591 l.
835 2524 1023 2591 monitorias
1044 2522 1084 2590 ali
1100 2523 1139 2590 iit
1157 2522 1260 2590 litere
1281 2521 1320 2589 ad
1336 2521 1531 2592 collatorem
1552 2520 1733 2611 dirigendae
1751 2515 1841 2599 sunt,
1868 2517 1900 2587 vi
1922 2536 2003 2610 que·

521 2640 595 2687 rum
612 2616 653 2685 ed
673 2611 914 2687 conferendum
929 2621 1048 2690 mediis
1064 2618 1172 2689 edbue
1190 2614 1335 2712 pacificis
1351 2618 1538 2689 inducetur.
1572 2614 1651 2686 list
1669 2620 1795 2687 monite
1810 2612 1894 2683 nihil
1910 2612 2002 2712 cviq-

520 2736 612 2792 cant,
637 2711 797 2808 potestate
813 2718 973 2788 utendum
994 2715 1039 2785 cll
1060 2718 1199 2810 majori,
1226 2714 1410 2788 minitando
1434 2738 1547 2811 peenas
1566 2713 1619 2785 vel
1637 2713 1728 2809 juxte
1752 2710 2012 2783 constitutiones-

520 2814 661 2906 lmperri
684 2810 879 2904 infligendas
895 2814 945 2884 vel
962 2812 1113 2885 censuras
1131 2811 1376 2896 ecclesiasticas,
1408 2809 1509 2884 111.ss
1526 2811 1576 2882 hae
1591 2814 1688 2882 minse
1702 2805 1857 2881 incalium
1872 2805 2004 2878 evibre·

522 2931 559 2981 tae
575 2906 722 2991 fuerint,
747 2914 879 2980 tandem
898 2936 1069 3002 pernarum
1087 2913 1293 3003 irrogatione
1310 2912 1341 2982 dt
1361 2908 1525 2991 censuris,
1554 2932 1657 3006 prout
1680 2908 1800 2979 melius
1821 2903 2003 2989 videbitur,

523 3030 598 3080 eum
614 3007 821 3102 compellere
839 3008 981 3105 poliunt.
1025 3015 1087 3084 lV.
1105 3007 1126 3080 st
1143 3012 1194 3080 itis
1211 3034 1347 3104 quoque
1363 3006 1498 3079 inflictis
1516 3035 1533 3077 a
1549 3009 1756 3079 contumacia
1772 3022 1838 3076 noo
1854 2999 2001 3084 desistet,

524 3102 687 3201 potellete
705 3129 722 3175 e
737 3103 811 3176 sede
827 3108 1015 3194 Apotlnlica
1031 3103 1175 3178 convelle
1190 3104 1249 3202 ipli
1268 3106 1465 3177 beneficium
1488 3106 1652 3199 ejusmodi
1677 3100 1823 3199 pteeistae
1845 3095 2002 3173 conferre

524 3225 695 3300 poterunt.
754 3203 816 3273 Sed
834 3231 874 3276 eo
898 3231 1067 3297 nunquam
1095 3228 1151 3274 aut
1174 3202 1333 3276 rarillime
1359 3204 1506 3274 deveniri
1529 3200 1625 3273 solet:
1660 3227 1735 3272 nam
1759 3202 1839 3271 dum
1857 3198 2001 3271 collator
2137 3275 2141 3286 ,

525 3299 675 3399 precistae
695 3298 827 3385 resiliit,
855 3299 951 3375 facile
969 3301 1010 3371 ab
1025 3328 1089 3372 una
1113 3301 1164 3372 vel
1180 3302 1282 3371 altera
1299 3327 1395 3397 parte
1410 3299 1448 3369 ad
1464 3300 1609 3395 judicent
1626 3321 1840 3393 provocetur,
1853 3294 1911 3367 ubi
1926 3317 2002 3367 exe·

524 3407 655 3470 tutores
672 3395 738 3469 sese
753 3399 811 3471 lite
828 3398 970 3495 desuper
983 3426 1056 3472 orta
1076 3398 1232 3471 &adhuc
1248 3399 1413 3496 pendente
1435 3396 1494 3497 ipit
1514 3395 1743 3470 controverltae
1758 3399 1912 3488 ingerere
1932 3416 2004 3465 nott
2102 3387 2113 3402 ’

526 3496 661 3576 debent,
688 3520 807 3591 utpote
825 3496 945 3595 quibus
961 3524 1027 3569 noo
1045 3498 1166 3594 judicis
1188 3493 1358 3581 officium,
1391 3494 1445 3567 sed
1470 3497 1654 3567 executoris
1679 3492 1914 3564 demandatum
1936 3487 2002 3562 est:
2025 3507 2029 3519 '

527 3589 676 3689 liitaqoe
693 3594 744 3663 liri
760 3591 833 3665 linis
849 3593 1021 3691 impolitus
1042 3600 1075 3667 in
1097 3590 1245 3667 favorem
1265 3590 1412 3691 precillae
1433 3588 1554 3672 fuerit,
1580 3613 1651 3662 tum
1667 3589 1768 3661 modo
1788 3612 1904 3659 eorum
1932 3608 2007 3656 mu·

528 3716 603 3761 nere
617 3694 820 3785 implorato,
847 3695 1031 3764 executioni
1048 3718 1163 3789 preces
1181 3694 1261 3763 dere
1280 3712 1457 3787 poterunt:
1483 3687 1505 3760 st
1531 3711 1610 3762 vero
1631 3711 1722 3758 extra
1744 3684 1887 3760 orbitarn
1912 3705 2008 3780 pote·

531 3784 612 3859 litis
628 3786 750 3859 Caesari
772 3787 925 3862 concellae
939 3791 1110 3888 Judicium
1129 3793 1267 3885 Imperii
1292 3787 1521 3955 abtqpetetur,
1549 3808 1664 3856 contro
1686 3785 1761 3881 jure
1785 3780 2005 3854 Eccleltarum

550 3886 605 3957 uid
622 3910 740 3983 aperte
755 3885 944 3969 statuendo,
966 3913 1176 3967 executores,
1200 3910 1274 3958 utut
1289 3887 1348 3957 Ele
1385 3909 1460 3955 ores
1475 3908 1531 3955 aut
1548 3885 1721 3979 Principes
1737 3882 1877 3977 Imperii
1892 3878 2004 3950 Eccle-

531 3908 638 4055 isstici
656 3981 732 4065 sint,
760 3986 924 4079 ejusmodi
941 3983 1137 4060 decisionem
1155 3984 1338 4078 legitimam
1353 3983 1477 4055 habere
1495 3982 1584 4055 heud
1601 3982 1739 4061 debent,
1765 3979 1818 4052 sed
1836 3980 1946 4074 potius
1965 3971 2008 4046 ed

535 4076 687 4153 intends
704 4078 787 4153 serto
803 4081 890 4154 telle
905 4084 959 4154 illa
974 4083 1068 4179 jura,
1093 4107 1166 4180 quae
1182 4087 1397 4156 imminutum
1421 4084 1481 4154 ivit
1499 4081 1572 4154 telis
1596 4078 1773 4160 sententia,
1805 4076 2009 4171 imperatori

533 4175 767 4250 informatione
784 4180 816 4252 dc
835 4180 1110 4255 remonstratione
1126 4185 1291 4276 equitatis
1310 4182 1342 4254 dc
1358 4177 1589 4252 venerationis¹
1600 4176 1752 4248 Caelareae
1769 4170 1935 4265 Maiestati
1953 4171 2010 4243 de·

471 4339 474 4350 .
535 4270 603 4348 bite
619 4274 749 4370 bajula,
775 4280 941 4350 inculcare
962 4305 1020 4352 eos
1039 4302 1191 4375 oportet,
1217 4280 1307 4371 quod
1326 4278 1400 4374 jure
1421 4276 1563 4371 jurando
1587 4278 1620 4343 in
1636 4269 1939 4371 capitulationibus
1960 4270 2010 4363 ju·

534 4396 581 4455 te,
607 4372 725 4445 statute
743 4373 1044 4450 &conluerudines
1061 4372 1274 4448 rationabiles
1293 4373 1512 4447 Ecclesterum
1532 4374 1820 4470 Germanicetutu¹
1837 4366 1903 4446 sele
1926 4388 2011 4442 tute·

535 4490 643 4547 tecum
665 4471 839 4571 pollicitus
853 4470 975 4562 fuerit,
1000 4499 1037 4549 ec
1052 4472 1196 4577 proinde
1212 4472 1323 4551 eidem
1337 4472 1567 4549 contravenire
1581 4491 1739 4572 nequest.
1880 4529 1898 4562 ,

1275 4742 1338 4822 Ec
1361 4762 1387 4823 s
1854 4733 1888 4838 §-
1906 4730 2014 4819 vm.
