5017 5592
579 599 688 738 aaz
1005 586 1641 753 ”urss'aaratlo

612 839 771 931 Episcopus
786 825 905 919 casem
919 824 1080 923 inspexerit
1093 826 1303 919 aeceffatietn,
1329 828 1411 903 litite
1425 830 1537 918 peterit
1550 829 1659 899 dettta
1681 828 1741 897 lact
1756 827 1799 897 ad
1812 826 1907 898 etlam
1929 828 2106 918 transferte

614 927 1086 1103 llssstllflltlld·
1102 927 1452 1117 l5.¹,⁹ll‘ll'‘.·,.lli
1469 920 2107 1120 llsslillltilstd,ll‘l‘ltll

620 1151 757 1203 eatenus
784 1149 921 1221 quoque
949 1122 1136 1194 accedimus
1159 1122 1301 1213 allegato
1331 1125 1555 1213 Beanuro
1582 1121 1614 1192 dt
1639 1146 1702 1220 per
1732 1121 1872 1194 modum
1896 1120 2106 1195 Caurelead

592 1263 596 1268 ¹
621 1225 792 1301 evitandas
807 1221 883 1293 lites
900 1217 1075 1293 aPr'ecissa
1096 1214 1208 1291 forsan
1232 1215 1355 1291 frivole
1372 1220 1553 1291 movendas
1570 1218 1730 1293 inservire
1751 1223 1894 1316 poterit,
1918 1216 1942 1290 st
1962 1220 2106 1316 majoris

622 1324 808 1399 securitatis
828 1315 922 1391 causa
941 1339 1169 1414 permutantes
1186 1318 1228 1389 de
1245 1314 1393 1417 l’tecissae
1413 1315 1569 1389 consensu
1584 1316 1644 1389 snt
1658 1316 1805 1400 solliciti,
1830 1317 1883 1391 vel
1904 1324 2106 1414 permitten·

624 1424 713 1497 tibus
729 1420 812 1490 illud
836 1414 1089 1490 circumstantiis
1109 1414 1268 1487 differant
1290 1421 1591 1510 permutationem,
1608 1417 1713 1489 donec
1727 1413 1869 1488 Precista
1882 1414 1923 1487 de
1941 1414 2106 1491 beneficio

492 1513 494 1517 ’
624 1520 666 1595 sit
688 1515 859 1615 provisus,
882 1514 1068 1610 &quidem
1087 1538 1127 1584 eo
1149 1521 1273 1605 magis,
1298 1538 1374 1584 cum
1398 1512 1540 1594 conflet,
1560 1518 1727 1611 principia
1750 1514 1885 1608 Conslit
1909 1517 2105 1612 Imperialis

626 1620 739 1696 Aulioi
756 1622 790 1687 in
807 1614 1026 1709 dijudicandis
1042 1608 1143 1683 causta
1166 1614 1404 1708 primariorum
1429 1637 1567 1708 precum
1584 1637 1624 1682 eo
1640 1613 1818 1692 inclinare,
1842 1637 1881 1684 ut
1900 1637 1965 1708 pro
1993 1637 2106 1687 exten·

627 1717 718 1792 sone
730 1716 857 1811 jurium
873 1714 1111 1811 primariorum
1130 1733 1269 1805 precum
1284 1709 1316 1780 dt
1332 1711 1532 1806 plerumque
1545 1715 1580 1781 in
1594 1707 1743 1782 savorem
1761 1708 1978 1782 Preciliorum
1995 1708 2105 1783 feran·

577 1846 580 1850 ’
624 1840 687 1891 tur
706 1814 898 1894 sententiam
924 1811 1058 1880 interim
1083 1833 1148 1887 ea,
1171 1834 1244 1903 quae
1265 1831 1330 1905 pro
1353 1817 1489 1881 cautelis
1512 1807 1695 1881 inserviunt
1716 1809 1749 1879 dt
1768 1803 1843 1881 sunt
1866 1806 2012 1894 consilii,
2038 1835 2106 1882 non

629 1916 706 1988 sunt
725 1906 937 1990 necellltatis,
957 1932 1015 1978 nee
1032 1903 1188 2001 sequetur
1201 1908 1345 1987 exinde,
1371 1908 1462 2003 quod
1490 1905 1630 1977 Precilla
1651 1904 1822 1978 fundatam
1847 1910 1880 1978 in
1901 1908 1978 2001 jure
1998 1910 2106 1981 inten-

631 2018 759 2086 tionem
781 2009 899 2080 habeat
913 2006 954 2076 ad
975 2004 1188 2076 Praebendam
1202 2030 1240 2075 ex
1254 2001 1338 2099 julla
1354 2009 1613 2101 permutatione
1634 2031 1670 2076 tc
1691 2004 1805 2076 l'altem
1826 2006 2055 2079 conditionate
2071 2006 2105 2079 dt

632 2104 759 2184 nonnis
775 2111 807 2178 in
824 2103 915 2177 sensu
932 2106 1122 2199 improprio
1138 2127 1327 2182 vacantem,
1354 2129 1462 2197 neque
1481 2106 1621 2174 intentio
1642 2100 1867 2196 Augusliffimi
1884 2107 2107 2199 Imperatoria

633 2205 698 2280 esse
714 2202 836 2302 potest,
860 2225 898 2273 ut
913 2199 1095 2271 Consilium
1112 2201 1298 2295 lmperlale
1321 2200 1541 2295 Aulicumjus
1567 2206 1804 2296 primariorum
1829 2205 2109 2298 precumcontre
2141 2271 2149 2284 ,

630 2307 716 2405 juris
733 2304 917 2395 analogiam
934 2304 966 2368 in
985 2300 1213 2395 prejudicium
1229 2301 1318 2369 tertii
1334 2298 1387 2394 jus
1403 2298 1573 2393 questum
1591 2303 1738 2396 anterius
1763 2299 1912 2371 habentis
1934 2303 1985 2373 vel
2005 2305 2038 2373 in
2054 2303 2107 2373 de·

634 2412 830 2477 trimentum
848 2399 1059 2469 authoritatis
1083 2395 1289 2493 Episcopalis
1314 2394 1552 2468 beneficiorum
1580 2400 1860 2496 permutationem
1884 2423 1949 2493 pto
1968 2403 2108 2481 eircums

570 2526 573 2532 ·
636 2499 762 2575 slantiis
778 2494 955 2571 necessario
972 2495 1126 2567 dillantis
1141 2496 1312 2576 extendat,
1338 2491 1392 2564 sed
1417 2499 1528 2591 potius
1545 2520 1584 2567 ut
1608 2502 1694 2567 intra
1715 2496 1884 2588 legitimos
1903 2492 2031 2571 limites
2049 2502 2109 2570 lle·

635 2594 999 2693 servatum'lmpetiale
1014 2616 1128 2665 eontra
1146 2592 1280 2688 injullas
1297 2592 1493 2665 violationes
1509 2617 1658 2677 tueatur,
1682 2620 1790 2692 aeque
1810 2600 1908 2666 etiam
1925 2594 2108 2669 Consilium

636 2695 819 2796 Imperiale
839 2694 994 2766 Aulicum
1016 2718 1080 2789 pro
1101 2689 1156 2764 sua
1184 2686 1369 2763 inserendis
1390 2690 1557 2764 sententiis
1579 2702 1734 2789 equitate
1756 2691 2109 2790 perpensa-argumen-

634 2819 748 2873 torum
765 2793 894 2867 anobis
918 2787 1162 2890 produllorum
1179 2794 1342 2885 gravitate
1354 2788 1513 2888 justitiam
1527 2791 1629 2864 causa
1646 2789 1790 2865 fundata
1808 2792 1995 2886 denegabit.
2023 2794 2079 2866 Ad

752 2966 903 3036 Tertiam.
935 2954 1111 3055 supposta
1134 2958 1360 3033 antecedentis
1383 2959 1585 3034 certitudine
1608 2968 1619 3031 i
1623 2966 1636 3049 l
1652 2986 1771 3055 magna
1793 2960 1839 3033 etl
1869 2960 2045 3062 disparitas
2061 2966 2109 3036 in·

631 3083 687 3140 ter
710 3058 994 3161 permutationem
1017 3054 1256 3130 beneficiorum
1279 3085 1316 3129 ex
1334 3056 1429 3155 jussis
1450 3059 1551 3132 sauss
1577 3060 1727 3153 legitime
1750 3059 1919 3160 peraslam
1935 3112 1945 3144 ,
1962 3063 2003 3135 tit
2017 3066 2108 3136 inter

631 3159 887 3252 resignationem
903 3158 1050 3250 unice-in
1067 3152 1218 3227 satorem
1236 3152 1377 3242 fallam,
1394 3158 1465 3230 illa.
1485 3156 1508 3230 ll
1530 3162 1617 3230 intra
1638 3157 1740 3252 justos
1759 3161 1881 3233 limites
1904 3186 2108 3244 exerceatur,

632 3256 795 3332 fundalut
811 3254 931 3349 injure
948 3259 1118 3326 Canonico
1133 3255 1167 3325 dt.
1182 3258 1316 3350 antiqua
1332 3257 1400 3351 jam
1424 3255 1575 3329 Ecclefiae
1592 3256 1781 3355 disciplina,
1803 3261 1833 3329 vi
1856 3259 1951 3354 cujus
1973 3261 2110 3331 tritula·

633 3361 741 3430 tiones
758 3356 1077 3450 &permutationes
1100 3350 1375 3425 benefictatorum
1391 3351 1508 3448 saepius
1526 3354 1664 3436 fiebant,
1690 3359 1736 3450 lo)
1756 3354 1932 3449 resgnatio
1947 3381 2059 3429 atttem
2076 3362 2109 3427 in

548 3507 550 3510 -
635 3452 786 3528 favorem
804 3450 850 3524 est
866 3468 1017 3530 creatura
1041 3456 1189 3522 novioris
1213 3450 1325 3523 saltem
1351 3475 1490 3547 praxeos
1517 3451 1742 3533 beneficialis,
1768 3459 1797 3546 l)
1814 3460 1847 3525 in
1872 3455 1998 3552 punsln
2017 3460 2109 3553 Juria

635 3556 796 3629 canonici
813 3575 880 3623 non
894 3546 1031 3623 fundata
1038 3598 1049 3635 ,
1077 3554 1147 3622 imo
1163 3574 1322 3649 tanquam
1337 3548 1455 3624 abusus
1473 3550 1653 3650 disciplinae
1671 3550 1897 3626 Ecclesiastico
1916 3554 2018 3653 plane
2033 3580 2111 3652 pro·

2020 3650 2112 3760 scri·

676 3822 706 3903 t)
726 3817 799 3884 Into
814 3815 928 3879 dantur
941 3814 1033 3879 molti
1046 3813 1119 3888 June
1137 3813 1274 3879 consulti
1289 3834 1354 3878 non
1371 3813 1434 3879 line
1447 3815 1622 3879 rationibus
1641 3826 1814 3897 negantes,
1832 3818 1983 3883 beneficia
1998 3819 2112 3886 Eccle-

752 3899 869 3964 siastico
887 3900 972 3961 bona
995 3896 1105 3959 fide&
1127 3918 1191 3958 non
1213 3898 1382 3978 praeciseiu
1411 3897 1550 3960 fraudem
1576 3898 1714 3961 Preoista’.
1739 3903 1890 3983 resignata
1904 3906 1943 3972 ,in
1967 3904 2115 3969 savorem

752 3982 888 4063 alicujus
905 3998 1017 4041 vacate
1029 3980 1066 4040 ad
1083 3979 1229 4043 effessum
1249 3979 1376 4043 Precum
1399 3981 1631 4062 imperialium:
1656 3985 1686 4043 iu
1710 3981 1762 4045 sa
1773 4005 1856 4047 asar
1867 4005 1889 4045 ο
1901 4006 2032 4050 nsrr1
2057 3989 2114 4051 Hi-

750 4067 849 4151 florin
880 4059 988 4144 Eccles.
1015 4061 1189 4142 Hamlrorg.
1213 4061 1244 4125 P.
1262 4066 1285 4125 l.
1306 4062 1335 4123 's
1337 4083 1414 4124 omo
1426 4064 1467 4127 ll.
1491 4085 1520 4146 p.
1542 4084 1610 4147 537.
1633 4065 1698 4126 duo
1725 4080 1837 4129 extant
1857 4067 2009 4146 Responsa
2029 4069 2114 4144 Juris

755 4168 822 4210 non
843 4149 1032 4211 inconcinne
1052 4142 1243 4210 oblimllem
1268 4145 1368 4207 casum
1393 4147 1431 4209 A.
1456 4165 1543 4229 ¹707·
1567 4153 1598 4212 in
1620 4146 1768 4226 Capitulo
1790 4149 1962 4233 Hamburg.
1976 4164 2116 4218 'enatum

755 4230 935 4305 elaborata,
954 4229 1009 4293 ubi
1028 4245 1087 4311 pro
1110 4226 1325 4309 Refiguatatio
1342 4227 1568 4310 responderant
1586 4227 1755 4295 facultates
1771 4230 1926 4313 juridicae.

654 4378 721 4461 l)
746 4374 965 4521 (sddlnfsovm
996 4353 1549 4459 Esran,'l’stomnss1noa,
1584 4382 1758 4448 Grarnr
1777 4381 1840 4451 &o
1866 4383 1907 4449 de
1932 4384 1998 4449 hoc
2019 4405 2118 4472 otgu-

682 4597 709 4679 l)
737 4590 846 4658 Praxis
862 4594 932 4658 ltaec
949 4594 1075 4657 demum
1095 4596 1166 4679 post
1190 4597 1384 4662 Clementem
1404 4598 1446 4665 V.
1472 4599 1659 4664 Pontificem
1678 4610 1769 4665 enata
1794 4602 1847 4667 sub
1867 4602 1991 4678 Joaune
2011 4601 2120 4672 XXII.

780 4677 954 4833 uippdtpap
973 4679 1013 4746 A.
1028 4683 1118 4764 1316.
1136 4681 1175 4748 ad
1192 4693 1284 4767 1338.
1299 4694 1399 4768 prout
1417 4682 1537 4749 latetur
1553 4682 1821 4753 Rroanrrus
1840 4688 1882 4753 nd
1898 4687 1976 4771 ltrg.
1996 4687 2122 4757 aanor.
