5017 5592
507 621 581 716 70⁸
963 557 1538 674 u1'ssuurn‘rto

577 835 579 840 -
625 787 690 857 Vl.
715 775 845 855 Possunt
861 801 915 852 res
937 801 1027 851 mets
1048 775 1194 850 rendere
1216 776 1391 858 haeretico,
1424 775 1560 869 Judaeo,
1590 775 1709 850 insumi
1726 776 1828 875 justu
1846 775 1925 849 illud
1944 779 1987 850 D.

477 947 480 954 .
510 880 678 970 Ambrosii
696 881 719 954 l.
739 905 770 972 5.
785 874 882 975 epill.
899 904 953 970 3¹·
1002 879 1180 949 Scribuntur
1196 875 1375 963 testoruentu
1390 879 1567 964 ternpiosuot
1580 872 1644 966 (id
1658 874 1707 947 est
1721 877 1919 964 idolorum)
1938 883 1991 946 tui·

509 987 631 1071 trilicis:
655 983 752 1052 nudus
767 982 914 1067 excipitur
934 974 1097 1068 profanus,
1123 977 1220 1042 nulius
1241 976 1353 1040 ultione
1373 977 1570 1051 erndttionis,
1592 973 1644 1054 {rit
1660 998 1702 1044 err
1717 977 1860 1045 annolus
1881 979 1991 1045 elaios

508 1088 560 1177 jus
571 1101 723 1151 conrnune
735 1080 897 1146 suenrus.
950 1075 1026 1142 Nec
1043 1068 1171 1141 obludit
1186 1073 1219 1140 S.
1240 1070 1386 1139 Hieron.
1404 1073 1439 1138 in
1455 1094 1510 1165 ep.
1530 1070 1569 1138 od
1587 1073 1847 1162 Nepotianum.
1895 1075 1991 1142 Pudet

510 1184 626 1254 diceres
653 1177 827 1248 sssertrres
840 1174 987 1241 idolorum
1005 1173 1040 1244 dd
1056 1192 1161 1260 turigo
1180 1167 1212 1238 dt
1228 1171 1325 1248 {sorte
1342 1171 1533 1238 hereditates
1546 1173 1689 1258 eupiunt:
1714 1175 1797 1242 Solis
1815 1171 1938 1240 claritis
1954 1172 1991 1245 δ’

510 1276 682 1352 Monstbn
700 1275 752 1340 ires
769 1291 781 1339 t
800 1292 898 1338 msere
913 1269 1101 1354 prohibeturs
1127 1291 1185 1334 non
1200 1288 1220 1333 o
1234 1266 1490 1361 persecutoribus,
1512 1268 1564 1347 led
1588 1268 1781 1360 Principibus
1805 1267 1990 1355 Christiania.

511 1375 640 1446 Rdent:
668 1369 731 1439 tela
757 1363 812 1434 illa
835 1360 916 1434 ferri
939 1360 1037 1459 supro
1059 1360 1209 1456 scopum.
1272 1363 1439 1432 Scotorum
1464 1363 1729 1433 amortinotionis
1758 1388 1830 1434 non
1852 1362 1990 1436 excludit

509 1465 670 1544 Ecclefias
688 1493 702 1530 a
720 1461 816 1532 bonis
831 1461 987 1530 omnibus
1002 1486 1040 1529 er
1061 1459 1253 1529 haercditoce
1266 1458 1454 1551 capiendis,
1477 1456 1531 1528 sed
1548 1483 1566 1528 u
1586 1453 1701 1530 fundis
1717 1457 1831 1532 solunt
1850 1486 1889 1533 ac
1903 1458 1991 1537 slahis,

510 1566 613 1641 libus.
667 1563 732 1632 odo
750 1563 852 1630 Forte
869 1557 965 1627 aliam
982 1580 1053 1629 tum
1072 1552 1168 1627 l'uclse
1190 1554 1408 1626 Ecrlcstorum
1426 1552 1562 1636 sacient,
1587 1557 1671 1627 alios
1693 1557 1870 1640 Clericoa,
1894 1557 1991 1629 altum

510 1660 608 1739 usum
624 1659 790 1730 botrorum
806 1651 1114 1725 Ecclesrallicotum.
1166 1651 1282 1723 Hodie
1297 1650 1455 1724 Ecclelios
1474 1653 1651 1748 plerosque
1665 1652 1839 1727 abundate
1854 1653 1990 1752 opibus,

512 1761 598 1834 adeo
617 1782 651 1827 ut
667 1759 723 1850 qui
740 1779 850 1848 porres
866 1749 1075 1832 clericorum
1098 1751 1159 1820 hae
1175 1751 1208 1818 in
1231 1747 1324 1820 ceusu
1346 1772 1501 1831 tuentur,
1526 1776 1592 1819 uon
1612 1774 1681 1822 tum
1698 1778 1768 1849 pro
1784 1755 1873 1828 aris.
1896 1774 1991 1849 qum

512 1854 598 1932 soors
615 1855 785 1924 decenne
802 1850 976 1922 videantur
1021 1851 1148 1943 Neque
1163 1849 1335 1943 Principes
1350 1843 1455 1920 solent
1469 1871 1590 1940 negare
1604 1849 1757 1945 diploma
1772 1853 1992 1924 nmorsizsrio·

513 1958 585 2035 uis,
611 1951 631 2020 li
647 1949 769 2021 curtiles
787 1945 995 2018 monasteriis
1012 1971 1079 2017 uon
1103 1941 1165 2016 else
1189 1942 1357 2040 procusum
1382 1945 1424 2015 de
1446 1967 1655 2038 competentur.
1705 1951 1761 2018 Ita
1783 1945 1991 2020 Anselmoiu

518 2057 699 2140 Trstonreno
718 2051 846 2139 Brigeco.
862 2067 891 2115 e.
910 2057 965 2134 87.
985 2049 1017 2135 §.
1039 2071 1072 2121 2.
1122 2043 1278 2124 Addens,
1302 2045 1335 2111 in
1350 2041 1563 2138 expediendis
1577 2042 1685 2114 literis
1697 2049 1991 2118 emortizationunt

509 2153 564 2244 jus
579 2155 738 2216 reuertissent
755 2142 876 2214 redimi
901 2139 1006 2212 solere
1027 2167 1079 2234 prr
1101 2146 1217 2223 crolum
1239 2161 1435 2232 perpetuum,
1461 2140 1493 2210 dt
1518 2139 1605 2210 bona
1623 2143 1859 2215 amortinunda
1883 2141 1991 2216 subiici

514 2245 763 2339 impssttonilus,
788 2245 897 2318 tediis,
915 2239 1198 2317 contributiontbus,
1222 2242 1383 2329 pretoriiss
1404 2242 1527 2333 perinde
1547 2237 1608 2320 tofi
1624 2238 1717 2330 effert
1737 2245 1773 2311 itt
1787 2241 1933 2334 potestate
1941 2243 1990 2330 lo·

514 2348 623 2416 soleri.
675 2343 716 2408 Et
737 2362 846 2410 tamen
867 2333 1057 2407 Adversarii
1077 2334 1284 2405 contendunt
1308 2338 1432 2425 Legem
1454 2338 1725 2412 amortizariones
1749 2337 1840 2410 niltil
1860 2337 1990 2436 proclus

420 2495 428 2514 r
517 2437 696 2513 detrahere
711 2433 886 2508 Ecclestisl
915 2437 1032 2529 ltoque
1048 2427 1186 2502 secundo
1201 2428 1411 2525 responsione
1424 2428 1577 2508 Luctaris
1591 2431 1734 2508 arbitrio
1747 2431 1987 2512 renitescunt

516 2539 665 2637 primum
678 2534 852 2628 Theologi
870 2534 934 2604 hoe
949 2528 1079 2603 struunt
1093 2551 1338 2622 tegumentum.

633 2733 713 2803 Vll.
740 2732 787 2800 Er
806 2728 984 2826 Principiis
1002 2724 1122 2802 iisdem
1142 2725 1234 2807 fluit,
1254 2725 1288 2798 dr
1311 2723 1449 2810 iisdem,
1478 2723 1600 2823 quibus
1619 2730 1689 2800 Lex
1713 2728 1992 2814 amortiouriouia,

516 2830 638 2903 nititur
653 2826 878 2901 fundamentis
893 2831 1059 2897 Scotorum
1076 2826 1165 2897 uliud
1182 2822 1278 2897 ulline
1291 2826 1367 2896 huic
1379 2827 1482 2916 Legi,
1509 2829 1541 2895 vi
1555 2829 1648 2918 cuius
1662 2826 1744 2899 Filii
1762 2825 1847 2904 fam.
1863 2829 1990 2920 religio·

516 2954 595 3001 nem
611 2922 783 3018 ingressuri
803 2923 1025 3019 prohibentur
1042 2923 1271 2994 hereditatem
1290 2946 1461 3019 paternam
1491 2927 1652 3010 (murima
1676 2922 1794 2997 sulcem
1819 2952 1859 2999 ex
1880 2927 1990 3024 parte)

515 3022 645 3100 inferre
660 3021 879 3104 monasterio,
905 3020 968 3090 hoc
984 3044 1065 3090 vero
1080 3015 1235 3090 statutum
1253 3045 1339 3108 ogre
1358 3016 1493 3090 defendi
1509 3017 1634 3114 potell,
1657 3046 1735 3094 cum
1751 3024 1796 3095 ab
1804 3017 1993 3112 pharuda·

516 3125 611 3193 tione
628 3141 746 3217 parum
760 3115 875 3194 distet,
901 3140 999 3282 unaue
1016 3141 1050 3184 tn
1068 3112 1191 3186 effeilu
1207 3117 1347 3210 perinde
1363 3114 1417 3199 stt,
1450 3142 1489 3186 an
1511 3140 1574 3213 per
1589 3121 1682 3191 Nor.
1704 3145 1762 3209 ¹5·
1785 3147 1816 3195 c.
1834 3149 1869 3217 3.
1890 3125 1918 3211 ς.
1939 3144 1992 3190 ιι.

516 3220 622 3299 Filia,
674 3239 723 3285 use
739 3215 932 3284 meretrise
976 3210 1127 3284 acservic
1147 3218 1288 3294 Veneri,
1321 3214 1567 3304 eshaeredetur,
1597 3241 1638 3286 ou
1660 3241 1742 3289 vero
1767 3245 1843 3314 quae
1861 3214 1993 3290 Vellalis

517 3314 582 3397 eil,
608 3241 754 3386 &servit
771 3315 856 3381 Deo.
908 3312 1016 3380 Rdent
1031 3335 1265 3402 argumentum
1288 3309 1477 3383 invidiosius
1501 3315 1672 3409 proponi,
1698 3340 1805 3410 quom
1821 3343 1886 3413 par
1900 3313 1945 3396 stt,
1959 3335 1992 3384 oc

516 3411 697 3488 sexcenties
716 3406 805 3503 posse
820 3411 1027 3501 retorqueri:
1053 3433 1128 3478 num
1146 3407 1185 3477 ab
1205 3406 1282 3504 ipsts
1306 3405 1489 3480 Cononislia
1513 3409 1743 3506 approbantur
1763 3411 1885 3486 flatttta
1905 3409 1994 3485 satuti·¹

517 3512 660 3590 lictum,
687 3533 759 3601 quae
772 3506 888 3600 jubent
906 3502 988 3574 lilios
1004 3502 1145 3574 illustres
1162 3507 1238 3576 dote
1251 3503 1434 3599 respeilive
1454 3510 1571 3598 exiguo
1588 3504 1674 3600 (five
1696 3509 1737 3579 od
1755 3537 1802 3580 nu
1830 3513 1910 3590 cios,
1933 3505 1994 3581 lire

518 3610 560 3680 ad
577 3609 775 3698 relgionem
791 3603 957 3698 aspirent)
974 3625 1144 3672 currtenrss
1164 3598 1236 3678 else.
1298 3607 1332 3674 Si
1356 3602 1441 3673 volet
1457 3600 1614 3675 statutum
1637 3607 1761 3701 privati
1783 3535 1829 3681 os
1846 3604 1992 3680 favorem

411 3763 416 3782 .
518 3702 656 3779 familior
673 3706 829 3797 privatae,
853 3725 918 3769 non
936 3698 1056 3769 valebit
1070 3697 1227 3769 llatutum
1251 3702 1416 3796 Principis
1437 3699 1482 3770 ob
1496 3695 1645 3773 favorem
1666 3707 1780 3800 reip?
1811 3729 1855 3777 ne
1877 3703 1992 3778 scilicet

517 3825 602 3903 opes
617 3799 820 3872 familiarum
835 3799 874 3867 ad
891 3794 1046 3868 Ecclesiae
1064 3794 1232 3867 confluant
1252 3821 1288 3868 ac
1311 3795 1508 3870 monasteria
1536 3798 1719 3893 presertim
1742 3803 1871 3875 doceto.
1928 3808 1993 3875 Do·

518 3902 662 3974 minium
682 3897 785 3967 altum
801 3901 925 3965 nonita
942 3889 1074 3964 affixum
1091 3889 1264 3966 estfundis
1283 3920 1319 3967 ac
1336 3895 1431 3966 bonis
1453 3894 1641 3979 stabilibus,
1673 3902 1755 3994 quia
1780 3926 1937 3998 penetret
1955 3903 1993 3973 ci·

519 3996 583 4094 llos
597 4022 634 4067 oc
652 3994 788 4066 mobilia
805 3997 931 4088 ponenti
948 3990 1001 4061 sun
1018 3994 1141 4063 virtute
1158 3986 1289 4067 officiet.
1339 3990 1480 4063 Interest
1500 3998 1586 4089 reip.
1612 3991 1756 4067 familias
1783 3998 1911 4074 llorere
1928 4001 1992 4091 opi·

519 4094 601 4174 bus3
628 4095 718 4189 quod
736 4090 912 4160 nonnullos
926 4086 1054 4183 joliaco
1071 4088 1273 4160 hereditatis
1290 4113 1406 4160 ovoeet
1420 4090 1458 4160 ob
1483 4087 1625 4183 ingrelsu
1641 4094 1841 4186 religionis,
1868 4098 1903 4169 id
1922 4119 1993 4168 con·

518 4194 619 4279 tingit
634 4217 695 4283 per
712 4190 873 4260 occidens.
925 4191 966 4257 Et
981 4212 1061 4257 vero
1078 4185 1145 4281 ipso
1161 4193 1295 4277 legitime
1318 4191 1487 4258 intentum
1505 4188 1550 4258 cll
1565 4213 1601 4258 tc
1617 4212 1732 4285 portus
1744 4198 1844 4289 Juris
1864 4195 1993 4275 Cicilia

520 4291 900 4473 {scistellus
915 4283 1833 4457 lllllfilsslstullimllll‘llizll‘l’
1856 4298 1902 4462 Ψ
1918 4289 1994 4388 „n

854 4440 860 4453 .
1215 4436 1222 4450 ·
1379 4433 1388 4463 r
1794 4416 1894 4462 cone
1919 4415 1991 4463 uen-

522 4483 646 4553 tiarum
712 4478 848 4549 interest
870 4484 953 4574 reip.
977 4483 1093 4549 Lnicos
1117 4477 1240 4550 habere
1262 4478 1348 4550 bono
1370 4478 1572 4551 immobilia:
1606 4483 1741 4555 interesl
1762 4493 1853 4587 reip.
1885 4417 1990 4561 seiros

522 4576 648 4656 hebere
665 4574 821 4666 mobilis,
849 4577 942 4676 Quid
956 4576 1079 4655 ellhoc
1094 4576 1225 4662 dicere,
1248 4574 1323 4655 nili:
1355 4574 1491 4657 interest
1513 4578 1590 4702 illos
1614 4580 1740 4662 hebere
1759 4593 1904 4676 omme?
1945 4589 1991 4653 ln·

1905 4674 1995 4762 terell
