5017 5592
453 521 467 576 t

761 666 1152 746 DEADVOCATIS
1178 670 1583 760 ECCLESlASTlClS.
1836 715 1907 800 495

419 849 633 932 considentis
646 850 805 949 rdoptant
821 848 886 924 sine
904 849 1002 948 passo
1019 856 1157 924 struitis
1173 855 1364 949 fimplitirer:
1390 883 1466 931 cuni
1483 860 1602 957 paslo,
1629 864 1718 961 quod
1731 868 1841 962 padim
1859 861 1910 957 dei,

372 1011 374 1016 .
414 957 525 1036 cidit,
551 957 785 1043 Pellitivfimul
800 956 835 1029 {ci
851 959 1009 1023 Hellana:
1039 976 1111 1047 quae
1126 954 1164 1021 ad
1185 955 1333 1026 haeredes
1353 982 1523 1029 extraneos
1541 987 1675 1057 quoque
1693 972 1822 1048 transit,
1841 990 1910 1053 lle·

415 1059 592 1128 redirarr'ae:
619 1077 691 1146 quae
707 1053 853 1147 denique
873 1048 1066 1123 testamento
1083 1075 1120 1123 ex
1135 1057 1248 1149 prima
1263 1053 1470 1130 inslitutione
1489 1059 1635 1158 relinqui
1649 1067 1774 1161 potest,
1804 1081 1911 1172 Testa.

412 1172 571 1226 urtrtamt
587 1149 789 1248 appellatur.

539 1296 642 1372 xlv.
681 1298 856 1371 Gentilitia
878 1297 910 1370 dt
935 1294 1109 1371 familiaris
1133 1325 1209 1374 cum
1233 1298 1359 1377 familia
1380 1308 1604 1402 extinguitur,
1641 1310 1742 1389 dtfic
1762 1323 1906 1405 Ecclesia
2045 1331 2052 1346 '

415 1393 531 1474 evadit
549 1395 672 1480 libera,
699 1421 897 1488 argumento
920 1421 936 1466 a
952 1398 1025 1488 iure
1042 1424 1236 1495 patronatus
1251 1398 1431 1485 familiari,
1456 1409 1572 1480 itidem
1588 1406 1691 1484 feudo
1714 1414 1907 1522 &emphyd
1936 1405 1940 1412 Ι

415 1494 501 1569 teufi
517 1495 698 1582 derivato„
733 1495 959 1565 Heredituriu
975 1523 1026 1588 ptr
1051 1499 1260 1582 taliamentum
1283 1524 1359 1574 tunc
1385 1503 1596 1578 solummodo
1617 1510 1763 1599 obtinet,
1798 1542 1834 1589 ut
1861 1521 1904 1596 ed

417 1593 590 1667 heredem
606 1592 764 1687 scriptum
784 1590 941 1674 transeat,
967 1595 1100 1690 quando
1118 1594 1252 1669 tcslator
1265 1596 1566 1693 jusAdvocattcum
1583 1604 1790 1702 singulariter
1805 1619 1839 1687 in
1853 1621 1904 1693 ul·

416 1694 501 1764 tima
515 1689 570 1762 sua
596 1690 807 1820 &spontione
824 1696 999 1787 exprimit,
1031 1692 1121 1764 secus
1143 1692 1164 1765 st
1189 1695 1293 1768 solum
1312 1702 1462 1784 ordinet,
1501 1725 1537 1774 ur
1558 1709 1647 1776 seres
1667 1720 1817 1784 tnamniae
1846 1718 1901 1802 [rtis

416 1792 495 1860 sm
513 1793 548 1864 &
558 1793 631 1878 jara
650 1796 805 1871 (accedant
832 1786 992 1882 squidem
1010 1796 1042 1861 in
1062 1795 1208 1885 generali
1234 1795 1435 1870 concessione
1454 1801 1636 1875 Advocatio
1661 1832 1728 1879 non
1749 1809 1902 1888 censetur

416 1884 678 1981 comprehensa,
703 1912 797 1976 euius
814 1897 900 1958 ratio
918 1887 1033 1969 datur,
1058 1893 1149 1986 quod
1166 1895 1347 1964 Advocatio
1365 1893 1543 1988 singulares
1566 1901 1661 1974 dotes
1674 1931 1708 1976 in
1725 1908 1900 1990 Advocato

417 1982 598 2080 depoliir,
625 2009 698 2080 φιτ
720 1989 753 2055 in
769 1982 902 2075 sngulis
923 1987 1109 2060 haeredibus
1135 2015 1201 2062 non
1221 1995 1448 2086 reperiuntur.
1507 1998 1606 2069 Unde
1627 2027 1859 2093 argumentum
1880 2034 1899 2083 e

413 2082 492 2180 jure
510 2086 706 2153 Patronatus
725 2085 764 2153 ad
781 2085 1018 2155 Advocaticum
1040 2087 1302 2181 proteslorium,
1328 2094 1376 2160 uti
1400 2091 1500 2186 paulo
1517 2092 1656 2168 inferius
1673 2104 1819 2186 dicetur,
1847 2134 1900 2181 re·

414 2179 470 2252 sle
486 2206 552 2250 non
577 2181 718 2252 ducitur.
779 2185 949 2277 Pleraque
976 2185 1183 2265 :ldvocattae‚
1213 2185 1453 2278 storiginarias
1480 2189 1511 2260 dt
1534 2186 1715 2268 familiares
1741 2207 1897 2298 excipies,
1974 2256 1977 2262 ·

416 2276 572 2352 eleslitiae
590 2281 679 2361 suut,
703 2280 734 2350 dr
756 2280 805 2350 hae
830 2276 1026 2374 potissimam
1045 2306 1173 2375 partem
1192 2282 1319 2354 insimul
1337 2284 1499 2382 pallide,
1518 2314 1594 2361 cum
1607 2293 1701 2366 lucto
1719 2295 1751 2366 dt
1768 2301 1894 2397 quaellu

417 2375 669 2452 Advocatorum
695 2379 897 2459 conslitutae,
921 2378 1048 2472 dequo
1070 2403 1267 2471 argumento
1289 2385 1391 2479 paulo
1415 2383 1502 2482 posl.

538 2532 620 2605 XV,
648 2537 749 2613 Sunt,
781 2541 837 2627 qui
862 2534 1078 2606 Advocatiam
1107 2533 1359 2629 particularium
1384 2534 1600 2609 Ecclesiarum
1624 2543 1723 2612 certis
1744 2546 1896 2640 personia

416 2634 695 2704 communicatam
711 2654 786 2701 cum
806 2632 880 2724 jure
900 2656 1094 2727 patronatus
1114 2628 1341 2714 confundunt,
1374 2659 1446 2728 que
1473 2658 1582 2705 tamen
1610 2641 1724 2709 multis
1747 2646 1895 2720 modica

415 2726 449 2802 se
467 2733 608 2802 invicem
630 2727 809 2801 differunt:
838 2734 930 2800 Nam
954 2757 1018 2801 ima
1032 2734 1086 2825 jus
1102 2754 1297 2825 patronatus
1315 2729 1399 2825 saepe
1415 2757 1556 2803 numero
1572 2731 1617 2803 esl
1635 2744 1732 2819 reale,
1760 2740 1894 2818 decerto

412 2825 549 2908 Castro,
577 2828 722 2921 praedio,
748 2835 800 2899 cui
819 2851 954 2923 antiqua
977 2828 1085 2923 phrasi
1113 2831 1276 2900 inliaerere
1300 2825 1455 2921 sicigitur,
1490 2826 1641 2913 affixum,
1674 2859 1818 2930 quocum
1850 2843 1893 2915 ad

413 2949 551 2997 omnem
568 2925 880 3021 &qualemcunque
897 2928 1159 3022 proprietarium
1177 2952 1232 2998 aut
1250 2928 1437 3020 legitimum
1454 2924 1762 3023 possessoremjuxta
1778 2961 1843 3031 cap,
1858 2969 1892 3022 7.

411 3016 448 3095 ὀὶ
467 3029 533 3104 iure
545 3049 665 3116 parion.
684 3049 722 3092 ex
738 3024 864 3093 liberali
881 3023 1093 3122 dispositione
1109 3025 1257 3097 Ecclestae
1280 3026 1483 3097 devolvitur:
1519 3029 1596 3098 Hoc
1612 3053 1691 3100 vero
1712 3031 1752 3102 de
1774 3034 1889 3110 Advo-

411 3125 497 3194 catia
517 3121 632 3191 nullibi
653 3123 793 3210 legimus
809 3121 1039 3205 coustitutum,
1057 3149 1115 3193 nec
1132 3120 1220 3195 sorte
1236 3127 1460 3216 congruenter
1473 3125 1625 3196 conslitui
1641 3127 1730 3223 posse
1748 3133 1893 3220 videtur,

410 3244 488 3292 cum
506 3219 685 3291 Advocatia
702 3217 878 3309 singulares
894 3221 1006 3301 dotes,
1030 3242 1066 3288 ut
1083 3220 1230 3290 Ecclesia
1253 3221 1290 3291 sit
1308 3220 1390 3293 bene
1410 3221 1641 3318 prospeslum‚
1666 3229 1699 3296 in
1719 3231 1891 3305 Advocato

411 3313 593 3397 desideret,
619 3343 682 3386 non
700 3325 778 3387 item
794 3317 847 3410 jus
869 3342 1060 3411 patronatus
1077 3320 1109 3384 in
1128 3342 1287 3410 patrono,
1317 3323 1373 3412 qui
1392 3342 1517 3387 tantum
1535 3318 1706 3411 personum
1724 3329 1762 3393 ad
1782 3330 1892 3398 Colla·

412 3439 523 3488 torem
542 3416 691 3496 adducit,
715 3415 807 3508 cujus
824 3416 1037 3483 idoneitatem
1055 3412 1122 3581 ipse
1133 3414 1282 3484 Collatus
1296 3417 1465 3508 explorat:
1485 3417 1570 3487 unde
1587 3421 1618 3484 in
1634 3419 1748 3488 dandis
1766 3425 1798 3492 dt
1814 3451 1891 3495 con·
2010 3495 2016 3506 ,

409 3511 584 3584 slituendia
603 3508 818 3584 inferioribus
835 3513 1030 3586 Advocatis.
1071 3536 1137 3581 tcut
1154 3514 1186 3580 in
1202 3511 1400 3604 designando
1423 3536 1642 3606 procuratore
1665 3538 1721 3588 aut
1742 3525 1891 3612 negotio·

407 3635 487 3685 rutn
508 3609 655 3704 gellore,
681 3612 720 3681 ad
737 3609 933 3703 singularem
955 3608 1103 3705 personae
1119 3608 1313 3680 industriam
1328 3610 1451 3680 attendi
1467 3608 1573 3684 solet.¹

527 3764 631 3837 XVl.
657 3763 788 3834 Deinde
802 3764 983 3836 Advocatio
1000 3786 1039 3831 ert
1060 3761 1158 3856 longe
1177 3761 1239 3832 alia
1261 3764 1392 3854 origine
1415 3787 1450 3835 ac
1469 3761 1522 3857 jus
1544 3784 1738 3860 patronatus
1762 3767 1890 3841 deriva-
1920 3838 1928 3862 .-

408 3884 483 3935 tur:
515 3868 682 3932 Parcarum
699 3868 806 3940 euim,
830 3863 920 3956 juxta
936 3860 1143 3930 decantatum
1167 3857 1361 3931 versculum
1381 3864 1501 3951 saciant
1518 3869 1586 3946 dtr,
1613 3866 1792 3952 edificatis,
1808 3869 1888 3957 sune

408 3966 478 4034 das.
530 3957 642 4032 Glossa
659 3986 689 4030 m
711 3971 774 4030 Cau
804 3964 965 4031 zalttlt.
983 3985 1010 4049 q.
1030 3987 1061 4038 7.
1112 3956 1583 4052 Advocatum-proteslorium
1601 3986 1745 4032 econtra
1763 3987 1888 4049 creant,

409 4064 576 4150 Suprema
594 4055 740 4129 Caesarea
758 4053 932 4148 Majeslas,
959 4058 1184 4151 Superioritas
1200 4059 1453 4138 Tetricorialis,
1481 4062 1679 4128 Mandatum
1701 4061 1888 4132 Caesareum

408 4158 441 4228 dt
465 4160 629 4248 Regium,
655 4150 856 4234 infeudatio,
885 4151 1036 4246 pallum.
1062 4151 1198 4233 eiecitu,
1217 4154 1359 4226 humiles
1375 4181 1489 4251 preces
1508 4157 1595 4247 apud
1614 4161 1734 4249 Papam
1751 4157 1801 4226 vel
1817 4163 1885 4231 lm·

408 4279 604 4351 peratorem
623 4250 834 4347 interposita.
884 4255 935 4329 Dc
950 4250 1069 4345 quibus
1088 4249 1184 4346 supro
1208 4257 1350 4344 egimus.
1409 4258 1513 4322 Porro
1527 4251 1580 4345 jus
1602 4276 1795 4348 patronatus
1812 4251 1887 4328 sun·

408 4355 524 4431 danti,
546 4352 690 4433 dotanti,
718 4352 749 4423 dt
769 4346 959 4420 aedificatori
977 4347 1123 4420 Ecclesiae
1139 4353 1237 4419 etium
1256 4353 1295 4420 de
1313 4351 1376 4421 hoc
1399 4350 1471 4442 jure
1493 4375 1557 4419 tion
1576 4353 1750 4441 cogitanti,
1784 4355 1885 4425 modo

407 4455 577 4522 contraria
594 4453 762 4520 voluntate
779 4450 860 4518 illud
880 4473 945 4518 non
964 4446 1107 4541 rejiciat,
1133 4473 1171 4518 ex
1192 4447 1319 4518 liberali
1337 4447 1421 4540 juris
1445 4446 1654 4520 Ecclefiaslici
1678 4447 1888 4544 dispensatio·

407 4574 449 4622 ne
465 4551 591 4644 acquiri
612 4548 708 4620 solet:
735 4541 1328 4623 NonitaAdvocatiaEcclesiastico,
1356 4542 1644 4624 liUniversalem,
1677 4547 1886 4642 &Mijcsla
2030 4627 2034 4636 Ι

407 4651 526 4732 ticam,
554 4672 627 4745 quae
652 4647 815 4743 Dignitati
837 4643 1029 4742 Imperiali,
1058 4645 1170 4738 Regiae
1201 4642 1465 4716 &Tetritoriali
1490 4645 1675 4728 coherent,
1706 4649 1887 4740 exceperis,

1796 4765 1886 4813 Com·
2016 4763 2026 4782 ³
