5017 5592
487 633 1656 802 ns‘ropuunJustuntsssctucsauotrnzar.
1677 679 1744 755 ac.
1809 699 1881 780 703

405 871 523 942 ¹terere
543 890 592 938 tot
614 862 771 936 Eccl'esas
797 862 1012 934 cathedrales
1039 861 1289 943 Hetetodoxas,
1318 881 1368 930 tot
1389 858 1574 956 Episcopus
1588 863 1620 928 in
1637 855 1769 932 scamno
1785 888 1891 936 trans·-

410 966 524 1047 versu,
553 986 602 1034 tot
618 969 802 1035 canonicos
826 960 890 1034 sne
911 961 990 1031 Rosa
1015 962 1046 1031 δι
1067 962 1250 1030 Brevicrio.
1302 959 1410 1040 tiuhi
1432 963 1540 1026 minus
1559 955 1629 1026 sum
1645 957 1760 1042 trtiust,
1785 987 1887 1055 quam

409 1062 539 1136 nostros
562 1058 623 1133 esse
640 1064 885 1131 criminantur?
908 1064 986 1155 Qto
1008 1059 1106 1130 titulo
1127 1059 1203 1127 iilos
1227 1058 1384 1128 eximeta
1407 1049 1476 1125 fsto
1498 1058 1666 1124 communi
1686 1069 1887 1132 caeterorum

411 1163 641 1241 Ciericorum,
667 1156 723 1228 nist
743 1149 831 1228 sorte
848 1159 936 1229 dicat
950 1181 1008 1229 eos
1024 1154 1224 1229 constituere
1239 1157 1503 1249 crngttgaetitntm
1519 1151 1555 1223 te'
1567 1157 1756 1249 propaganda
1770 1155 1896 1230 &coa-⁸

410 1257 568 1336 servanda
584 1260 617 1328 in
634 1255 773 1353 posteris
783 1254 847 1326 suis
861 1259 961 1353 rep?
1225 1275 1229 1284 ·

526 1454 620 1525 xlv.
653 1452 809 1544 Denique
835 1446 1026 1520 Adversarii
1050 1446 1247 1519 eruditionis
1269 1441 1363 1518 causa
1386 1441 1418 1517 se
1440 1446 1474 1516 in
1495 1466 1710 1517 monumenta
1733 1444 1889 1524 historica

391 1545 592 1624 ¹effundunt
653 1553 819 1619 Statutum
841 1549 1103 1618 amortizmonis
1116 1548 1207 1636 viget
1221 1549 1253 1614 in
1269 1543 1451 1640 Hispania,
1470 1543 1652 1626 Lusitanis,
1679 1546 1889 1644 Gallimsta·

410 1649 459 1721 lia
473 1646 505 1717 dt
521 1645 751 1742 compluribus
767 1646 957 1717 Germaniae
974 1646 1067 1717 iocis.
1114 1641 1179 1738 lpst
1197 1643 1367 1734 Principes
1386 1640 1596 1714 Ecclestasiici
1612 1641 1646 1713 dr
1663 1639 1795 1716 infulati
1812 1671 1889 1718 ver·

363 1835 366 1844 Ι
412 1751 499 1820 tices
518 1747 596 1815 huic
619 1745 699 1836 Legi
726 1741 759 1812 dr
785 1740 950 1812 sententtae
972 1739 1201 1822 subscribunt,
1233 1737 1437 1811 ineiusiebili
1455 1737 1587 1837 justitia
1615 1764 1890 1833 argumentosus
1920 1837 1923 1842 Δ

362 1867 505 2014 *222¹ss
518 1838 795 2010 dissitis
812 1835 1889 2037 isidistztst‘s5⁶.issi?{sissizsss‘isilisslsssst
1952 1897 1958 1914 ’

362 2035 366 2120 ζ
413 2047 506 2129 Aug.
523 2041 608 2131 imp.
625 2035 817 2132 Leopoidus
839 2043 942 2125 ¹⁶79·
962 2035 1016 2106 die
1037 2059 1091 2125 ¹7·
1111 2039 1202 2104 Nor.
1222 2057 1285 2129 per
1305 2038 1511 2106 comitatum
1533 2031 1758 2129 Tyrolensem
1781 2037 1890 2134 publi·

362 2127 368 2210 ᾗ
414 2131 584 2230 carijusstt
599 2138 722 2226 Legem
746 2138 1019 2204 emortizatiouis.
1068 2130 1209 2202 Carolus
1221 2136 1264 2202 V.
1288 2134 1322 2203 io
1345 2129 1484 2205 Constitt
1507 2134 1683 2215 Brabant.,
1709 2130 1764 2204 seu
1778 2133 1890 2210 edisio

363 2227 365 2240 ’
413 2257 583 2334 perpetuo
611 2259 622 2301 r
630 2257 664 2322 9.
682 2228 823 2303 Ouobr.
846 2257 948 2320 1520.
975 2233 1139 2301 tationem
1161 2225 1260 2300 affert
1279 2233 1379 2323 Legis
1401 2227 1483 2300 suae:
1513 2237 1644 2301 Tantam
1667 2233 1808 2303 bonorum
1825 2255 1890 2306 tattt

409 2334 601 2426 fredricum,
628 2356 717 2424 quam
732 2333 915 2400 adodiulttutt
930 2337 1042 2421 copiam
1059 2332 1098 2396 cd
1116 2328 1275 2412 fictitias,
1299 2329 1513 2418 Monastetia,
1541 2327 1725 2421 Hospitalis,
1748 2339 1889 2404 eonven-

413 2421 465 2502 tut
475 2431 752 2520 januensium,
770 2451 803 2496 ttt
819 2425 928 2504 subditi
937 2426 982 2510 (ui
995 2430 1031 2501 sd
1045 2429 1156 2514 Valaest
1169 2430 1298 2495 mulium
1307 2448 1491 2519 graventur.
1521 2423 1632 2496 Affett
1647 2429 1747 2496 etiam
1762 2427 1890 2505 Clariis}

411 2529 545 2616 Brehm,
567 2550 606 2597 ex
630 2528 812 2618 Cboppr'oo
830 2522 978 2617 diploma
1000 2526 1264 2594 amortizatEoois
1286 2547 1303 2592 a
1326 2525 1498 2596 Ludovico
1518 2527 1611 2618 Rege
1634 2523 1753 2596 Gallie
1775 2524 1890 2599 datum

413 2621 545 2696 Parisiis
572 2629 674 2702 1261.
723 2617 958 2692 Thomassinus
978 2646 1012 2717 p.
1032 2647 1063 2713 3.
1082 2622 1104 2689 Ι.
1128 2648 1154 2690 ι.
1177 2645 1205 2691 c.
1223 2646 1278 2712 35.
1305 2622 1345 2691 ad
1369 2619 1463 2719 epist.
1486 2650 1542 2716 39.
1600 2627 1670 2692 Viti
1692 2623 1889 2698 Viennensis

367 2795 371 2808 ,
412 2717 670 2817 Archiepiscopi
694 2743 733 2789 ex
756 2720 937 2790 sirmundo
956 2714 1086 2789 scribit:
1112 2717 1321 2814 Principibus
1341 2743 1475 2816 accepta
1496 2716 1652 2792 seruntur
1674 2720 1759 2790 dona
1778 2724 1892 2796 Eccle-

413 2815 488 2897 ἦε,
513 2841 585 2909 quae
599 2819 652 2890 vel
670 2819 835 2886 donarunt
851 2815 929 2912 ipst,
953 2818 1004 2887 vei
1024 2837 1061 2886 ut
1083 2820 1193 2885 donate
1210 2821 1331 2898 liceret,
1356 2818 1565 2908 tonttfftrunt.
1614 2819 1742 2890 Attexit
1762 2817 1889 2894 ibidem
1960 2837 1973 2862 ⁴

412 2914 597 2988 sormuiam
613 2917 709 3007 Regii
727 2914 911 3010 privilegii,
928 2913 1049 3009 quibus
1067 2917 1216 2983 Franciae
1232 2917 1427 2987 Monarchae
1441 2916 1522 2986 oiim
1537 2915 1761 2987 concedebant
1777 2917 1889 2992 Eccle-

412 3011 468 3085 siia
484 3011 676 3084 donationes
694 3009 778 3083 sieri.
831 3007 946 3082 Refert
964 3012 1048 3083 banc
1066 3011 1260 3108 Marculpb.
1275 3011 1298 3084 Ι.
1318 3038 1347 3082 ι.
1365 3038 1393 3084 c.
1414 3038 1467 3086 12.
1483 3014 1516 3085 dt
1538 3014 1644 3104 Greg.
1660 3018 1795 3086 Turon.
1813 3011 1888 3092 hisi.

413 3109 442 3181 l.
459 3133 492 3197 9.
511 3131 538 3179 c.
554 3132 614 3195 4²·
655 3109 886 3200 Radcguodis
906 3113 1050 3199 Regina,
1077 3111 1194 3180 eodem
1213 3105 1291 3181 tesie
1307 3107 1449 3183 affirmat
1463 3109 1495 3184 se
1510 3137 1547 3183 et
1570 3108 1728 3208 permissu
1748 3112 1889 3188 Clotarii

413 3204 623 3279 Monesierio
644 3204 791 3288 donasse,
819 3207 849 3277 dr
872 3204 1084 3277 confirmatas
1100 3206 1293 3275 donationes
1311 3234 1361 3288 ptr
1378 3217 1562 3278 autoritates
1580 3221 1764 3280 Domnotttm
1772 3219 1891 3304 Regum

414 3305 606 3386 chutun,
635 3312 817 3384 Guntntmi,
834 3310 991 3394 Cbtipetiti
1009 3308 1043 3377 id
1060 3306 1214 3393 Stgebttrt.
1270 3308 1489 3397 Nicephorus
1511 3309 1635 3376 Phocus
1658 3311 1806 3376 Orientis
1822 3312 1890 3380 lm-

414 3424 553 3500 perator
573 3406 695 3491 Legem
717 3404 999 3482 amortizstionis,
1024 3423 1060 3469 ut
1076 3400 1141 3493 jam
1162 3397 1383 3480 advertimus,
1411 3402 1569 3473 condidit.
1619 3406 1673 3471 Sic
1696 3405 1795 3472 etiam
1812 3408 1889 3476 Em·

414 3498 549 3576 manuel
568 3503 758 3570 Comneuus
775 3499 885 3570 siatutt
901 3496 1085 3569 immobilia
1104 3522 1121 3568 a
1137 3496 1168 3569 se
1186 3498 1302 3567 donata
1319 3498 1476 3596 deinceps
1500 3499 1617 3579 donati
1634 3525 1699 3569 ooo
1717 3496 1806 3591 posse
1829 3501 1890 3578 nisi

413 3597 631 3669 Senatotibus
645 3598 696 3667 vel
712 3598 839 3668 militie
856 3596 1006 3667 ducibus.
1057 3600 1173 3688 Itaque
1193 3618 1232 3666 er
1250 3593 1406 3667 consensu
1424 3595 1522 3694 ipstus
1537 3601 1743 3694 antiquitatis
1757 3624 1793 3669 ac
1810 3599 1890 3697 piis·

413 3693 574 3766 fimorum
598 3697 789 3789 Principum
813 3694 901 3766 clare
924 3695 1050 3765 relucet
1071 3693 1193 3787 justitia
1220 3698 1319 3783 Legis
1342 3696 1569 3765 amortizandi.
1634 3719 1670 3774 u.
1704 3700 1816 3790 paucis
1845 3699 1888 3770 ad

416 3796 548 3864 omnia:
576 3795 704 3861 Scim'us
720 3795 834 3880 utique
850 3789 1085 3873 Adversarius,
1111 3790 1299 3886 stexcmpia
1320 3793 1470 3886 congesta
1498 3818 1569 3865 rem
1594 3793 1766 3874 decidunt,
1783 3794 1890 3894 supe.

418 3893 511 3962 riute
524 3891 598 3960 ioco
617 3914 785 3986 pugnare,
812 3889 1043 3961 &rationibus
1057 3889 1174 3959 nostris
1192 3897 1462 3985 argumentisque
1477 3917 1615 3962 coronas
1631 3919 1666 3961 ac
1687 3895 1808 3962 Tiaras
1829 3919 1889 3989 op·
1965 3969 1981 3993 ,
2060 3925 2065 3936 ·

416 3985 563 4086 ponere,
583 4012 619 4057 ιιι
633 3989 776 4070 (lateram
789 3997 936 4058 centon
955 3990 1102 4083 (loquor
1116 4012 1190 4057 cum
1208 3989 1515 4080 DomiooGiettle)
1533 3994 1565 4059 in
1583 4015 1692 4086 partes
1709 3987 1780 4060 suas
1796 3993 1889 4064 insse·

419 4084 520 4156 slent.
579 4091 719 4156 Norunt
742 4084 862 4157 scilicet
882 4111 1095 4177 argumenta,
1128 4111 1201 4179 que
1222 4110 1239 4153 a
1261 4081 1356 4156 saedis
1385 4093 1574 4182 Principum
1599 4111 1776 4181 petuntur,
1808 4086 1889 4164 snivi

418 4209 486 4254 non
507 4180 612 4278 posse,
638 4180 694 4251 nist
713 4182 843 4253 deteiio
861 4189 993 4255 vertice.
1047 4186 1109 4253 Sed
1126 4182 1371 4276 oesrcquidem
1393 4211 1550 4258 enervant
1573 4211 1663 4265 eam,
1690 4210 1789 4281 quam
1813 4185 1889 4261 asse·
1956 4251 1964 4272 ,
2043 4273 2050 4284 ,

416 4291 548 4360 rimus,
573 4279 709 4351 Tbesn.
732 4285 923 4376 Principum
940 4309 976 4352 ac
992 4281 1156 4352 Caesstum
1179 4277 1286 4360 fassa,
1312 4307 1375 4377 qua
1395 4311 1455 4379 par
1479 4283 1523 4353 esi
1544 4289 1746 4366 reverentis,
1780 4284 1890 4382 prose·

418 4403 569 4476 quunur.
621 4381 767 4449 Proiilis
792 4380 849 4449 stat
871 4378 1088 4475 presumptio
1112 4377 1263 4473 jusiitias,
1291 4406 1342 4468 ,ut
1362 4385 1452 4469 aiunt
1476 4381 1682 4466 Adversarii,
1716 4384 1887 4467 addimus,
1959 4450 1963 4458 .

417 4472 687 4574 presumendum
705 4482 804 4548 etiam
820 4479 860 4547 de
877 4504 994 4549 eorum
1011 4482 1132 4572 pietate
1149 4474 1403 4549 &observantia
1420 4486 1453 4548 itt
1468 4476 1576 4549 sedem
1588 4485 1781 4560 Romanam,
1799 4484 1889 4575 quod

417 4580 526 4662 Leges
545 4574 602 4642 bas
619 4575 755 4645 tulerint
774 4601 832 4655 eo,
858 4601 925 4669 quo
940 4599 1076 4671 oportet
1092 4575 1203 4645 modo.
1273 4581 1353 4644 Non
1374 4576 1556 4649 incolamus
1579 4585 1613 4649 iu
1634 4604 1747 4647 ateana
1774 4578 1887 4650 status:

415 4696 529 4769 neque
544 4697 703 4766 negamus
717 4671 809 4774 posse
826 4698 999 4771 emergere
1013 4673 1122 4747 casum
1137 4668 1330 4747 necessitatis
1338 4675 1506 4775 publice,
1528 4702 1565 4752 ut
1586 4681 1774 4775 Principes,
1808 4678 1889 4750 dum

1652 4854 1655 4860 ,
1751 4772 1891 4872 systema
