5017 5592
385 681 393 688 -
532 646 607 735 692
785 681 800 692 .
981 595 1558 704 uassaaaar'ro

406 845 418 866 ²
531 821 637 892 Penes
653 809 802 884 Clericus
818 801 1029 903 csseopesdr
1051 832 1192 882 nervum
1214 809 1300 905 reip.
1319 831 1421 880 onera
1439 833 1542 907 penes
1558 810 1689 884 Laicos.
1750 821 1883 884 Mam
1900 814 2009 888 Eccle-

530 915 652 1028 stptum
669 914 702 980 in
718 905 892 1019 retinendo
908 928 1067 1021 mortuas,
1092 911 1127 977 in
1143 908 1572 1021 acquirendouvivas.&c.‘
1613 907 1790 1005 Qridquid
1815 907 1856 980 fir
1878 912 1921 1025 de
1941 915 2006 1026 opi·

530 1001 1709 1200 illstsslslalsi,sisssllslaliszpfsslllllfl
1725 1011 2008 1178 {suillis}

528 1212 622 1303 tiqua
635 1201 870 1279 emolumenta,
886 1195 1008 1293 quibus
1025 1200 1065 1271 ad
1082 1199 1237 1272 tuendam
1254 1224 1361 1296 remp.
1378 1200 1410 1271 dr
1426 1200 1627 1310 majestatem
1642 1202 1814 1293 indigent,
1829 1227 1895 1300 per
1911 1226 2008 1276 trans·
2030 1259 2033 1264 -

527 1305 692 1414 ΝΟΜ·
708 1297 929 1462 ‘'mimis‘'
945 1295 1101 1465 Ec‘lilii
1117 1301 1280 1467 liis
1298 1295 1426 1467 llll
1441 1299 1595 1468 slsis·
1618 1304 1772 1469 altis?
1785 1297 1945 1470 litiis:
1960 1305 2006 1471 Ρ·

526 1396 1008 1597 ‘dalldebllllllotpllldlldsliddisnlld
1032 1489 1229 1565 desenstonia
1248 1420 1626 1591 Prlltcipesgexigebant.
1679 1499 1733 1568 Sic
1760 1425 2005 1592 epistolelidtdd

374 1653 376 1658 .
525 1592 760 1672 Ambtofianas
779 1615 835 1676 32.
855 1588 897 1660 de
917 1588 1153 1662 Valentiniano
1168 1590 1304 1684 juniore
1324 1593 1388 1665 ait:
1422 1599 1454 1666 si
1479 1599 1626 1664 tributam
1643 1600 1740 1689 petit,
1773 1619 1835 1665 non
1855 1617 2004 1688 negem.

524 1699 609 1789 Agri
625 1691 755 1776 Ecclesia
768 1691 899 1781 solvunt
913 1690 1072 1762 tributum.
1096 1739 1105 1763 .
1129 1738 1139 1763 .
1165 1695 1342 1773 Solvimus,
1358 1714 1419 1783 que
1432 1692 1502 1777 (unt
1519 1690 1641 1783 casatis
1656 1693 1779 1783 celari,
1808 1694 1846 1769 ὅ
1864 1693 2005 1789 questrat

524 1800 606 1877 Dei,
632 1800 709 1861 Deo.
1917 1823 1923 1830 ·

627 1924 711 2006 ¹His
728 1917 792 1992 live
806 1915 979 2017 pullulatis
995 1916 1058 1993 five
1074 1917 1316 2018 hypothesibus
1332 1916 1504 2019 premisse
1521 1919 1640 2004 rellat,
1662 1905 1856 2006 uteorum,
1884 1921 1998 2020 quide

521 2020 647 2124 justitia
663 2024 761 2112 Legis
775 2018 994 2089 amortiztndi
1017 2019 1220 2112 confligunt,
1245 2042 1440 2112 argumenta
1458 2020 1662 2104 delibemua3
1690 2023 1888 2116 Utramque
1904 2023 2000 2094 scien

522 2117 683 2218 tantisper
698 2122 887 2188 intueamur
901 2139 976 2188 cum
991 2117 1125 2188 erudito
1144 2115 1309 2199 lesione,
1335 2115 1390 2188 sed
1405 2141 1496 2189 extra
1514 2118 1570 2190 teli
1589 2115 1726 2210 jactam.
1783 2127 1838 2192 Ac
1858 2117 1999 2206 demum,

521 2219 605 2319 quid
625 2215 686 2315 ipli
702 2215 763 2287 hac
779 2215 820 2286 de
836 2212 1057 2286 controversa
1072 2212 1267 2299 sentiamus,
1291 2220 1407 2313 paucis
1427 2213 1670 2288 subncslamus.

637 2351 765 2421 Primos
782 2345 1035 2439 argumentandi
1052 2370 1164 2442 partes
1185 2343 1370 2421 deserimus
1384 2354 1428 2421 D.
1445 2354 1491 2420 D.
1511 2350 1657 2422 Politicis
1674 2348 1910 2436 orthodoxis,
1930 2375 1998 2448 qut·

519 2448 661 2522 buscum
676 2445 771 2518 nobis
793 2445 846 2517 ltie
861 2467 914 2515 res
929 2441 984 2516 ell.
1035 2448 1085 2517 Hi
1102 2444 1177 2542 jura
1199 2449 1393 2542 Principum
1414 2445 1550 2522 suorum
1573 2469 1688 2522 eontra
1712 2447 1784 2519 huc
1807 2450 1996 2546 privilegia,

519 2570 558 2622 ut
572 2542 681 2643 ajunt,
707 2539 867 2641 praetensa
884 2541 1032 2626 erudite,
1057 2567 1117 2616 nec
1130 2542 1197 2616 fine
1212 2539 1291 2617 felle
1306 2547 1383 2617 hinc
1401 2546 1483 2617 inde
1503 2566 1738 2642 propugnant,
1779 2570 1933 2641 quorum
1950 2572 1998 2618 ra·

519 2649 648 2740 tiones,
681 2642 786 2716 sedin
809 2635 1007 2714 succinam
1033 2637 1188 2714 collesias
1206 2645 1394 2739 epitomen,
1423 2643 1586 2716 dabimus.
1637 2647 1707 2714 Prae
1731 2647 1866 2715 caeteris
1888 2646 1923 2715 in
1940 2646 1999 2716 ltoe

518 2766 719 2837 argumento
735 2738 868 2832 insignis
891 2735 935 2810 eil
951 2737 1082 2812 Erudit.
1096 2743 1140 2813 D.
1160 2739 1311 2824 Glettle,
1345 2743 1404 2838 qui
1427 2743 1515 2812 Patri
1534 2741 1701 2813 Cardenaa
1720 2741 1911 2836 Theologo
1928 2739 2000 2812 His·

516 2836 1174 2941 pauoopposuitLegisamortizationis
1198 2842 1398 2909 anatomiam
1412 2844 1605 2939 juridicam,
1643 2841 1742 2933 eique
1763 2842 1864 2921 isius,
1899 2840 1998 2912 urlo·

516 2947 650 3040 qnitur,
672 2932 878 3009 incullurum
895 2930 927 3003 se
947 2936 1105 3006 minatur.
1155 2938 1238 3007 Pace
1261 2940 1336 3006 Viri
1352 2934 1524 3007 Clarissimi
1540 2938 1702 3032 excipiam
1724 2932 1814 3006 isius
1836 2937 1995 3032 quosdam

516 3063 582 3134 pto
598 3035 673 3108 sene
689 3037 819 3129 optimo
840 3056 876 3103 ac
897 3029 1081 3124 Theologo
1101 3029 1377 3127 praeslantiffimo,
1409 3039 1455 3107 ita
1477 3056 1606 3120 tameo,
1636 3056 1674 3109 ιιι
1693 3031 1792 3107 nobis
1816 3037 1945 3112 unicus
1961 3031 1995 3110 fit

518 3132 664 3216 Glettle,
689 3133 814 3204 amicus
836 3128 1022 3212 Cardenus,
1047 3134 1154 3225 tnagis
1172 3133 1278 3204 amica
1299 3135 1434 3212 veritat.

601 3425 603 3430 ,
1173 3350 1208 3439 ι.
1253 3341 1332 3418 ιιι.

630 3477 812 3591 Systema
837 3485 877 3561 δι
896 3497 1143 3587 argumenta
1167 3470 1396 3573 faventium
1416 3477 1514 3591 Legi
1534 3477 1884 3568 amortizationiai

627 3646 657 3718 1.
683 3641 787 3716 lllull.
803 3641 1098 3738 ClaudiusFleyry
1115 3644 1148 3712 in
1164 3641 1268 3723 Instit.
1281 3646 1375 3740 Jutis
1391 3646 1496 3728 Ettlefi
1513 3667 1548 3739 p.
1568 3670 1597 3718 2.
1612 3669 1641 3719 c.
1666 3670 1721 3715 ιι.
1746 3648 1775 3735 §.
1797 3672 1829 3735 5.
1848 3648 1885 3718 in
1906 3646 1990 3721 hune

512 3742 641 3820 sensum
663 3740 805 3814 disserit:
832 3745 921 3812 Bona
938 3739 1158 3812 Ecclesaslica
1177 3742 1318 3810 maxima
1334 3742 1466 3838 iamper
1484 3740 1706 3813 sollicitudine
1721 3743 1927 3829 conservata,
1943 3770 1990 3818 ea·

511 3868 580 3941 que
597 3842 678 3914 adeo
694 3838 790 3912 ausla
809 3835 899 3921 sunt,
925 3862 962 3911 ut
981 3864 1077 3934 poene
1098 3840 1283 3910 timendum
1300 3836 1395 3924 essct,
1422 3865 1463 3910 ne
1487 3839 1627 3912 Ecclesia
1648 3838 1781 3935 semper
1803 3846 1987 3938 acquirens,

511 3965 682 4038 nunquam
700 3940 863 4016 alienans,
892 3942 1042 4006 omnium
1062 3933 1287 4006 immobilium
1302 3937 1434 4008 domina
1452 3934 1559 4011 ficret.
1615 3934 1834 4032 Respondent
1849 3944 1986 4012 Canoni-

511 4037 582 4109 stae:
610 4036 891 4110 Commendamus
908 4034 967 4130 ipsi
983 4035 1102 4104 Zelum
1118 4032 1395 4106 Adversariorum
1417 4062 1481 4131 pro
1499 4039 1653 4131 Principe
1669 4038 1702 4105 dt
1717 4061 1790 4130 rep.
1815 4040 1921 4111 modo
1941 4062 1985 4110 ca·

509 4158 608 4206 vernt
623 4134 704 4205 illud
722 4139 851 4203 Podtte:
877 4141 1019 4202 Fertiltor
1035 4139 1115 4224 leges
1130 4135 1171 4217 cll
1185 4138 1293 4200 alianis
1304 4134 1464 4226 [emperia
1480 4141 1581 4204 arvis.
1632 4133 1694 4204 Sed
1713 4158 1931 4228 perteramus
1945 4160 1986 4208 te·

507 4232 595 4301 lam:
621 4255 702 4321 ergo
720 4234 876 4323 Princeps
889 4228 972 4322 jusle
988 4230 1115 4300 inhibet
1132 4229 1381 4300 translationem
1399 4229 1563 4301 bonorum
1581 4229 1806 4302 immobilium
1829 4235 1864 4303 iu
1881 4235 1983 4305 Eccle-

506 4327 580 4400 fias.
627 4346 660 4396 ιι.
688 4325 953 4420 Omninojulie,
980 4329 1080 4420 quoad
1094 4352 1174 4407 rem,
1202 4352 1267 4397 non
1283 4324 1413 4424 semper
1434 4332 1531 4420 quoad
1545 4333 1675 4400 niodum.
1727 4332 1896 4425 Principis
1917 4332 1985 4403 sunt

505 4447 638 4522 partes,
662 4446 716 4505 ut,
740 4428 862 4517 nequid
885 4425 1076 4495 detrimenti
1097 4430 1206 4520 capiat
1223 4423 1310 4520 rcl'p.
1330 4423 1521 4521 prospiciat.
1573 4427 1636 4498 Sed
1660 4425 1878 4522 expesiamus
1896 4426 1982 4501 vicis·

352 4559 360 4567 ·
504 4520 564 4594 sm
584 4521 623 4592 ab
650 4521 855 4592 humanitate
877 4523 1152 4595 Adversariorum
1178 4526 1322 4615 (agimus
1346 4548 1421 4593 cum
1445 4524 1665 4612 Orthodoxis)
1688 4549 1722 4596 ut
1750 4520 1942 4609 fateantur,
1964 4547 1981 4598 e

502 4618 674 4697 Pontificio
692 4621 792 4696 etiam
807 4614 917 4692 allicio
933 4617 1013 4709 else,
1035 4643 1077 4699 ue
1089 4622 1268 4720 privilegia
1288 4619 1527 4707 Ecclefiarum,
1561 4646 1635 4719 quat
1657 4619 1759 4720 ipfiut
1779 4620 1919 4740 subsunt
1934 4625 1982 4797 idu-

1681 4753 1687 4764 ·
1888 4748 1936 4800 ras
1960 4739 1982 4798 ι
