5017 5592
476 719 504 760 Ι,
555 657 627 738 DE
649 651 920 732 BONORUM.
935 650 1322 741 occluslns‘rtco
1338 695 1348 714 ·
1364 652 1648 735 DOTALlUM
1670 655 1918 743 COLLECT.
1946 675 2018 770 629

532 844 642 918 viunt.
692 846 804 936 Atque
821 835 898 908 inde
913 857 1021 932 patet,
1040 834 1128 908 bona
1141 832 1361 908 Eccleliarum
1385 838 1597 933 particularia
1612 863 1677 909 non
1700 836 1763 912 csse
1787 842 1848 915 alia
1865 845 1922 918 nist
1945 849 2016 945 ipsa

530 942 622 1016 bona
642 939 783 1018 dotalia,
808 961 848 1007 eo
876 936 943 1006 uod
963 936 1043 1006 haec
1060 939 1092 1014 in
1112 960 1221 1007 certos
1245 936 1277 1007 ἃ
1299 934 1454 1010 definitos
1471 936 1546 1009 usus
1569 937 1629 1011 srnt
1651 937 1805 1012 divisa&
1833 943 2010 1019 tlellinata·

531 1039 621 1113 bona
644 1061 725 1109 vero
748 961 967 1106 ucetelrram
987 1037 1177 1105 communia
1199 1029 1263 1105 e'sse
1283 1034 1424 1116 eodem,
1446 1061 1530 1129 quae
1551 1034 1626 1109 sunt
1655 1037 1859 1122 adventitia,
1879 1002 2014 1143 coquotl

529 1139 615 1212 haec
636 1134 708 1208 usui
737 1130 953 1205 Ecclesratum
977 1135 1145 1203 communi
1170 1153 1299 1202 tantum
1323 1132 1355 1204 tir
1380 1131 1589 1216 subsdiario,
1613 1138 1646 1204 in
1666 1132 1774 1206 casum
1796 1138 1884 1210 dotis
1911 1146 2030 1219 eccle··

527 1227 674 1322 siallicae
693 1232 770 1305 lruic
783 1230 876 1302 illive
890 1231 1078 1324 erogationi
1093 1228 1126 1302 ἃ
1143 1227 1312 1328 impensae
1327 1256 1394 1304 non
1411 1226 1619 1319 liafficientis,
1639 1228 1765 1338 soleanp
1776 1235 1927 1312 adbiberi
1939 1241 1991 1336 a).

572 1404 610 1486 a)
632 1402 721 1468 Idem
740 1398 856 1465 ibidem
880 1397 913 1482 §.
933 1409 1007 1482 481.

1176 1520 1208 1611 t.
1254 1515 1373 1590 xvi.

649 1656 764 1730 Solent
785 1654 922 1754 quidam
947 1647 1142 1725 Canonillae
1156 1650 1197 1722 ad
1216 1648 1303 1722 bona
1327 1648 1538 1725 eccleliallics
1561 1653 1661 1726 etiam
1677 1650 1815 1729 referre·
1829 1656 1915 1733 bons
1934 1662 2011 1740 Cle·

507 1758 680 1873 ,riporum
702 1752 968 1866 patrimonialia;
993 1747 1230 1865 seductorum
1246 1748 1531 1867 bacenonsrnrin
1553 1749 1701 1866 ipsorum
1723 1754 2010 1878 Eccleliarumpa.

525 1846 1304 2050 llllltlllslltlllllfsllll
1318 1848 2025 2044 llllsti-lllltslllllill'li:.

524 2047 701 2124 nistcrium
726 2075 792 2119 non
811 2046 1008 2126 obveniant,
1023 2040 1190 2142 sequitur,
1212 2047 1410 2122 inconcinne
1424 2045 1511 2121 bona
1529 2045 1741 2122 clericor-orn
1758 2053 2008 2147 patrimonialia

525 2145 654 2225 reserri
671 2149 712 2223 ad
727 2146 813 2220 bons
834 2138 1058 2220 ecclesiastica·

1158 2300 1187 2384 t.
1236 2290 1411 2377 xvir·

489 2431 495 2450 ¹
642 2430 712 2501 His
732 2426 773 2499 de
798 2424 964 2499 bonorum
987 2421 1278 2499 ecclesiasticorum
1301 2429 1431 2520 origine
1450 2453 1486 2504 ac
1507 2447 1627 2501 natura
1648 2430 1874 2529 venienteque
1897 2431 2009 2520 brevia,

524 2548 579 2603 ter
596 2523 794 2626 praemissis,
819 2528 858 2596 ad
873 2524 1009 2621 scopum
1026 2548 1138 2596 meum
1156 2550 1242 2597 nunc
1283 2529 1400 2622 ropius
1424 2529 1565 2612 accedo,
1587 2528 1683 2625 prius
1705 2550 1815 2599 tamen
1840 2536 2006 2626 quaedam

523 2623 637 2700 adbuc
656 2628 743 2698 circo
764 2627 935 2695 notionem
952 2621 1185 2706 collcslarum,
1206 2551 1421 2721 ipllrumque
1445 2626 1692 2697 immunitatum
1715 2625 2006 2707 ecclesallicarum

484 2741 490 2760 ·'
522 2719 595 2801 sete
612 2748 649 2802 ac
669 2720 904 2802 vicissitudines
919 2720 1066 2797 breviter
1079 2722 1164 2795 mibi
1187 2722 1415 2822 praenotanda
1429 2719 1492 2799 else
1514 2720 1722 2800 ridebantur.
1820 2818 1826 2827 ι

1100 3024 1102 3028 ,
1149 2942 1179 3026 t·
1228 2931 1395 3011 xvrrr.

642 3071 787 3141 Collesiaee
803 3064 858 3140 seu
878 3064 1139 3142 contributiones
1165 3071 1404 3154 territorialcs,
1424 3067 1687 3164 sonblleueten,
1712 3065 1922 3167 (imperiales
1936 3071 2004 3149 hue

520 3189 592 3239 uon
608 3167 794 3262 pertinent)
819 3163 892 3237 sunt
906 3191 1015 3238 certae
1029 3194 1064 3238 ac
1079 3165 1234 3240 delinitae
1249 3171 1412 3264 quaedam
1433 3168 1669 3264 praestationes
1686 3172 1895 3262 pecuniariae
1908 3174 2004 3243 Prin·

524 3266 595 3360 cipi
612 3263 633 3334 s'
650 3261 787 3336 subditis
803 3267 836 3334 in
858 3262 1069 3359 lubjcslioois
1090 3269 1357 3358 recognitionem
1382 3289 1593 3363 unctumque
1612 3265 1826 3363 publicorum
1848 3264 2002 3341 sustenta·
2122 3369 2139 3380 ..

523 3365 653 3474 tionem
675 3361 923 3462 persolvendae.

641 3497 717 3569 Alia
733 3520 848 3569 earum
865 3496 947 3568 olim
964 3498 996 3594 in
1012 3497 1210 3579 Germania,
1231 3520 1268 3568 sc
1283 3492 1385 3567 hodie
1399 3487 1462 3576 cst,
1480 3494 1567 3564 sntio
1581 3486 1664 3564 fuit:
1691 3493 1756 3565 Sua
1773 3496 1901 3592 quippe
1917 3497 2001 3573 olim

475 3661 481 3672 .
519 3593 732 3696 principibus
750 3618 844 3667 erant
862 3600 1043 3676 Damania,
1060 3620 1176 3668 eorum
1199 3593 1423 3666 sustentationi
1446 3592 1607 3687 aulaeque
1629 3591 1749 3664 honori
1772 3618 1836 3688 pro
1858 3595 2000 3668 modicis

473 3685 486 3806 q
520 3699 702 3793 parcisque
725 3695 791 3764 illis
815 3695 1022 3790 temporibus
1052 3694 1230 3790 plorquam
1249 3689 1466 3772 sufficientia,
1501 3691 1698 3786 integerque
1722 3689 1830 3762 adbuc
1856 3691 2001 3769 slorelrat
2108 3737 2111 3742 ·

478 3797 498 3882 ’ς’
519 3794 619 3864 miles
642 3791 840 3863 vasalliticus
857 3792 933 3862 belli
958 3815 1110 3886 tempore
1133 3791 1216 3862 bosli
1242 3787 1470 3887 propulsando
1488 3789 1678 3871 adlrib'tus,
1709 3789 1798 3859 nullo
1819 3814 1901 3882 ergo
1927 3815 1999 3865 tum

482 3891 485 3896 ’
519 3893 685 3988 temporis
707 3892 815 3961 adbuc
840 3889 1056 3978 erigebantur
1080 3887 1227 3972 tributa,
1252 3888 1362 3959 nullae
1383 3884 1577 3981 penfitation
1616 3934 1628 3960 .
1674 3893 1910 3959 Atvcrocum
1931 3894 2001 3962 Do·

490 4027 497 4042 «
519 3993 631 4061 mania
649 3987 780 4059 inveslo
798 3987 910 4083 expoll
935 3989 1022 4057 lurut
1040 3988 1231 4083 principum
1250 3987 1433 4056 immodico
1454 4009 1519 4056 non
1539 3981 1682 4080 amplius
1704 3982 1918 4068 suffecerant,
1939 3987 1999 4059 sla·

519 4090 620 4179 gitari
645 4089 826 4180 primumn
849 4085 985 4155 lirblitis
1010 4108 1193 4178 coeperunt
1214 4085 1361 4165 tributa,
1383 4086 1463 4179 quin
1483 4105 1592 4152 tamen
1616 4080 1704 4152 statis
1726 4107 1763 4151 ea
1787 4081 1998 4180 temporibus

518 4208 575 4256 aut
588 4182 719 4278 semper
734 4182 860 4255 suerint
875 4182 1052 4278 pollulnta,
1073 4181 1130 4274 scd¹
1145 4207 1271 4254 tantum
1287 4181 1341 4253 ubi
1360 4183 1391 4250 id
1418 4181 1526 4251 bonor
1538 4184 1700 4276 principis
1718 4180 1878 4276 aulaeque
1892 4181 1999 4278 splen·

517 4283 600 4363 (lor,
625 4287 672 4353 uti
692 4286 724 4352 in
748 4305 1055 4353 torneamentorum
1080 4281 1320 4361 celebratione,
1351 4279 1538 4350 solennibus
1569 4282 1715 4372 nuptiis,
1742 4277 1881 4375 aliisque
1904 4277 1996 4355 fellis

514 4381 652 4461 aulicis,
674 4382 840 4472 exigebat,
863 4379 1126 4458 indicebantur..
1155 4380 1310 4449 Tandem
1330 4402 1410 4448 vero
1430 4401 1505 4446 cum
1525 4377 1622 4446 milin
1648 4374 1826 4447 vasallitico
1852 4380 1995 4450 militem

511 4483 762 4555 mercenarium
790 4477 966 4556 substitui,
998 4502 1143 4573 cumque
1166 4498 1333 4573 perpetuo
1355 4473 1523 4544 sullcntari
1550 4473 1713 4544 necesitas
1734 4472 1899 4557 suaserat,
1928 4502 1995 4548 non

511 4579 664 4671 amplius
680 4574 821 4666 flagitari
838 4577 962 4651 tributa
974 4601 1079 4650 mons
1095 4599 1181 4663 crat,
1207 4573 1263 4647 sed
1280 4597 1317 4652 ea
1334 4596 1404 4645 tum
1430 4576 1590 4671 imperari
1606 4571 1763 4672 statisque
1785 4575 1995 4670 temporibus

507 4675 844 4773 eolligacocpcrunt·
1314 4709 1317 4714 ·

1262 4766 1330 4845 llk
1355 4764 1419 4842 kk
1443 4794 1479 4867 3.
1841 4773 1877 4860 §.
1902 4769 1994 4843 xlx.
