5017 5592
399 2835 404 2849 ,
516 2753 594 2842 „srt,
612 2750 780 2850 partibus,
800 2746 1021 2832 rescindatur3
1044 2746 1151 2844 sicque
1171 2773 1252 2819 mun

504 583 577 747 in
959 617 1534 703 omsatrntro

504 848 571 900 tom
589 822 657 891 olim
674 817 710 886 rlr
724 812 878 903 Majrrit.
897 811 932 885 {d
949 804 1096 880 obedient.
1122 807 1301 877 intantum
1323 804 1427 877 modo
1442 808 1529 878 inter
1551 800 1705 888 sruslus,
1733 804 1769 879 dr
1789 804 1973 879 collatiooen
2018 838 2020 886 ι

504 915 745 995 beneficiorum
766 910 942 1006 puritatem
963 902 1095 986 statuit,
1121 902 1212 999 quod
1238 902 1450 975 collationem
1472 901 1750 987 beneficiorum,
1773 928 1812 976 ut
1834 901 1974 976 srusluar
2018 897 2020 968 Ι

506 1013 668 1111 Capitulo
682 1005 857 1085 cullodiri,
877 1004 910 1074 dt
931 1001 1091 1075 reservari
1106 1000 1248 1075 debeant
1264 998 1443 1073 Successori
1463 997 1654 1099 Episcopo,
1683 1026 1885 1099 neurtquom
1903 1028 1974 1083 veto,
2018 1001 2020 1042 ²

506 1114 598 1214 quod
612 1110 677 1180 'ille
699 1108 800 1177 ctiam
823 1098 981 1173 beneficia
1003 1095 1178 1183 conserat,
1200 1102 1259 1197 qui
1283 1094 1412 1171 fruslua
1435 1098 1535 1173 ltsbet
1563 1099 1794 1197 Episcopatus
1818 1100 1975 1172 clientelari

506 1235 593 1285 nexu
607 1200 774 1286 obllrisli3
798 1221 874 1273 cum
889 1200 1011 1270 horum
1027 1198 1183 1291 quidem,
1205 1221 1271 1268 ouo
1287 1218 1396 1269 tameo
1409 1196 1494 1292 juris
1511 1194 1697 1292 spititualis
1718 1224 1825 1293 capax
1839 1198 1975 1269 hebeatut

508 1311 640 1381 Lsicus.
691 1305 776 1397 Qtae
797 1298 838 1370 dc
858 1295 1015 1367 unslione
1035 1299 1183 1389 Regum:
1204 1295 1245 1365 de
1266 1297 1388 1392 peritia
1409 1292 1616 1390 discernendi
1637 1301 1871 1391 capacioresa
1890 1299 1974 1368 nino

509 1406 639 1481 idoneis
652 1400 839 1481 adducunt,
856 1394 992 1468 levioris
1008 1398 1169 1469 momenti
1183 1388 1273 1478 sunt,
1292 1417 1392 1492 etque
1408 1396 1443 1465 in
1462 1390 1495 1467 se
1507 1391 1586 1493 ipsrs
1601 1392 1841 1468 collabuntur.

1126 1642 1158 1732 a
1207 1609 1381 1713 exau.

626 1775 788 1873 Sequitur
803 1777 915 1868 itaque
935 1770 1026 1843 nulla
1041 1771 1131 1866 lege,
1155 1772 1245 1845 nulla
1266 1776 1394 1847 ratione
1414 1772 1510 1844 inniti
1534 1768 1755 1845 decantatum
1773 1771 1859 1847 illud
1877 1772 1925 1866 jur
1942 1795 1979 1847 rt·

512 1880 633 1975 glum,
661 1899 696 1945 ut
718 1872 800 1943 nihil
819 1894 915 1964 agant
941 1870 1030 1939 illius
1054 1867 1244 1942 defensores
1261 1870 1501 1966 ,·quamquod
1521 1869 1594 1941 lites
1618 1869 1679 1943 diu
1706 1872 1839 1969 sopitos
1861 1868 1980 1952 sudsear,

507 1979 586 2077 juro
600 1975 683 2045 olim
698 1995 715 2041 s
731 1968 929 2065 quibusdum
946 1965 1051 2038 solum
1066 1965 1221 2064 usurpata
1238 1971 1360 2040 iterum
1372 1991 1548 2050 revocare,
1568 1963 1680 2062 ltaque
1702 1965 1813 2042 novas
1833 1971 1917 2041 inter
1930 1972 1981 2040 lle·

512 2097 643 2167 gnum,
666 2069 698 2141 dr
723 2067 952 2139 Sacerdotium
975 2064 1155 2150 discordias
1175 2062 1383 2139 disseminare
1408 2086 1568 2161 querant.
1597 2115 1603 2131 .
1621 2065 1688 2138 Sed
1702 2068 1926 2164 perpendant
1943 2065 1979 2137 illi

512 2173 603 2244 Petri
621 2168 777 2239 Damiani
802 2170 986 2243 monitum,
1010 2165 1100 2260 quod
1121 2188 1207 2235 anno
1228 2170 1331 2238 1062.
1355 2166 1389 2234 in
1410 2158 1583 2234 Praesemis
1605 2165 1838 2261 Imperatoris
1857 2163 1984 2236 Hentici

512 2273 576 2343 lv.
594 2264 748 2348 omnibus
772 2285 843 2332 tum
866 2258 1040 2344 Ecclesiae,
1064 2284 1135 2331 tum
1152 2264 1371 2358 Imperatoria
1387 2264 1519 2354 Legatis
1535 2260 1651 2332 dedit:
1679 2262 1856 2345 „amodo,
1881 2263 1985 2357 inquit,

515 2359 736 2453 „dileslilsrmi
755 2360 844 2430 illinc
859 2358 980 2451 regalis
996 2358 1076 2430 aula
1092 2355 1294 2440 consiliarii,
1316 2360 1392 2431 hioc
1412 2360 1507 2429 Sedis
1528 2355 1731 2454 Aposlolicte
1757 2356 1985 2441 Comminislri,

515 2484 683 2558 „utraque
707 2462 785 2529 Pars
803 2460 836 2526 in
857 2457 920 2527 hoc
936 2479 1002 2526 uno
1026 2453 1133 2527 studio
1159 2452 1385 2553 conspiremus
1401 2454 1605 2536 laborantes,
1628 2479 1668 2527 ut
1691 2453 1871 2529 summum
1891 2463 1985 2531 sno·

514 2560 689 2649 ,·,dotium,
708 2554 739 2627 dt
759 2556 947 2625 Romanum
963 2551 1057 2624 stmul
1081 2549 1328 2625 confoederetur
1344 2557 1548 2649 Imperium,
1569 2576 1735 2649 quotenus
1751 2555 1986 2647 humanumge·

515 2682 620 2745 „nus,
645 2654 735 2751 quod
752 2651 891 2749 pathos
912 2649 994 2721 duos
1011 2653 1119 2748 apices
1131 2653 1163 2720 in
1180 2674 1321 2818 utrapue
1342 2648 1516 2767 sulislantia
1535 2651 1680 2742 regitur,
1699 2653 1828 2820 ntpllis,
1847 2651 1986 2767 quodeb-

1279 2770 1446 2820 tvertrccs
1461 2775 1493 2820 ιιι
1544 2774 1579 2820 cr
1607 2772 1692 2819 erute
1713 2774 1731 2819 c
1761 2774 1987 2822 arttrtraunto·

516 2877 582 2940 „oe
602 2871 794 2923 occurrant.
816 2867 852 2917 ut
879 2840 1039 2916 inferiore
1067 2844 1217 2916 membro
1235 2870 1297 2944 per
1315 2870 1432 2917 eorum
1450 2774 1647 2917 discllrdlltm
1671 2872 1740 2917 oon
1772 2845 1935 2930 resiliant3
1958 2846 1985 2917 dr

516 2972 703 3046 „quatenus
719 2946 758 3015 ab
780 2970 846 3015 uno
866 2943 1049 3015 mediatore
1068 2947 1144 3013 DEI
1164 2946 1195 3013 a
1219 2946 1393 3013 hominum
1413 2945 1482 3015 hac
1499 2946 1584 3022 duo,
1610 2946 1768 3035 Regnum
1791 2943 1847 3015 scil
1881 2948 1915 3015 dr
1934 2951 1989 3016 Sa·

516 3045 746 3133 ‚,cerdorlum,
768 3044 880 3109 divino
900 3038 973 3107 sunt
988 3039 1127 3109 conflata
1144 3038 1328 3135 Myslerio,
1348 3043 1393 3111 ita
1410 3040 1563 3112 sublimes
1581 3039 1645 3108 illae
1667 3041 1744 3112 duae
1765 3039 1909 3138 persone
1922 3068 1987 3113 tan·

516 3166 574 3230 „ta
596 3140 723 3210 fibimet
739 3137 956 3207 unanimitate
969 3135 1149 3226 jungantur
1158 3186 1168 3221 ,
1194 3161 1229 3209 ut
1251 3141 1320 3211 Rex
1335 3140 1370 3210 in
1392 3141 1543 3212 Romano
1558 3135 1741 3224 Pontifice,
1768 3140 1802 3213 dr
1827 3144 1988 3214 Romtour

516 3234 694 3328 „Pontifex
706 3236 893 3310 inveniatur
907 3233 941 3303 io
956 3234 1059 3327 Rege.

1109 3486 1142 3573 a
1192 3476 1388 3553 extus

633 3614 811 3695 Vidimus,
833 3612 916 3708 quid
935 3614 1064 3687 Seniori
1084 3615 1214 3690 ratione
1228 3613 1380 3684 Dominii
1398 3609 1517 3684 diresli
1530 3633 1718 3710 competat,
1736 3614 1792 3686 vel
1807 3640 1897 3699 nan;
1912 3638 1986 3688 nune
2009 3617 2014 3626 '

519 3716 635 3818 paucis
653 3720 752 3787 etiam
774 3713 815 3783 de
835 3710 924 3783 illius
945 3711 1147 3804 obligatione
1162 3712 1327 3805 agendum
1349 3708 1404 3783 est.
1465 3715 1619 3784 Tenetur
1636 3714 1805 3798 Dominus
1827 3713 1934 3785 vasalli
1951 3711 1986 3785 se·

394 3823 410 3836 “
519 3837 609 3889 creto
624 3809 806 3894 cuslodire,
826 3837 845 3881 a
890 3809 922 3882 dt
939 3806 1085 3881 erisiam
1101 3812 1132 3882 ei
1148 3809 1306 3905 jullitiam
1322 3806 1550 3881 administrare
1563 3811 1598 3899 l)
1625 3810 1704 3880 alias
1720 3808 1846 3883 vasallo
1863 3834 1984 3911 permu-

520 3917 604 3985 titur
628 3913 810 3982 Dominum
829 3906 1040 4005 depraedare,
1060 3908 1091 3997 t)
1118 3906 1177 3980 nist
1199 3909 1366 3978 Dominus
1390 3904 1535 3977 dircslus
1553 3906 1699 4000 judicem
1724 3908 1866 3993 habeat,
1887 3930 1984 3982 coram

521 4035 591 4108 quo
606 4006 850 4080 conveniendus
870 4002 966 4087 cisat,
989 4030 1088 4102 atque
1108 4028 1185 4078 tunc
1202 4009 1253 4098 agi
1272 4001 1379 4102 posse,
1403 4028 1440 4075 ut
1462 4008 1627 4076 Dominus
1646 4003 1795 4078 direslus
1817 4010 1895 4102 jure
1917 4032 1982 4104 pto·

520 4110 672 4201 prietatis
697 4107 865 4201 privetur,
892 4104 988 4174 docct
1009 4128 1116 4174 textus
1130 4108 1173 4178 lL
1195 4100 1217 4172 f.
1235 4128 1293 4193 47.
1313 4099 1419 4197 juosl.
1440 4106 1485 4173 ll.
1504 4098 1526 4171 f.
1546 4129 1600 4186 24.
1629 4108 1662 4195 §.
1683 4109 1757 4174 item
1782 4113 1835 4197 qui
1860 4118 1981 4177 Datnrt.

522 4204 676 4276 Ulterius
692 4203 840 4293 obligant
856 4206 1038 4272 Dominum
1054 4198 1217 4272 direslum
1234 4201 1274 4269 ad
1295 4199 1516 4297 praellandum
1531 4200 1687 4270 elimenta
1703 4199 1825 4272 vasallo
1841 4202 1982 4301 inopis)

524 4303 565 4376 acl
581 4300 671 4397 quud
689 4325 797 4371 tamen
813 4324 871 4373 nec
888 4304 1091 4385 Dominum,
1112 4325 1173 4374 nec
1188 4297 1345 4374 vasallum
1363 4297 1436 4397 casu
1453 4296 1583 4373 inverso
1600 4297 1852 4392 adstringimus.
1871 4306 1904 4394 ι’)

566 4469 601 4550 ιι)
623 4466 662 4531 ll.
682 4464 704 4530 s.
721 4464 751 4528 ό.

566 4589 597 4663 b)
621 4586 661 4652 ll.
676 4583 698 4651 f.
713 4583 743 4650 6.
755 4581 835 4650 vers.
849 4581 1010 4669 honestum,
1838 4575 1845 4582 .
1921 4660 1984 4739 NL

748 4712 754 4724 ἱ
1906 4690 1921 4734 t
