5017 5592
538 650 615 745 476
666 599 672 604 ’
794 631 1134 714 otssrttrurto
1161 631 1466 711 utsrotttco
1486 627 1760 711 cattoutca

1007 907 1379 1019 CAPUT
1450 909 1549 1026 tt.

542 1139 609 1224 De
632 1125 956 1243 lmperatotibtts
983 1129 1167 1217 Ecclestae
1187 1103 1500 1214 Univelsalibus
1530 1123 1750 1213 Advocatis
1777 1126 2011 1238 Protefiots

848 1255 953 1330 busa
977 1252 1111 1328 Catulo
1128 1252 1183 1335 M.
1210 1253 1254 1327 ad
1276 1275 1388 1348 usque
1407 1255 1529 1329 nostra
1545 1269 1719 1350 tempora.

471 1487 477 1502 ¹
562 1414 574 1443 ο
599 1353 710 1528 Tot
730 1473 887 1548 tantaque
903 1452 936 1521 in
955 1446 1133 1522 Ecclesiam
1152 1450 1185 1522 dt
1202 1448 1322 1523 Sedem
1339 1446 1565 1547 Apollolicam
1586 1452 1706 1522 merita
1725 1449 2008 1528 crtotus'tl

543 1558 614 1629 Rex
635 1559 841 1625 Francorum
867 1545 1093 1619 inviflilstmus
1117 1551 1228 1631 auxit,
1254 1549 1334 1619 dum
1358 1551 1499 1630 Romam
1518 1573 1677 1620 unacum
1702 1550 1792 1620 Filio
1818 1550 1877 1623 suo
1902 1555 2009 1649 Piptno

542 1656 682 1729 veniens
705 1654 852 1719 Leonem
871 1651 994 1744 Papam
1017 1649 1151 1717 tertium
1174 1671 1191 1715 a
1214 1642 1409 1737 gravilstmis
1432 1645 1675 1718 malevolorum
1703 1647 1880 1721 calumniis
1902 1649 2008 1722 librta-
2052 1711 2054 1726 .

543 1755 618 1825 vit:
641 1750 843 1821 Venientem
867 1749 937 1815 Leo
960 1746 1053 1835 gravi
1076 1746 1229 1813 oratione
1243 1747 1277 1815 in
1294 1743 1386 1826 loco,
1409 1747 1467 1840 qui
1491 1751 1596 1838 [φρει
1613 1741 1801 1832 dicebatur,
1828 1772 1917 1818 anno
1938 1772 2010 1839 799.
2051 1753 2054 1768 '

544 1849 709 1924 allocutus
726 1839 788 1920 esl,
810 1843 845 1911 in
867 1845 1116 1937 quaestionem
1138 1841 1267 1922 reddit,
1289 1855 1394 1937 quare
1418 1839 1578 1932 negleflis
1605 1842 1871 1937 imperatoribus
1895 1845 2011 1918 Grecis
2052 1845 2054 1854 '

488 2011 490 2016 .
546 1967 703 2042 tanquam
724 1941 901 2010 ordinariis
922 1935 1071 2011 Eccleste
1096 1939 1277 2009 Advocatis
1292 1963 1393 2032 opem
1415 1936 1523 2022 suam,
1548 1937 1661 2011 Caroli
1683 1943 1891 2014 Francorum
1911 1943 2012 2036 Regis,

545 2040 804 2135 efflagitaverit:
835 2035 950 2110 Verba
973 2039 1128 2130 Sigonius
1152 2031 1286 2120 refert,
1311 2037 1344 2109 dt
1369 2059 1543 2110 merentur
1568 2038 1701 2109 recitari
1720 2085 1730 2120 ,
1752 2035 1826 2111 sunt
1845 2061 1959 2114 autern
1973 2035 2011 2114 so·

545 2144 700 2242 quentia:

562 2287 741 2378 =·l:quidem
762 2284 890 2348 diffiteri
908 2303 974 2348 non
994 2281 1133 2367 possum,
1153 2279 1360 2348 debuill‘atne
1379 2283 1479 2351 inhia
1500 2285 1731 2351 calamitatibus
1751 2289 1791 2351 ad
1811 2289 2011 2372 Imperatoris

662 2370 864 2442 (orientalis)-
886 2365 980 2431 fidem
1003 2369 1220 2450 auxiliumque
1246 2365 1446 2448 confugere,
1479 2387 1573 2450 quem
1600 2367 1758 2433 Tutorem
1780 2389 1817 2432 ac
1844 2373 2010 2435 l’attonunt

659 2450 716 2516 fibi
736 2448 872 2512 Ecclesia
883 2448 949 2529 jam
967 2451 1086 2531 pridem
1105 2450 1199 2513 habet
1219 2447 1447 2521 constituantur
1471 2470 1582 2513 vetum
1608 2463 1834 2534 praeterquam,
1857 2457 1946 2535 quod
1961 2456 2016 2517 lut·

599 2539 603 2546 '
659 2543 825 2618 petatotes
841 2531 903 2613 jatn
924 2534 1040 2594 dudutn
1058 2534 1101 2596 ita
1121 2531 1151 2595 se
1168 2529 1317 2593 adversus
1335 2530 1505 2594 Ecclesiam
1529 2547 1661 2614 gerunt,
1686 2536 1812 2617 utplus
1841 2539 1881 2600 ab
1904 2537 1945 2602 iia
1966 2538 2030 2602 de·.

661 2616 803 2679 trituenti
824 2617 1045 2688 metuendum,
1069 2634 1162 2696 quam
1186 2612 1299 2675 auxilii
1323 2612 1565 2696 exspect-ntum
1582 2613 1644 2678 else
1662 2618 1828 2692 videatur,
1847 2665 1857 2684 .
1877 2660 1914 2683 ..
1945 2618 2018 2682 Gra·

662 2699 725 2762 tias
738 2706 843 2761 autem
859 2694 930 2758 Deo
950 2698 1095 2778 ingentes
1114 2716 1195 2779 ago,
1240 2694 1305 2756 uod
1328 2739 1338 2759 .
1358 2740 1367 2759 .
1388 2739 1397 2758 .
1420 2695 1614 2777 Imperatore
1642 2695 1789 2763 Ecclellae
1807 2703 2017 2782 patrocinium

662 2780 844 2850 deserente,
867 2775 927 2841 Tu
946 2780 1101 2854 extitisti,
1125 2781 1178 2860 qui
1201 2714 1239 2838 ad
1261 2775 1339 2856 Ejus
1359 2776 1488 2839 salntem
1514 2779 1763 2862 dignitatemque
1783 2783 1934 2846 tuendam
1955 2799 2014 2844 nou

662 2863 764 2925 solunt
774 2880 915 3004 ppeslsc
931 2863 1084 2924 virtutem
1106 2858 1338 2932 incredibilem,
1362 2858 1410 2923 led
1431 2857 1565 2925 studium
1582 2863 1676 2925 etiarn
1694 2884 1730 2925 ac
1745 2862 1841 2928 lidetn
1853 2863 1958 2930 Nobis
1970 2863 2018 2927 td·
2046 2889 2049 2894 ·

663 2944 754 3007 hibea
797 2962 970 3024 nguatetu.

716 3061 825 3145 Sigon.
845 3062 894 3126 lib.
912 3058 972 3125 IV.
993 3057 1150 3140 destagno
1175 3058 1286 3128 rtatim

473 3270 477 3279 ,
664 3200 711 3269 11.
740 3194 804 3267 Sed
821 3194 1095 3275 extraordinaria,
1127 3192 1316 3266 subsidiaria
1338 3194 1370 3266 dt
1393 3193 1616 3268 interimiliica
1640 3192 1706 3268 fuit
1724 3196 1778 3268 illa
1800 3220 1872 3271 tum
1896 3222 2021 3295 tempo·

548 3298 597 3372 ris
612 3322 631 3366 a
647 3293 817 3366 Carolo&
840 3291 989 3384 gloriosis
1006 3291 1070 3363 suis
1089 3293 1279 3387 Majoribus
1299 3295 1504 3364 Francorum
1526 3294 1671 3387 Regibus
1697 3293 1847 3368 Ecclesia
1867 3323 1905 3370 ac
1929 3299 2018 3370 sedis

549 3390 751 3492 Apostolicar
773 3389 920 3485 suscepta
941 3391 1133 3462 universalis
1156 3391 1356 3471 Advocatio,
1379 3390 1522 3461 eleflitia
1547 3418 1613 3463 non
1639 3417 1729 3473 nata,
1755 3395 1861 3465 donec
1889 3396 2019 3465 tandem

550 3518 637 3564 anno
658 3489 805 3585 sequenti
832 3486 1102 3579 oflingentellmo
1119 3492 1153 3557 in
1175 3483 1352 3558 sellivitate
1375 3489 1507 3559 Natalis
1528 3493 1665 3560 Domini
1692 3493 1785 3563 ldem
1809 3491 1964 3565 Pontifex
1978 3494 2022 3563 di·

549 3595 629 3663 vino
646 3590 742 3684 plane
766 3584 910 3682 itnpull'tt
930 3591 1181 3665 Cattotunt,
1208 3584 1433 3682 applaudente
1451 3590 1570 3658 Senatu
1595 3613 1631 3658 ac
1659 3592 1809 3659 Romano
1835 3593 1968 3687 Populo
1987 3593 2018 3659 in

551 3688 745 3761 Occidentis
768 3689 1011 3780 Imperatorem
1026 3684 1261 3778 proclamavit,
1284 3686 1490 3779 inunxitque.
1540 3689 1640 3756 Tunc
1658 3690 1747 3756 coint
1764 3688 1866 3758 modo
1893 3687 2022 3782 praecla-

550 3782 693 3858 risstmus
713 3785 766 3853 hic
784 3784 896 3856 Herna
912 3781 1128 3853 Advocatiam
1150 3780 1368 3851 universalem
1390 3779 1538 3851 Ecclestae
1561 3789 1746 3855 ordinariam
1771 3810 1809 3855 er
1838 3790 2023 3883 Imperato-

551 3885 605 3955 rio
627 3903 766 3953 munere
795 3881 987 3973 impetravit
1011 3877 1043 3948 dt
1068 3875 1127 3950 sub
1151 3877 1368 3974 jurejurando
1391 3875 1579 3975 assumpftt,
1606 3883 1647 3953 ad
1669 3905 1786 3958 omnes
1808 3886 1844 3955 in
1871 3884 2022 3984 Imperio

552 3976 756 4054 Successores
779 3972 998 4048 transituram.
1612 4003 1616 4010 ,

724 4130 807 4197 Vide
833 4127 1012 4210 Polydorum
1032 4125 1203 4210 Vergilium
1224 4124 1264 4191 L.
1285 4128 1305 4192 I
1310 4123 1345 4196 V.
1368 4131 1403 4194 da
1425 4133 1537 4196 invent.
1553 4152 1665 4198 rerum.

792 4232 904 4318 Sebojl.
924 4230 1113 4317 lllt't'ttjlertcm
1133 4231 1257 4295 Ltttlter.
1276 4234 1314 4298 L.
1332 4236 1376 4302 II.
1400 4238 1435 4299 dr
1452 4236 1557 4320 Regno
1574 4238 1685 4304 Italia.

640 4441 642 4446 Ι
667 4351 732 4423 111.
764 4355 886 4424 Notus
910 4354 964 4424 hic
987 4354 1174 4450 lmperiulis
1203 4354 1289 4426 Solia
1314 4352 1471 4451 splendor
1503 4360 1698 4427 patritiatus
1723 4354 1864 4425 Romani
1899 4349 2024 4435 lumen,

552 4471 621 4549 quo
636 4469 730 4518 antea
747 4451 885 4520 Carolus
906 4449 1089 4532 effulserat,
1115 4448 1300 4532 absorbuit,
1326 4454 1377 4523 vel
1395 4451 1502 4524 fecum
1528 4452 1599 4548 ipso
1620 4451 1794 4526 confudit:
1822 4476 1900 4521 nam
1919 4450 1951 4523 dt
1968 4454 2024 4521 Pa·

531 4549 662 4629 tritli,
689 4570 756 4644 quo
783 4545 920 4617 honoris
940 4554 1074 4620 nomine
1097 4554 1302 4621 Francorum
1326 4553 1451 4643 Reges,
1473 4550 1552 4624 telle
1577 4553 1675 4623 lllmo
1698 4555 1798 4621 Petro
1821 4550 1879 4620 De
1905 4554 2022 4620 Mares

555 4649 700 4720 concord.
728 4647 850 4719 Sacttd.
877 4649 911 4724 tt
933 4652 1045 4743 Impar.
1068 4650 1135 4722 Lib.
1150 4654 1180 4724 1.
1207 4657 1243 4722 c.
1269 4651 1353 4723 ΧΗ.
1377 4675 1425 4725 nt.
1444 4660 1486 4734 V.
1508 4650 1577 4749 jant
1599 4649 1640 4725 ab
1662 4674 1748 4724 anno
1769 4673 1853 4742 759.
1875 4644 2049 4720 corusco.

1150 4769 1165 4804 ²
1196 4765 1200 4776 ·
1936 4765 2031 4831 runt,
