5017 5592
387 703 390 710 .
449 691 453 706 ,
502 611 576 710 ¹510
619 631 627 640 ·
702 529 729 636 Ἰ
756 497 1097 686 utssltRTA‘rtO
1145 591 1446 682 HISTORICO·
1467 547 1767 678 CANONICA
1807 645 1815 658 =
2034 417 2040 608 l

505 793 693 870 bonorare,
725 767 758 860 dt
785 787 830 858 itt
854 782 948 859 suum
963 787 1145 882 interitum
1170 783 1203 857 dt
1227 779 1421 857 excisionem
1448 779 1551 854 hiIati
1574 779 1725 858 vultu&
1746 779 1987 882 plaudentibus
2028 693 2039 870 l

506 885 659 962 manibus
674 911 740 956 non
757 908 823 957 tam
837 885 1005 981 aspicere,
1031 910 1130 982 quam
1151 905 1355 981 promovete
1368 878 1503 952 debere·
2034 873 2039 1014 1

624 1035 783 1103 XXVIII.
813 1032 865 1104 Ad
881 1033 1170 1105 cohibendatanta
1193 1029 1410 1104 Eccleiiacum
1426 1055 1462 1102 ac
1476 1026 1754 1103 monasteriorum
1776 1031 1868 1104 maia
1884 1032 1993 1109 Advo·
2034 1023 2039 1152 l

509 1154 599 1204 catos
619 1135 794 1200 Honorius
812 1134 872 1201 III.
892 1136 978 1225 Papa
996 1134 1028 1200 in
1042 1132 1184 1226 quadam
1200 1131 1313 1211 Bulla,
1338 1153 1439 1223 quam
1457 1131 1573 1201 recitat
1595 1127 1756 1200 Gelenius
1779 1137 1812 1202 in
1835 1141 1912 1204 vita
1929 1141 1990 1205 En·
2037 1155 2039 1184 ÷

465 1281 469 1288 .
508 1233 635 1322 geibetti
653 1230 893 1320 Artbieptscopi,
917 1229 1132 1311 adhortatur,
1158 1229 1215 1300 ubi
1232 1228 1325 1300 simul
1347 1231 1512 1318 originem
1536 1250 1585 1299 tot
1601 1222 1786 1300 excessuum
1809 1227 1849 1301 ab
1872 1230 1991 1304 iisdem

374 1349 376 1353 ⁴
510 1327 547 1398 in
563 1324 634 1395 lota
653 1329 728 1395 Deo
745 1326 850 1396 dicata
868 1323 1116 1398 commissorum
1133 1324 1344 1423 sequentibus
1367 1326 1506 1397 indicat:

555 1467 589 1536 Si
603 1470 766 1533 Advocati
780 1469 984 1536 Ecclestatutn
997 1473 1204 1555 significatum
1220 1475 1263 1541 sui
1278 1477 1417 1539 nominis
1432 1470 1649 1543 attenderent,
1672 1479 1708 1534 ut
1724 1470 1898 1548 deberent,
1927 1474 1988 1541 ilu-

628 1552 739 1614 derant
751 1574 804 1614 eas
817 1557 859 1616 ob
876 1559 1085 1621 reverentiam
1094 1559 1256 1620 Advocati
1272 1559 1425 1626 caelestis,
1448 1558 1500 1617 cui
1517 1553 1639 1633 spetiali
1652 1553 1751 1618 titulo
1763 1553 1917 1622 Ecclesia
1926 1557 1992 1626 suut

632 1635 791 1717 ascriptae,
811 1635 926 1702 fovete
939 1639 1119 1715 beneficiis,
1142 1638 1176 1703 dt
1191 1641 1312 1707 vitibus
1327 1637 1486 1706 defensate
1499 1634 1563 1703 dte.

635 1792 757 1861 XXIX.
794 1797 945 1862 Fuerunt
961 1793 1139 1876 Advocati,
1165 1797 1223 1892 qui
1246 1797 1392 1893 paternis
1412 1796 1548 1868 monitis
1568 1788 1829 1864 obsecundantes
1851 1788 1917 1864 resi
1961 1817 1992 1867 e·

520 1905 617 1967 ruat,
642 1885 803 1958 &ruinas
820 1886 969 1959 Ecclestta
986 1915 1100 1963 contra
1118 1892 1278 1978 Advocati
1295 1891 1404 1966 officia
1427 1893 1533 1964 illatas
1552 1915 1626 1962 ante
1647 1887 1741 1961 suum
1759 1889 1850 1961 diem
1873 1915 1912 1962 re
1940 1917 1991 1964 au·

523 2004 617 2072 rare,
643 2008 802 2079 quantum
818 2011 879 2081 pet
897 1985 1060 2078 angustias
1074 1992 1192 2060 mortis
1211 1990 1244 2062 dt
1266 1993 1430 2087 temporis
1452 1991 1565 2070 licuit,
1597 1989 1705 2061 conati
1728 1983 1822 2070 suut,
1854 2011 1995 2082 quorum

521 2077 639 2172 piures
654 2085 707 2152 cit.
728 2083 855 2155 Paulini
870 2091 960 2156 traci.
984 2089 1020 2156 de
1036 2090 1223 2158 Advocatiit
1243 2090 1410 2181 monasticis
1432 2095 1469 2170 ff.
1490 2114 1547 2170 ²5·
1562 2085 1630 2178 sqq·
1651 2082 1794 2157 inducit·
1841 2083 1991 2156 Besolsus

383 2231 393 2242 .
524 2197 662 2341 puoquc
684 2184 713 2250 in
737 2186 919 2252 documentis
948 2186 1148 2254 Blaaburaait
1169 2187 1360 2283 exemplum
1384 2179 1573 2284 paenitentis
1588 2181 1762 2279 Rudolphi
1783 2184 1928 2255 Comitis
1946 2205 1992 2255 te·

544 2298 613 2356 ert,
636 2277 725 2370 quod
744 2281 771 2347 ia
789 2280 844 2372 jus
861 2280 1049 2352 Advocatiae
1066 2285 1098 2352 in
1115 2283 1302 2355 remedium
1316 2286 1431 2354 anima
1449 2279 1532 2360 sua,
1557 2304 1593 2351 ac
1606 2303 1784 2375 parentum
1800 2273 1994 2362 suorum&

527 2369 562 2439 in
577 2372 879 2467 compensationem
895 2378 1113 2462 damnorum,
1131 2385 1361 2473 gravaminum
1378 2381 1410 2452 dt
1427 2378 1626 2474 injuriarum
1640 2373 1758 2447 crebro
1769 2376 1921 2451 indebite
1933 2376 1992 2448 Ab·
2035 2405 2037 2412 ·

528 2463 596 2538 bati
613 2468 645 2541 dt
660 2475 849 2546 Conventui
868 2471 1028 2572 praedicio
1044 2477 1234 2560 illatorum,
1256 2504 1400 2575 quotum
1417 2472 1585 2548 occafione
1604 2475 1837 2566 gravaminum
1854 2475 1942 2548 sacra
1953 2475 1992 2548 dit

528 2567 684 2638 vinorum
700 2567 808 2642 officia
825 2566 1018 2668 frequentet
1033 2575 1200 2668 neglella,
1226 2575 1259 2648 dt
1283 2579 1317 2648 in
1339 2575 1459 2648 Salutis
1479 2570 1542 2644 suta
1562 2571 1774 2664 (Advocati)
1790 2569 1992 2670 dispendium

530 2667 642 2735 minus
664 2665 773 2740 debite
791 2666 863 2740 sunt
878 2669 1031 2766 pendia,
1064 2671 1266 2746 monasterio
1285 2670 1517 2766 resignaverit,
1551 2669 1703 2767 illudque
1726 2693 1744 2741 a
1766 2690 1836 2741 tam
1859 2667 1994 2767 gravi&

533 2759 616 2834 dura
631 2766 807 2837 Servitutis
823 2768 1047 2841 Advocatialia
1064 2769 1187 2842 sarcina
1204 2772 1407 2847 liberaverit.

652 2901 756 2971 xxx.
782 2903 829 2968 Ex
845 2897 1003 2973 bosianus
1019 2899 1089 2974 fuse
1111 2905 1265 2999 quidem,
1286 2928 1429 2977 attamen
1449 2928 1512 2999 pro
1535 2900 1723 2992 argumenti
1747 2898 1912 2993 dignitate
1924 2897 1998 2972 b'tud

534 2989 612 3064 sotis
635 2993 826 3091 disputatis,
851 3023 997 3091 pronum
1025 2997 1069 3070 cil
1093 3003 1253 3095 colligere
1281 3025 1310 3075 1.
1334 3027 1434 3099 quam
1453 3000 1547 3072 fluxae
1569 3000 1602 3070 dt
1624 2997 1789 3070 inilabiles
1812 2995 1876 3069 siut
1897 3019 1998 3070 omnes

536 3091 709 3172 humanae,
731 3096 829 3163 etiam
846 3097 974 3187 optimc
990 3095 1174 3171 eonslitutae
1197 3097 1445 3197 dispositiones:
1468 3100 1576 3172 omnis
1601 3101 1848 3193 Imperatorum
1867 3095 1903 3168 dt
1919 3099 2000 3192 pica·

539 3183 734 3259 tiillmotum
763 3186 958 3261 secularium
984 3197 1213 3268 Fundatorum
1235 3200 1419 3269 authoritas
1444 3222 1484 3269 eo
1501 3192 1638 3267 collesia
1665 3192 1866 3276 videbatur,
1887 3216 1925 3266 ut
1939 3189 2002 3264 bin·

539 3284 688 3355 dationes
706 3288 769 3382 piae
791 3283 893 3358 strmae
910 3285 1029 3375 essent,
1056 3294 1086 3364 dt
1103 3292 1251 3365 Ecclesia:
1273 3293 1536 3390 monasteriaque
1552 3296 1585 3362 in
1601 3290 1666 3362 suis
1690 3288 1821 3386 juribus
1836 3317 1878 3364 ac
1894 3286 2002 3388 poisei'·

539 3379 685 3453 fionibus
704 3389 868 3480 perpetim
890 3384 1011 3461 iiatcnt
1034 3392 1241 3475 immobiles3
1269 3393 1301 3463 dt
1324 3392 1541 3464 nibilominus
1559 3389 1615 3459 illa
1640 3389 1814 3460 bominum
1842 3385 2004 3485 perverso·

541 3504 617 3549 rum
641 3478 754 3552 studiis
775 3481 908 3555 subruta
935 3488 1171 3581 &plurimum
1195 3486 1390 3561 labesallata
1421 3489 1575 3561 concidit.
1627 3511 1659 3558 2.
1686 3491 1796 3579 Quam
1820 3487 1923 3580 longe
1941 3510 2003 3558 me·

541 3577 607 3648 Iius
631 3579 781 3650 Ecclestis
798 3605 834 3650 ac
858 3585 1026 3657 Cuuobiis
1049 3584 1232 3659 consultum
1259 3585 1312 3668 stt,
1336 3584 1450 3682 ilipsae
1474 3584 1531 3656 sub
1553 3587 1615 3673 (ola
1628 3579 1847 3750 proteclione
1869 3589 2007 3680 Impert-

543 3696 682 3755 tnrum‚
711 3701 766 3749 aut
794 3681 987 3775 Principum
1011 3688 1230 3782 statuumque
1251 3683 1506 3757 territoriaiium
1528 3707 1624 3780 prote
1663 3684 1762 3760 ione,
1786 3677 1911 3754 seclusa
1925 3679 2007 3752 omni

543 3772 607 3844 alia
622 3774 801 3845 Advocatio
816 3802 876 3870 per
889 3782 1042 3850 Praelatns
1057 3779 1131 3854 suos
1146 3808 1321 3877 regantur,
1339 3783 1369 3853 dt
1385 3783 1470 3854 bona
1485 3780 1539 3853 sua
1561 3776 1843 3852 administrentur.
1882 3806 1914 3873 3.
1931 3783 2007 3850 vra·

544 3873 680 3968 cipuum
698 3899 733 3943 ae
749 3868 820 3944 sere
846 3878 978 3946 unicum
1000 3879 1240 3967 Ecclesiarnm,
1273 3881 1509 3953 Coettobiorunt
1541 3879 1750 3971 aliorumque
1773 3875 1930 3948 lbcorum
1947 3877 2009 3972 plo·

544 3994 620 4038 turn
643 3973 870 4054 Advocatum,
896 3978 928 4042 in
951 4001 1018 4069 quo
1040 3980 1257 4073 ptotcslionis
1275 4002 1340 4050 tam
1356 4005 1471 4060 certat,
1495 4003 1593 4073 quam
1613 3973 1753 4046 ellitacis
1768 3972 1927 4047 fiducldm
1947 3995 2010 4045 1⁰¹⁰

545 4066 727 4152 collocent,
750 4073 783 4139 in
801 4072 889 4142 coelis
912 4073 1070 4159 criilcre,
1093 4102 1194 4172 quent
1213 4085 1244 4152 S.
1260 4073 1406 4174 Jvariues
1428 4077 1543 4171 Apoll.
1566 4103 1597 4148 t.
1616 4075 1698 4168 epist.
1716 4098 1741 4147 c.
1763 4100 1797 4148 2.
1816 4099 1856 4148 v.
1879 4103 1907 4146 1.
1923 4071 2010 4146 nobit

548 4160 710 4256 designat,
735 4170 866 4244 diceus:

684 4334 943 4426 Advocatum
969 4341 1170 4430 habemus
1191 4345 1298 4456 apud
1319 4349 1478 4432 Patrem
1503 4349 1631 4452 lustu
1658 4344 1895 4450 Canisrvnt,

549 4483 608 4578 qui
624 4481 664 4553 ad
687 4486 854 4558 dexteram
871 4492 942 4586 ejus
958 4493 1094 4568 existens
1116 4497 1219 4567 Paulo
1242 4494 1320 4568 teile
1343 4502 1440 4571 Rom.
1467 4510 1499 4574 8.
1524 4501 1712 4584 interpellat,
1735 4493 1767 4565 dt
1792 4492 1905 4566 Hebr.
1922 4518 1954 4586 7.
1976 4486 2017 4562 est

549 4585 797 4686 supervivens
824 4590 865 4658 od
897 4599 1144 4690 interpellandum
1165 4621 1219 4693 pro
1238 4601 1346 4684 nolis,
1373 4596 1405 4670 dt
1436 4598 1476 4670 oti
1499 4621 1559 4670 nos
1594 4591 1728 4670 sortiter
1753 4592 2017 4693 protegendum

815 4698 825 4716 ‘
1949 4707 2019 4761 nam
