5017 5592
591 657 663 734 un
683 658 811 756 Joni:
831 659 1093 736 caisneto
1115 601 1483 741 rniiiamnndii
1501 663 1719 743 enecuit.
1824 681 1892 772 is,

424 837 665 940 terpretanturl
682 865 721 913 ut
745 845 945 937 Imperatori
962 841 1015 936 jus
1041 843 1278 937 primariorum
1297 869 1434 938 precum
1457 849 1491 915 in
1511 848 1665 918 omnibus
1685 844 1890 925 fundationi·
1950 857 1954 862 ’
1992 847 1995 858 ’

421 941 473 1014 bus
490 941 643 1011 mediatis
661 938 818 1021 ollei'ant,
843 944 876 1009 in
894 942 1013 1035 quibus
1032 941 1211 1010 antediem
1229 947 1255 1014 l.
1272 947 1409 1036 Januar.
1438 954 1539 1031 1624.
1562 972 1660 1016 nemo
1676 949 1707 1014 in
1728 948 1890 1042 possessio·
1971 993 1974 1000 ,

418 1066 453 1111 oe
471 1040 559 1134 juris
583 1037 785 1134 prohibendi
805 1032 890 1119 fuit,
910 1036 1034 1109 etiamsi
1060 1044 1249 1136 Imperator
1271 1040 1353 1108 illud
1381 1037 1455 1110 asle
1479 1067 1573 1112 antea
1597 1068 1663 1113 non
1692 1055 1889 1122 exercuerit.
1920 1035 1926 1044 ⁸

416 1142 508 1210 Hanc
523 1136 733 1234 peramplam
750 1161 812 1230 pro
827 1141 902 1230 jure
917 1134 1067 1208 Caesareo
1084 1136 1207 1209 tuendo
1227 1136 1465 1234 expolitionem
1486 1139 1698 1234 sequentibus
1716 1141 1889 1222 suffulcire

363 1234 599 1324 [allaborent
624 1231 860 1306 fundamentis.
909 1238 1058 1307 Primum
1083 1236 1389 1330 &palmarinmex
1414 1239 1889 1334 naturajurisprimariarum
1999 1271 2004 1290 ·

363 1331 365 1398 l
416 1358 549 1430 precum
572 1356 753 1426 repetunt,
780 1332 870 1426 quod
894 1333 1136 1404 discontinuum
1158 1330 1221 1404 elle
1246 1333 1417 1416 dielitant,
1442 1340 1487 1404 ita
1508 1359 1544 1405 ut
1563 1339 1650 1406 reale
1672 1339 1742 1432 ejus
1763 1343 1888 1414 enerci-

363 1441 365 1478 i
415 1437 492 1505 dam
515 1457 583 1502 noti
611 1430 762 1525 semper,
785 1430 839 1500 scd
862 1428 960 1501 semel
985 1455 1111 1501 tantum
1136 1435 1313 1528 pervitam
1338 1432 1493 1514 eai'ans,
1521 1460 1587 1502 non
1612 1441 1755 1532 proprio
1776 1460 1884 1525 niotu,

415 1527 460 1602 sed
476 1530 518 1600 ad
542 1528 730 1600 instantiam
748 1529 908 1610 aliorum,
930 1528 995 1600 sese
1016 1555 1150 1601 exerere
1174 1527 1293 1612 soleat,
1314 1535 1347 1600 in
1373 1531 1565 1625 liujusinodi
1588 1557 1697 1602 autem
1730 1533 1885 1610 disconti«
1962 1593 1974 1612 ,

415 1633 480 1701 ouis
502 1627 637 1720 juribus
660 1630 839 1698 terminum
865 1653 928 1724 pro
944 1654 1061 1698 norma
1089 1633 1234 1699 exercitii
1260 1625 1365 1699 futuri
1393 1627 1564 1723 prasinum
1589 1658 1654 1700 noti
1672 1628 1734 1701 esse
1752 1635 1794 1704 de
1810 1632 1883 1729 ipso

415 1726 526 1800 tsluali
550 1729 726 1807 exercitio,
754 1724 806 1796 fed
829 1727 869 1794 dc
894 1722 1049 1796 facultate
1070 1728 1262 1807 exercendi,
1285 1727 1366 1796 dum
1387 1726 1452 1798 sese
1474 1726 1599 1799 occasio
1620 1727 1743 1810 offert,
1761 1733 1882 1804 intelli·

414 1826 570 1918 gendum,
595 1821 790 1902 asseverant,
814 1826 915 1918 idque
930 1825 1088 1917 exemplis
1107 1850 1143 1893 eit
1164 1823 1235 1921 ipso
1252 1823 1473 1896 lnllrumento
1489 1831 1524 1895 P.
1543 1833 1595 1897 W.
1609 1827 1782 1899 illustrant.
1812 1835 1883 1902 lm·

406 1927 523 2020 ¹primis
540 1928 575 1991 in
593 1924 702 1991 serbis
722 1923 803 2016 §phi
825 1931 879 1992 26.
897 1929 951 1992 eit.
967 1922 1157 1992 immediate
1173 1921 1437 2018 precedentibus
1458 1920 1625 2004 asseritur,
1646 1925 1817 2020 publicum
1831 1951 1886 2000 re.

414 2024 537 2113 ligionis
553 2023 747 2090 exercitium
763 2019 850 2088 idem
870 2045 1003 2090 manere
1020 2019 1159 2100 debere,
1177 2020 1268 2116 quod
1290 2024 1407 2116 quaeis
1422 2023 1455 2089 in
1472 2023 1546 2090 loco
1563 2021 1653 2090 dislo
1669 2049 1755 2092 aritio
1775 2033 1881 2118 1624,
1940 2099 1944 2104 ,

416 2118 526 2214 deque
547 2117 700 2187 usitatum
719 2112 814 2187 fuit?
835 2116 890 2186 ubi
914 2143 1007 2211 aeque
1031 2117 1226 2188 vocabulum
1244 2126 1443 2198 exercitium,
1468 2144 1504 2188 ac
1527 2118 1666 2188 verbum
1691 2145 1824 2192 exercuit
1845 2124 1882 2195 ite

416 2215 621 2288 eollrotextu
643 2219 807 2296 occurrit,
829 2215 897 2307 jam
914 2213 1138 2310 supponamus
1154 2217 1327 2310 inquiunt,
1350 2215 1522 2309 publicum
1546 2220 1578 2282 in
1602 2224 1676 2285 loco
1697 2221 1806 2288 mixtae
1827 2243 1880 2292 re·

416 2314 539 2408 ligionia
555 2321 597 2384 A.
613 2307 755 2408 Confell
774 2312 923 2382 addiclos
947 2310 1090 2384 habuill'e
1115 2315 1308 2382 exercitium
1325 2313 1497 2401 religionis
1514 2314 1571 2381 illo
1587 2314 1640 2382 die
1662 2316 1693 2383 dr
1711 2341 1807 2398 anno,
1822 2313 1880 2390 sed

413 2411 539 2510 precise
561 2436 638 2485 imo
652 2410 711 2480 illo
727 2411 780 2480 die
801 2415 875 2507 Jan.
892 2438 958 2480 non
986 2406 1161 2480 occurrisse
1182 2404 1342 2479 infantem
1366 2409 1600 2502 baptizandum
1613 2399 1697 2492 faut
1717 2412 1878 2506 conjuges

414 2535 466 2607 pet
486 2512 743 2580 matrimonium
765 2509 1036 2603 conjungendos,
1063 2511 1137 2602 quis
1166 2508 1243 2576 inde
1264 2508 1501 2587 concluderet,
1525 2509 1617 2601 juxta
1639 2507 1738 2579 verba
1764 2515 1798 2582 P.
1821 2517 1875 2583 W.

414 2633 475 2704 que
497 2611 694 2678 exercitium
711 2606 769 2675 illo
785 2606 838 2676 die
854 2612 1045 2701 requirnnt,
1061 2605 1114 2698 jus
1131 2603 1320 2698 baptizandi
1338 2606 1390 2676 vel
1406 2602 1563 2675 assistendi
1586 2611 1807 2677 matrimoniis
1818 2608 1877 2680 tali

412 2710 496 2778 eetui
515 2701 579 2775 elle
594 2703 842 2793 denegandum:
861 2702 962 2775 simile
979 2727 1211 2795 argumentum
1227 2704 1395 2773 deducunt
1413 2728 1451 2773 ex
1465 2705 1557 2797 §pho
1579 2729 1633 2792 25.
1653 2711 1778 2777 Art.V.
1798 2705 1877 2777 iido

411 2809 518 2902 praxin
536 2799 805 2892 subsequentium
823 2825 1013 2898 temporum
1030 2827 1093 2896 pro
1112 2799 1166 2870 soa
1189 2797 1346 2871 sententia
1369 2801 1553 2882 adducunt,
1573 2827 1646 2895 qua
1667 2803 1782 2878 docet,
1800 2800 1877 2895 plu·

411 2904 500 2973 fimas
517 2925 634 2996 preces
652 2903 827 2993 primarias
843 2899 883 2969 ab
902 2898 1166 2996 Imperatoribus
1186 2901 1226 2969 ad
1249 2896 1459 2969 fundationes
1483 2899 1642 2968 mediatos
1666 2897 1879 2995 protestanti·

410 2996 531 3072 caselle
549 2996 711 3078 diretta,
736 3001 768 3067 in
787 2998 907 3091 quibus
924 3003 977 3068 vix
994 2996 1129 3091 probari
1157 3002 1299 3091 poterit,
1321 2998 1485 3090 ejusmodi
1511 3019 1626 3089 preces
1651 3022 1725 3068 ante
1749 3021 1875 3072 antium

415 3107 506 3192 1624.
529 3095 655 3166 nedum
675 3094 808 3190 piaeeise
824 3097 876 3165 die
898 3101 1014 3193 1.Jan.
1031 3096 1119 3164 illius
1141 3100 1215 3164 anni
1238 3096 1277 3164 ab
1300 3101 1509 3188 imperatore
1531 3091 1624 3164 fuisse
1648 3096 1755 3174 datas,
1779 3096 1878 3167 dita·

410 3219 474 3268 meri
488 3221 533 3267 eo
553 3192 613 3263 sub
635 3195 733 3263 titulo
750 3194 866 3263 nullibi
883 3191 1125 3263 'controversias
1143 3188 1204 3262 else
1224 3217 1330 3263 motas
1346 3190 1488 3276 conflat,
1514 3194 1603 3288 quod
1621 3194 1706 3262 baud
1723 3192 1795 3264 sieri
1813 3217 1873 3287 po·

411 3291 527 3372 nisset,
552 3289 577 3361 si
592 3290 691 3362 verba
707 3289 781 3362 lnll.
805 3296 839 3361 P.
856 3298 908 3362 W.
926 3292 966 3362 de
981 3291 1060 3361 reali
1079 3291 1110 3361 dt
1134 3287 1260 3360 asinali·
1279 3294 1434 3360 exercitio
1450 3291 1640 3386 accipienda
1657 3286 1779 3362 forent.
1806 3296 1871 3365 ill.

410 3389 577 3464 desumunt
600 3413 832 3479 argumentum
851 3390 891 3458 ab
912 3391 1130 3467 immediatis,
1153 3389 1325 3482 inquibus
1347 3389 1562 3484 protestantes
1584 3389 1637 3481 jus
1660 3414 1797 3483 precum
1813 3415 1875 3466 cte·¹

409 3483 567 3562 sarcarum
591 3489 795 3557 illimitatum
815 3485 992 3568 admisere,
1018 3487 1108 3557 &ad
1134 3487 1292 3556 mediatae
1314 3482 1524 3556 fundationes
1548 3487 1581 3553 id
1607 3487 1789 3578 adplicant,
1809 3491 1872 3556 IV.

410 3611 536 3682 urgent,
556 3587 648 3681 juxta
670 3581 901 3656 confeffionem
930 3584 1231 3655 catholicorum&
1257 3584 1510 3653 Piotcslantium
1536 3580 1697 3650 Caesarem
1719 3584 1771 3673 jus
1788 3581 1873 3653 illud
1946 3597 1948 3602 “

402 3684 441 3756 'eb
456 3685 682 3780 antiquisjam
707 3683 915 3779 temporibus
939 3687 972 3751 in
993 3684 1193 3753 immediatis
1219 3682 1424 3750 &mediatis
1450 3684 1586 3770 lmperii
1608 3675 1872 3764 fundationibus,

408 3783 493 3879 tbsq;
512 3784 581 3852 ulla
598 3784 638 3853 ad
664 3788 842 3851 terminum
865 3782 1088 3851 decretorium
1115 3777 1344 3860 reslrislione,
1367 3774 1566 3857 exercuisse,
1590 3803 1626 3846 ut
1649 3802 1684 3846 ut
1705 3805 1785 3847 veto
1809 3801 1872 3871 per

408 3905 513 3972 pacem
533 3887 587 3951 W.
605 3881 727 3950 limites
745 3884 880 3975 quidam
899 3877 959 3950 sint
973 3877 1086 3975 positi,
1101 3882 1133 3945 in
1150 3876 1251 3947 dubio
1268 3902 1376 3946 tamen
1393 3901 1454 3971 pio
1466 3876 1540 3968 jure
1559 3875 1693 3944 Caesaris
1708 3874 1872 3957 llaiidum,

410 3979 503 4050 donec
530 3981 682 4073 exceptio
704 3978 790 4047 clare
815 3979 990 4058 doceatur,
1011 4003 1084 4070 quae
1105 4002 1181 4045 cum
1206 4001 1243 4045 ex
1266 3975 1373 4043 dubiis
1395 3975 1503 4044 verbis
1534 3972 1771 4051 lnllrunicnti,
1794 3969 1872 4067 ipsis

411 4075 660 4148 Prorellantibus
689 4072 929 4159 asserentibus,
954 4083 1024 4145 erui
1045 4096 1213 4168 nequeat,
1237 4077 1348 4168 potius
1373 4073 1413 4141 ad
1441 4072 1523 4140 illud
1547 4072 1601 4163 jus
1630 4071 1872 4164 ampliandum,

413 4197 497 4268 quani
522 4173 806 4262 rellringetidum,
830 4172 930 4242 verba
956 4171 1162 4241 inllrumenti
1180 4174 1220 4240 de
1246 4169 1399 4240 facultate
1423 4168 1615 4246 exercendi,
1637 4193 1701 4236 non
1726 4167 1767 4238 de
1790 4167 1873 4240 reali

414 4271 633 4346 &aflualidie
649 4272 681 4343 de
698 4269 952 4367 annopradislo
968 4271 1080 4352 habito
1090 4272 1246 4341 exercitio
1264 4263 1665 4359 intelligendaalsci'erare
1682 4268 1849 4339 convenit.

446 4443 481 4527 a)
503 4439 667 4521 Henniges
683 4441 714 4503 in
731 4442 871 4505 meditat.
893 4442 930 4502 ad
944 4440 1086 4504 lustrum.
1113 4440 1143 4502 Ρ.
1161 4436 1214 4500 W.
1237 4438 1275 4497 ad
1292 4437 1359 4498 Ate.
1384 4434 1423 4498 V.
1440 4435 1472 4514 ὃ.
1485 4435 1536 4522 26.
1557 4443 1624 4497 not.
1643 4453 1675 4514 y.
1696 4454 1725 4515 p.
1738 4454 1809 4517 407.
1826 4433 1872 4495 lta

386 4537 389 4544 '
513 4524 634 4603 inquit:
660 4537 679 4561 ··
693 4524 870 4597 Quaeritur,
884 4543 922 4584 an
935 4524 997 4584 linc
1013 4524 1089 4584 loco
1103 4522 1178 4583 illud
1190 4520 1447 4580 existimandam
1463 4518 1560 4578 inodo
1578 4519 1817 4598 intelligendum
1834 4515 1872 4576 sit

393 4591 399 4612 ⁶
513 4604 634 4670 deaslu
644 4609 807 4679 exercitii,
821 4606 869 4668 sen
886 4608 1043 4669 exercitio
1054 4607 1144 4674 reali,
1162 4604 1207 4664 uti
1223 4602 1351 4663 verbnm
1361 4597 1550 4684 possederunt
1563 4599 1679 4676 semper
1693 4600 1872 4675 intelligen-
1970 4605 1973 4610 '

511 4689 589 4750 dum
605 4687 649 4751 est
662 4687 701 4750 de
718 4691 794 4754 reali
814 4687 1023 4774 possessione,
1041 4687 1092 4750 seu
1115 4685 1212 4749 sallo.
1256 4684 1307 4746 An
1327 4687 1461 4767 potius,
1491 4684 1538 4748 uti
1553 4684 1586 4745 io
1609 4681 1729 4744 actious
1747 4680 1872 4742 discon-

456 4768 581 4846 Tamtts
607 4770 655 4847 V.
1066 4838 1069 4844 ,
1228 4771 1258 4838 Y
1773 4776 1871 4838 tinnis
