5017 5592
501 635 616 711 m.
887 547 1615 708 =muumuno'

370 841 372 846 ·
502 813 562 872 aot
577 789 809 870 renunciante,
833 783 1021 857 nullarenus
1037 781 1232 856 exercitium
1247 777 1340 851 illius
1355 778 1439 871 iuris
1453 805 1530 854 eum
1547 773 1606 854 sibi
1629 801 1786 876 arrogare
1800 774 1910 879 posse,
1943 780 1980 851 iu

504 918 574 994 quo
592 888 787 966 senteutiam
800 879 945 958 nostram
963 879 1137 957 consrslere
1152 880 1252 978 supra
1268 875 1474 952 asseruimus.
1499 884 1533 971 a)

547 1060 588 1148 a)
608 1058 673 1136 Qui
685 1037 761 1118 allas
778 1042 882 1114 'adhuc
902 1049 1078 1116 solutiones
1091 1058 1175 1114 arunt
1187 1048 1314 1132 legere,
1344 1051 1436 1118 adeat
1458 1053 1619 1138 Ayrerura
1636 1047 1799 1116 laudatum
1820 1048 1876 1114 cit.
1892 1065 1986 1115 aon·

507 1215 510 1219 ,
532 1175 535 1182 ,
621 1146 720 1206 ment
736 1135 810 1218 Cap.
823 1133 865 1199 11.
880 1133 913 1218 S.
928 1132 986 1200 XL

971 1399 1346 1514 CAPUT
1432 1402 1580 1509 lv.»

506 1625 632 1715 Unde
653 1627 718 1738 jus
734 1602 1018 1735 primariatum
1040 1643 1213 1726 precum
1232 1617 1478 1726 Imperatori
1495 1634 1730 1726 competat,
1757 1608 1929 1725 quando
1946 1619 1988 1698 tc

884 1754 1071 1844 quomodo
1093 1772 1264 1828 exercere
1280 1767 1408 1846 queat,
1442 1750 1609 1826 declarat.

1206 1933 1248 2057 §j
1281 1961 1311 2039 1.

510 2066 649 2237 Dum
671 2159 704 2232 in
727 2155 986 2253 precedentium
1016 2155 1245 2255 disquisitione
1268 2162 1414 2256 capitum
1442 2158 1614 2232 hissoriam
1642 2159 1726 2255 juris
1749 2149 1993 2254 primariorum

438 2301 440 2306 ·
511 2255 671 2359 precum,
690 2268 749 2328 irec
765 2282 830 2327 non
844 2254 1039 2327 decisionem
1056 2256 1289 2329 nonnullarum
1308 2260 1512 2350 generalium
1529 2287 1568 2330 ex
1588 2259 1729 2353 publicis
1745 2255 1886 2350 Imperii
1908 2250 1988 2341 legi·

512 2360 593 2439 bura,
627 2356 844 2427 Concordaris
863 2358 1021 2446 nimirum
1046 2355 1079 2426 dr
1104 2355 1327 2428 Inslrumcnro
1347 2362 1383 2431 P.
1397 2364 1451 2426 W.
1474 2358 1691 2428 dedussarum
1715 2353 1933 2447 quaslior'rum
1958 2349 1995 2416 iu
2021 2431 2031 2446 ,

420 2523 443 2548 .,
513 2456 663 2529 medium
683 2452 826 2546 protuli,
851 2477 938 2520 nutrc
955 2454 1151 2547 propiorem
1174 2456 1213 2523 ud
1232 2458 1387 2524 materias
1406 2456 1555 2548 ejusdcm
1578 2456 1662 2539 juris
1685 2476 1790 2544 magis
1815 2443 1998 2544 particula·

513 2577 568 2627 res
588 2549 813 2621 dilucidandas
829 2545 970 2639 gressum
987 2573 1122 2619 movere
1136 2574 1290 2644 oporrct;
1321 2578 1357 2624 ac
1379 2559 1490 2647 primo
1512 2554 1648 2647 quidem
1664 2547 1757 2621 tesso
1772 2548 1890 2618 ordine
1909 2565 1999 2638 prae·

513 2645 616 2723 miffis
634 2644 785 2741 subjungi
803 2643 953 2716 einIImo
969 2645 1216 2736 indagationem
1236 2647 1269 2716 cl*
1286 2646 1422 2718 solidam
1440 2650 1741 2728 elucubrationem,
1767 2647 1855 2715 unde
1877 2642 1931 2733 jus
1953 2637 1997 2708 il·

515 2749 576 2820 lud
594 2746 796 2837 Imperatori
822 2766 1000 2838 comperar.
1066 2748 1190 2814 Fateor
1213 2745 1297 2814 hunc
1321 2746 1534 2842 quaestionem
1559 2745 1711 2842 pluribus
1739 2738 1999 2835 circumseptam

517 2843 581 2918 else
596 2837 863 2924 difficultatibus,
888 2864 924 2910 ac
949 2863 999 2909 ror
1018 2839 1160 2912 diversas
1186 2838 1257 2913 sere
1278 2844 1319 2914 dc
1342 2870 1380 2913 ca
1403 2869 1579 2914 occurrere
1601 2845 1793 2921 sententias,
1824 2861 1909 2934 quot
1924 2833 2001 2906 suae

516 2940 712 3037 scrip-rores,
740 2940 796 3032 qui
815 2937 916 3006 hocce
931 2936 985 3030 jus
1007 2938 1167 3030 peculiari
1184 2964 1286 3033 opera
1303 2941 1523 3011 illuslrarunt:
1553 2945 1607 3010 alli
1627 2944 1716 3010 enim
1733 2964 1770 3009 ex
1792 2938 1867 3032 jure
1888 2931 2000 3027 Maia·

518 3037 633 3111 statico
647 3034 729 3104 illud
751 3035 919 3113 derivant,
946 3032 1062 3128 illique
1078 3035 1267 3107 adherente
1290 3040 1364 3132 jure
1386 3043 1472 3109 circa
1495 3038 1599 3109 sacra:
1634 3040 1688 3105 ulit
1710 3036 1942 3105 laudationem
1963 3027 2000 3102 ἅ

520 3128 909 3214 dotationemla'celestae,
937 3133 1016 3202 irem
1034 3132 1339 3228 &privilegiorum
1358 3135 1584 3206 Caesareanum
1605 3130 1842 3205 coriceslronem
1866 3126 2003 3201 sotrrcm

519 3235 656 3304 unicum
674 3225 736 3299 csse
752 3226 946 3299 adfirmant:
973 3232 1123 3299 nonnulli
1142 3257 1179 3300 es
1196 3234 1357 3323 digoiratc
1377 3239 1594 3329 Imperatoris
1609 3232 1809 3312 canonicali,
1835 3251 1938 3324 quam
1963 3227 2003 3296 iu

520 3326 720 3427 quibusdam
738 3324 887 3396 Ecclestis
905 3329 1042 3421 accipit,
1059 3329 1142 3397 illud
1159 3329 1263 3400 liuere
1280 3331 1437 3401 credunt:
1457 3334 1601 3426 ‘quIda'm
1617 3331 1656 3400 ars
1672 3330 1924 3398 coronationem
1935 3328 2005 3396 Itu·

519 3426 687 3525 peratoris
702 3421 911 3494 solummodo
932 3448 1129 3519 provocatur:
1156 3427 1253 3497 ntulri
1269 3426 1541 3500 cousuetudinem
1560 3433 1727 3522 antiquam
1749 3424 1812 3496 esse
1836 3421 2003 3494 aibitrara·

522 3548 598 3607 tur,
623 3547 660 3594 ex
682 3548 743 3616 qua
760 3522 823 3591 hoc
841 3521 894 3615 jus
909 3526 1110 3617 Imperatori
1126 3521 1162 3594 str
1179 3523 1448 3596 adscribendum:
1482 3529 1598 3596 iridem
1614 3525 1805 3619 complures
1822 3549 1862 3592 cx
1877 3515 2004 3592 benefi-

521 3628 574 3694 cio
592 3643 690 3715 atque
709 3620 837 3690 indulto
855 3621 994 3689 Romani
1015 3620 1183 3691 Pontisicis
1207 3623 1290 3694 illud
1309 3624 1473 3695 deducere
1497 3623 1712 3700 adlaboranr3
1748 3620 1792 3690 ol)
1813 3644 1915 3714 quam
1938 3607 2016 3714 po:

522 3719 676 3790 slrcmrm
695 3715 886 3786 senteutiam
902 3716 1120 3790 sacerdotium
1144 3723 1231 3790 iuter
1255 3721 1287 3791 dr
1309 3725 1512 3816 Imperium,
1547 3721 1656 3793 sedem
1682 3716 1890 3789 Pontificiam
1911 3721 2007 3787 inter

401 3845 405 3850 ·
524 3816 557 3889 dr
578 3817 698 3887 Aulam
715 3811 895 3885 cesaream
913 3840 981 3886 rum
1000 3840 1109 3888 morus
1127 3816 1271 3912 publici,
1287 3817 1325 3907 a)
1350 3844 1425 3890 cum
1447 3821 1588 3890 literarii
1611 3823 1698 3888 iuter
1722 3816 1889 3895 eruditos,
1919 3837 2005 3910 quo·

522 3937 599 3988 rum
615 3912 718 4006 aliqui
736 3934 774 3981 ex
789 3934 885 4006 parre
902 3910 1088 3996 Pontificis,
1102 3918 1137 4001 I)
1166 3915 1219 3984 alii
1237 3940 1276 3985 ex
1293 3939 1386 4009 parte
1400 3913 1535 3988 Castris
1552 3917 1584 4006 c)
1610 3914 1749 3996 stabant,
1783 3915 2007 3987 vehementer

522 4013 676 4085 concitari
695 4003 783 4087 suot,
809 4008 941 4103 quaudo
955 4007 1121 4105 josephus
1139 4016 1163 4081 1.
1186 4016 1416 4084 Romanorum
1431 4018 1620 4109 Imperator
1635 4013 1675 4082 ad
1697 4015 1834 4107 Imperii
1845 4007 2006 4105 Capitale

524 4108 701 4205 primarius
719 4130 851 4199 preces,
872 4103 1052 4177 inconsulta
1069 4133 1105 4178 ea
1130 4110 1170 4180 de
1193 4134 1230 4180 re
1254 4108 1328 4179 sede
1346 4109 1561 4204 Apostolica,
1589 4111 1725 4192 direxit,
1759 4112 1836 4180 hinc
1861 4129 2007 4202 eaquae·

525 4205 588 4277 slio
609 4207 748 4281 acriori,
774 4228 874 4295 quam
900 4228 1045 4296 antiquam
1068 4230 1179 4284 antea,
1213 4205 1321 4278 ssudio
1342 4209 1510 4302 pugnandi
1534 4212 1655 4301 agitara
1676 4206 1757 4279 suit:
1799 4205 2007 4301 &quamvis

526 4304 682 4392 deinceps
704 4295 826 4367 diffidis
843 4302 919 4371 inde
933 4325 1005 4370 orta
1024 4297 1148 4373 suerirtr
1162 4303 1359 4398 composita,
1385 4307 1623 4376 determinatio
1636 4305 1794 4376 tamen&
1820 4300 1943 4375 decisio
1965 4300 2007 4374 ll·

526 4395 592 4470 lius
607 4394 773 4468 scoteoriae
794 4393 990 4469 uuslorirate
1006 4400 1136 4494 publica
1150 4426 1215 4469 nou
1233 4399 1278 4470 csl
1292 4400 1419 4483 secura,
1444 4406 1488 4471 ira
1512 4427 1549 4475 ut
1571 4404 1756 4475 hodIedum
1777 4400 1914 4474 cuilibet
1935 4396 2009 4472 sen·

528 4494 632 4569 tiendi
658 4492 867 4585 &loquendi
889 4494 1021 4565 libertas
1045 4496 1081 4569 stt
1099 4493 1239 4568 resista:
1271 4498 1487 4593 quamobrem
1502 4524 1579 4572 'tum
1598 4502 1703 4580 hanc,
1737 4525 1808 4570 rom
1831 4496 2008 4572 recensitas

528 4591 632 4668 morlo
646 4589 820 4667 sententiar
837 4592 1136 4691 impresentiarum
1152 4594 1343 4683 discutiam,
1377 4622 1414 4671 ac
1434 4599 1602 4680 veriorem
1623 4621 1662 4673 err
1679 4598 1746 4671 illis
1765 4595 1927 4694 seligere,
1956 4619 2009 4668 ac·

1940 4717 2012 4791 que
