5017 5592
674 605 745 685 na
760 593 1173 732 Juun'cnnsauuo
1195 598 1566 686 saruautnauu
1585 601 1806 704 auncurt,
1907 639 1980 729 15,

586 735 604 770 ⁸
617 786 665 855 sta
681 787 771 857 sunt,
793 783 1001 849 Luotatinne
1012 783 1143 866 dignum
1157 783 1218 859 est,
1238 795 1459 869 argumentum
1479 785 1622 854 laborare
1634 790 1713 882 sasso
1731 781 1890 879 supposito
1903 839 1913 873 ,
1926 816 1974 867 ‘aa

615 869 704 954 tijua
729 869 857 952 plenum
884 865 1103 950 &pacificum
1128 865 1192 947 jam
1218 877 1291 931 ante
1316 867 1516 933 concordata
1545 867 1656 937 Gaesatl
1676 861 1839 958 quieseunt
1856 880 1972 958 suerit;

636 951 724 1014 undli
744 952 808 1013 tale
825 950 899 1031 quid
917 950 1044 1012 veritati
1058 949 1264 1025 consonaret,
1285 951 1434 1032 prosette
1445 951 1619 1018 fridericus
1632 955 1689 1022 lll.
1701 962 1819 1044 absque
1831 963 1896 1027 ulla
1917 963 1974 1029 us-

614 971 697 1098 ?ensa
710 1032 896 1106 Pontificia,
921 1032 976 1094 vel
989 1029 1240 1094 contradictione
1253 1035 1412 1109 nationis,
1434 1034 1611 1114 jussuum,
1634 1040 1774 1123 expressa
1784 1045 1817 1106 ln
1828 1044 1974 1110 Concor·
2080 1089 2090 1102 -

614 1117 696 1180 datis
709 1116 922 1179 reservatione
935 1157 944 1188 ,
958 1112 1060 1196 ¹padio
1075 1115 1170 1176 etiam
1186 1115 1316 1197 publico
1328 1116 1427 1197 louge
1437 1115 1571 1182 firmiori
1590 1125 1798 1188 corroborare
1809 1127 1973 1208 potuisset,

613 1200 645 1264 id
660 1202 745 1282 quod
761 1217 832 1260 cum
846 1216 910 1258 non
927 1196 1057 1270 fecerit,
1076 1197 1150 1276 quin
1164 1197 1230 1272 itnu
1243 1195 1313 1278 post
1328 1201 1458 1264 modum
1472 1199 1510 1262 ab
1524 1200 1638 1264 eodem
1650 1202 1803 1270 Pontifice
1816 1211 1975 1277 indultuut

613 1277 840 1375 cum-'clausula
863 1278 1073 1341 concordatis
1093 1278 1267 1361 derogante
1281 1269 1423 1362 pstis'rst,
1451 1281 1586 1346 dilucide
1610 1284 1681 1348 satia
1699 1290 1973 1376 commonstretur,

591 1347 2005 1538 ,tra,utullus{teitaunsaturissatirislessius,lt:-

615 1547 667 1590 ces
682 1526 863 1607 imperiales
879 1544 935 1607 per.
946 1524 1148 1587 concordata
1163 1523 1333 1598 accessisse,
1361 1528 1475 1590 acriter
1492 1527 1574 1590 euim
1589 1531 1627 1592 ab
1643 1532 1696 1594 illa
1716 1535 1908 1600 decertatum
1928 1540 1973 1603 est
2063 1599 2066 1604 ,

613 1627 672 1690 pto
684 1608 950 1671 reservationibus
968 1605 1164 1680 Pontificiis,
1188 1626 1264 1686 quaa
1279 1627 1351 1670 cuut
1364 1627 1476 1671 omnes
1497 1629 1514 1669 a
1536 1612 1666 1674 natione
1680 1618 1840 1682 mordicus
1853 1620 1971 1684 oblite·
2048 1627 2062 1650 ‘

613 1701 708 1774 pente
723 1691 930 1752 admittendas
949 1689 1031 1750 haud
1044 1685 1124 1757 esse,
1144 1689 1341 1764 observaret,
1374 1691 1480 1752 saltem
1496 1690 1681 1757 dimidiatim
1700 1695 1734 1759 dc
1750 1718 1822 1764 curu
1839 1704 1972 1782 quadarn

596 1767 833 1833 moderatione
851 1772 1000 1844 retinuit,
1022 1771 1266 1833 adsentientibus
1284 1771 1479 1854 Imperatore
1492 1773 1526 1836 ds
1543 1777 1673 1839 natione
1685 1777 1869 1845 Germanica
1920 1786 1972 1849 ui·

612 1851 721 1936 bllque
741 1851 799 1917 illo
824 1850 903 1934 juris
922 1853 953 1915 iu
969 1853 1007 1914 iis
1024 1851 1187 1914 beneficiis
1207 1852 1298 1935 Papae
1316 1851 1483 1917 reservatis
1503 1856 1545 1919 ob
1565 1875 1673 2000 preces
1692 1859 1746 1924 libi
1767 1826 1970 1930 resert’inte:

613 1935 748 2020 proinde
761 1953 820 2000 uec
831 1933 900 2016 post
911 1934 1111 1996 Concordata
1131 1953 1188 2016 per
1200 1953 1308 2017 preces
1322 1933 1523 2016 imperiales,
1552 1959 1567 2000 a
1592 1957 1669 2020 aque
1685 1940 1762 2006 sedis
1776 1945 1972 2030 Apostolicae

613 2015 783 2092 consensu,
803 2017 935 2079 collatio
951 2015 1178 2079 beneficiorum
1196 2016 1299 2079 eidem
1313 2015 1544 2082 reservaturunr
1557 2022 1674 2085 turbari
1687 2026 1799 2105 potest.
1829 2027 1888 2094 111.
1902 2029 1972 2093 Ob·

611 2098 754 2172 servant,
774 2099 853 2162 illud
868 2098 960 2182 plane
978 2098 1205 2179 reprobandum
1219 2096 1298 2171 elie,
1333 2101 1419 2180 quod
1435 2101 1509 2164 iden
1525 2100 1671 2167 Pontifici
1687 2107 1763 2170 nihil
1777 2109 1855 2189 jutis
1868 2112 1905 2174 lit
1919 2133 1973 2175 ac·

613 2179 781 2262 qttilitum,
805 2200 875 2243 cum
894 2200 930 2242 ea
946 2173 1144 2242 Concordata
1163 2199 1228 2241 uun
1241 2179 1301 2242 lint
1314 2182 1413 2257 inita,
1437 2196 1473 2245 ut
1488 2181 1598 2246 Caesari
1614 2199 1725 2250 tenues
1743 2192 1912 2257 admodum
1924 2213 1972 2258 te-

612 2263 723 2346 liquiae
740 2263 859 2346 pristini
879 2262 957 2344 juria
973 2262 1153 2329 circasacra
1175 2264 1391 2343 eriperentur;
1429 2283 1563 2346 namque
1586 2266 1618 2328 id
1633 2267 1684 2344 jus
1705 2270 1875 2338 Cesaribus
1891 2296 1972 2338 nuu-

613 2345 1023 2507 sstlssszsslsssb
1044 2363 1116 2486 slis
1125 2345 1973 2512 ‚suffusitltsitsslllst‘islllttllsz

615 2507 665 2571 ‘us
683 2505 761 2572 illitd
778 2509 933 2569 deducere
944 2503 1077 2569 soleant.¹
1116 2501 1174 2571 lv.
1197 2505 1402 2590 &postremo
1422 2507 1503 2572 ficut
1513 2509 1604 2572 natio
1623 2509 1807 2579 Germanica
1822 2517 1875 2600 jus
1894 2540 1973 2583 cou-
2000 2535 2005 2544 ’

628 2588 736 2653 erendi
752 2591 903 2652 beneficia
919 2590 951 2651 iu
966 2588 1175 2651 concordatis
1193 2589 1253 2652 sedi
1269 2589 1463 2669 Apostollcae
1488 2591 1663 2666 reservata,
1693 2596 1795 2662 eidem
1815 2603 1892 2664 citra
1916 2604 1974 2665 lee-

613 2669 732 2735 fionem
745 2673 827 2753 pasti
843 2672 978 2734 adimere
992 2671 1117 2752 nequit,
1140 2672 1182 2734 ita
1195 2671 1240 2736 illi
1259 2670 1424 2750 scriptores
1440 2673 1640 2747 existimant,
1660 2675 1902 2757 imperatorem,
1918 2687 1973 2765 qui

614 2753 647 2817 iu
664 2755 794 2817 natione
808 2751 1084 2836 comprehenditur
1096 2751 1129 2814 dt
1140 2771 1232 2815 unua
1247 2773 1290 2815 ex
1310 2755 1610 2832 'compaciscentibus
1628 2777 1700 2818 cum
1721 2759 1877 2826 Pontilice
1899 2766 1972 2840 suit,

611 2835 742 2916 idipsum
762 2844 938 2908 attentare,
963 2855 1000 2895 ac
1014 2835 1156 2915 precibus
1170 2834 1232 2897 suis
1250 2835 1442 2919 interpositis
1462 2840 1579 2920 absque
1598 2837 1768 2905 Pontificio
1786 2842 1902 2910 assensu
1923 2863 1973 2912 re·

611 2918 735 2984 servata
748 2916 900 2982 beneficia
913 2916 1045 2982 adficere
1061 2936 1128 2980 uon
1143 2914 1240 2999 pulle.
1292 2965 1295 2972 .

1159 3148 1190 3230 t.
1236 3107 1307 3214 lis.¹
1366 3081 1369 3088 Ι

618 3309 741 3404 Quarti
762 3306 868 3381 robur
887 3306 1048 3380 momenti
1069 3328 1136 3378 ram
1161 3302 1305 3379 solidum
1327 3309 1368 3380 iis
1390 3305 1562 3382 autoribus
1588 3305 1739 3391 videtur,
1760 3330 1799 3383 ut
1824 3312 1907 3386 niltil
1932 3315 1973 3389 ad

510 3404 583 3479 illud
600 3403 847 3479 suffodiendum
862 3404 935 3477 satis
949 3427 1063 3498 aptum
1078 3406 1204 3501 opponi
1222 3429 1340 3501 queat;
1364 3404 1386 3476 li
1400 3411 1489 3477 cuim
1511 3404 1653 3479 Cesarea
1667 3407 1824 3503 precibus
1840 3409 1904 3483 suis
1919 3439 1974 3485 au·

510 3525 541 3576 te
564 3503 775 3577 Concordata
796 3507 908 3576 omnia
929 3500 1065 3604 prorsus
1094 3498 1252 3572 beneficia
1279 3501 1462 3577 habuissent
1486 3504 1642 3584 obnoxia,
1667 3530 1726 3575 cur
1749 3507 1906 3604 deinceps
1921 3533 1975 3581 ex·

509 3603 746 3699 ceptionibusa
773 3598 943 3674 Pontificia
969 3595 1173 3680 indefessis,
1197 3598 1229 3670 dr
1252 3603 1287 3670 in
1311 3601 1599 3672 Concordatnrum
1624 3623 1741 3671 tenore
1758 3597 1905 3675 fundatis
1924 3630 1975 3678 ac·

508 3704 719 3796 quieverunt,
747 3702 793 3771 ita
808 3723 845 3771 ut
860 3722 918 3770 uec
934 3694 1099 3769 ¹benefitia
1116 3701 1149 3766 in
1165 3697 1341 3789 Extravag.
1371 3704 1428 3770 Aa
1449 3703 1590 3790 Regimen
1613 3696 1801 3780 reservata,
1826 3726 1885 3771 nec
1907 3704 1976 3798 pti·

506 3821 571 3869 mas
592 3799 770 3892 dignitates
793 3800 827 3867 in
848 3792 998 3868 Ecclesia
1020 3793 1275 3867 Cathedtalibua
1299 3796 1331 3870 dt
1356 3795 1546 3886 Collegiatis
1566 3791 1721 3893 precibus
1743 3796 1809 3868 suis
1831 3796 1975 3875 adlicere

506 3896 736 3968 intenderint?
760 3890 910 3988 Hujusce
930 3895 978 3964 rei
1002 3892 1064 3963 alia
1086 3891 1160 3964 sane
1181 3896 1267 3965 ratio
1292 3894 1386 3964 reddi
1414 3895 1552 3990 nequit,
1575 3917 1612 3965 ut
1633 3891 1842 3976 exillimnnt,
1871 3920 1974 3991 quana
2109 3935 2115 3942 ·

507 3994 591 4090 quud
607 3993 641 4064 id
655 3995 740 4090 jutis
756 4017 818 4089 per
834 3989 1041 4063 Concordata
1056 3988 1123 4061 sedi
1139 3988 1337 4085 Apostolicae
1359 3989 1535 4062 stabilitum
1553 3988 1657 4063 fuerit
1672 3991 1705 4060 dt
1723 3992 1842 4062 deinde
1858 3995 1974 4069 eadem

507 4090 588 4163 nihil
609 4090 652 4164 de
673 4089 734 4161 illo
757 4087 940 4168 remiserit,
960 4084 1020 4157 nist
1041 4112 1201 4183 quantum
1226 4093 1344 4160 attinet
1368 4086 1525 4160 berteficia
1545 4093 1578 4160 in
1606 4085 1768 4158 menfibus
1797 4089 1976 4187 Papalibua'

506 4190 666 4270 meantia,
690 4211 764 4284 quae
777 4211 816 4259 ex
835 4184 968 4283 speciali
986 4182 1187 4263 'concessione
1208 4186 1383 4258 Pontifices
1406 4186 1559 4282 precibus
1584 4184 1739 4260 Cael'areis
1767 4186 1908 4258 obnoxia
1925 4185 1974 4286 fp-

507 4307 590 4359 tete.
642 4283 742 4356 Hanc
757 4286 933 4356 veritatem
954 4286 1021 4354 n'nn
1043 4282 1153 4355 obiter
1175 4283 1361 4375 cognovisse
1376 4286 1508 4355 videtur
1528 4308 1567 4356 ex
1589 4279 1846 4357 Ptutellantibus
1870 4290 1976 4359 nomi·

507 4379 685 4457 natitsmus
699 4382 911 4459 Boebmerua,
926 4384 1091 4476 ¹qui'mira
1106 4382 1290 4478 suplicandi
1308 4385 1435 4453 tatione
1451 4371 1545 4465 usus,
1568 4404 1676 4453 tutum
1690 4381 1724 4452 id
1742 4385 1777 4453 in
1790 4384 1977 4456 voluntates

507 4480 671 4553 casuum
688 4481 779 4553 inco
795 4476 994 4551 Pontificum
1010 4482 1114 4551 menti
1128 4480 1204 4577 plus
1227 4481 1479 4552 concedentium
1498 4478 1606 4574 rejicit
1616 4482 1656 4573 a)
1683 4477 1737 4551 sed
1762 4481 1979 4578 quemadmn·

506 4577 581 4655 dum
596 4604 637 4660 ta
659 4580 896 4680 interpretatio
914 4572 1040 4658 affabre
1054 4576 1101 4657 til
1114 4581 1315 4750 excogitatus,
1335 4581 1381 4653 ita
1395 4576 1487 4656 nullo
1509 4582 1572 4659 niti
1593 4602 1666 4660 tatu
1687 4582 1836 4658 ueritatis
1859 4574 1979 4647 fundae

1318 4699 1338 4765 ³
1863 4693 1978 4750 meato
