5017 5592
471 614 579 718 „a
709 595 713 604 ’
944 523 1606 682 ’θιέειῑιιτιιτιω
1731 601 1736 608 ·

564 805 571 816 ·
619 789 767 852 doiorum
782 781 959 852 Germanice
974 801 1030 867 per
1045 801 1165 867 preces,
1181 789 1218 847 ut
1232 781 1265 845 in
1280 784 1446 844 conventu
1458 774 1686 843 ConflueutIno
1700 794 1785 842 anno
1801 793 1893 863 1479.
1903 729 1978 840 iuni

620 876 797 967 concepta,
825 870 872 936 “e
952 865 1033 928 ltern
1053 866 1172 929 eisdem
1188 861 1453 947 (Concordttia)
1471 861 1644 942 derogator
1664 880 1719 948 per
1740 861 1979 927 nominatione

619 949 802 1038 Impetuiea
812 991 835 1030 „
852 885 932 1019 vid.
941 946 1098 1056 Lilnigina
1112 945 1209 1017 Toni.
1220 943 1247 1013 1.
1261 944 1368 1030 Spicil.
1381 941 1469 1014 Eccl.
1487 962 1517 1029 p.
1532 959 1605 1026 355.

1012 1119 1061 1140 ’“’
1138 1148 1173 1237 t.
1223 1138 1353 1218 v111.

620 1303 754 1379 'Tertiae
769 1302 909 1376 rationis
928 1301 996 1374 vim
1017 1297 1106 1373 haud
1130 1289 1297 1398 quaquam
1319 1297 1450 1372 elevare
1465 1299 1599 1373 videtur
1619 1320 1769 1374 contorta
1790 1296 1982 1372 Audiorum

433 1475 437 1489 ,
509 1404 548 1496 i)
571 1400 748 1502 expolitio,
761 1402 800 1471 in
814 1424 856 1474 eo
869 1397 1069 1481 confidant,
1082 1395 1258 1470 Pontifices
1273 1392 1429 1468 formulis
1446 1397 1512 1468 illio
1532 1398 1770 1490 derogatoriis,
1792 1397 1984 1470 Concorde-

513 1505 557 1578 tia
572 1526 640 1576 non
655 1523 723 1571 tam
739 1494 925 1591 derogasse,
948 1521 1048 1591 quam
1069 1490 1261 1575 declartsse,
1284 1489 1419 1588 padium
1441 1494 1525 1566 illud
1546 1494 1717 1592 pubiicum
1739 1497 1860 1592 primis
1876 1494 1985 1589 preci·

511 1598 577 1675 hoa
600 1598 787 1672 nullatenus
807 1588 1341 1687 contrariari:,nequesubjuniia
1360 1615 1478 1664 eorum
1493 1594 1626 1685 argutio
1647 1594 1680 1664 id
1703 1596 1808 1685 magis
1827 1595 1985 1664 evincere

444 1737 448 1742 ·
513 1692 768 1779 ridetur,dum
790 1690 895 1764 libere
922 1692 1161 1786 pronunciant,
1184 1711 1244 1760 nec
1267 1710 1306 1758 er
1328 1710 1425 1783 parte
1448 1689 1656 1761 collatorum
1679 1692 1889 1771 Germaniae,
1911 1689 1985 1783 qui·

436 1767 441 1792 ¹
514 1787 653 1870 buseum
669 1788 759 1859 nulia
781 1787 822 1860 ab
844 1791 1054 1884 Imperatore
1074 1786 1251 1860 conventio
1264 1781 1401 1855 tum‘est
1421 1787 1520 1867 inita,
1543 1811 1603 1858 nec
1623 1811 1662 1861 ex
1685 1810 1780 1883 perte
1800 1783 1984 1867 Pontificio,

513 1881 1136 2060 iiiiii.fiii-‘Zinffiiiissdiia'ud
1146 1877 1635 2071 iizriisz‘202iffizfftnt3
1645 1878 1987 2054 ”3:2355‘321522‘5

514 2030 686 2155 firmantis,
702 2074 870 2152 sententiae
893 2006 1197 2174 ircileprepnnent,
1220 2076 1343 2159 cuivis,
1391 2078 1426 2148 ui
1442 2077 1625 2174 impartiali
1646 2077 1800 2151 duntaxat
1815 2077 1915 2150 oculo
1931 2100 1988 2150 ve·

513 2179 651 2252 ritatem
671 2177 824 2250 contueri
838 2196 943 2257 amat,
965 2172 1149 2248 ‹filucidum
1171 2170 1251 2257 effe,
1269 2099 1445 2246 Pontidcea
1465 2197 1485 2244 a
1508 2173 1655 2247 Nicolao
1674 2180 1718 2248 V.
1737 2175 1899 2271 usquead
1914 2198 1989 2247 mo·

514 2274 658 2348 demum
674 2276 797 2368 Papam
816 2270 1052 2354 Concordatia,
1068 2295 1107 2344 ex
1125 2270 1334 2368 plenitudine
1350 2266 1519 2368 potestatis
1537 2268 1593 2356 fibi
1610 2297 1648 2354 eu
1661 2274 1695 2343 in
1708 2298 1746 2344 re
1759 2269 1989 2369 prefiguratr,

515 2372 552 2445 in
568 2367 787 2446 indultiasuia
802 2392 881 2440 vete
899 2368 1060 2460 derogare
1083 2365 1274 2451 intendiffe3
1297 2367 1388 2463 quod
1407 2391 1489 2440 vero
1508 2365 1673 2463 subjunffl
1695 2373 1860 2442 ratiocinii
1883 2392 1990 2466 caput

512 2466 581 2550 est,
612 2469 712 2561 pati,
734 2488 800 2561 qua
820 2460 965 2558 idipsum
984 2488 1023 2534 ex
1042 2460 1212 2559 praemiffis
1239 2463 1426 2535 rationibus
1447 2488 1591 2556 negant,
1614 2461 1772 2540 facilitate
1793 2463 1987 2541 confutant:

513 2564 575 2638 illo
598 2564 727 2659 quippe
746 2586 818 2632 aevo
838 2558 896 2631 ubi
916 2562 1019 2631 animi
1038 2558 1333 2657 Epiicoporumdt
1373 2560 1580 2632 Collatorum
1613 2565 1802 2637 Germanic
1828 2561 1988 2638 adversus

476 2729 486 2740 .
513 2650 632 2736 omnes
657 2655 891 2754 exspediativaa
916 2659 1078 2731 acerrime
1101 2679 1196 2729 erent
1215 2656 1398 2741 concitari,
1421 2655 1479 2729 ubi
1494 2656 1636 2732 liberum
1660 2662 1692 2734 dr
1719 2663 1918 2757 primevum
1930 2661 1989 2757 jur

513 2752 712 2834 conferendi
732 2752 791 2826 sibi
815 2753 1149 2841 viudicrrumibant,
1174 2752 1231 2826 ubi
1249 2750 1357 2825 Cesar
1381 2776 1517 2849 quoque
1541 2757 1677 2851 pacifica
1701 2759 1843 2839 necdum
1862 2783 1937 2832 eret
1952 2762 1990 2832 in

511 2847 707 2955 posseffione
727 2850 914 2944 illiuajuria
929 2851 963 2923 dr
980 2853 1150 2934 exercitii,
1165 2846 1264 2923 facile
1276 2846 1335 2921 fibi
1348 2847 1553 3016 persuadere
1570 2859 1705 2949 potuit,
1725 2855 1779 2950 jus
1797 2856 1903 2928 hocce
1918 2858 1992 2954 pri·

513 2954 700 3033 mariarum
715 2971 871 3043 precum,
885 2946 999 3020 libere
1013 2947 1185 3032 collationi
1199 2971 1307 3041 usque
1328 2973 1345 3018 a
1370 2972 1410 3019 eo
1433 2952 1588 3037 noxium,
1612 2954 1906 3051 perconcordnta¹
1919 2978 1992 3028 non

513 3045 592 3123 fote
614 3043 916 3117 stetuminandum:
943 3047 1100 3141 quocirca
1116 3045 1208 3115 nulla
1228 3045 1301 3140 ejua
1317 3042 1437 3139 injeida
1452 3051 1637 3133 mentione,
1659 3073 1788 3124 norme·
1799 3051 1992 3128 collationis

465 3173 468 3181 ·
515 3139 756 3218 beneficiorum
776 3137 971 3213 universalis
984 3139 1025 3216 ab
1041 3164 1183 3240 utraque
1194 3165 1291 3240 parte
1306 3165 1372 3240 pro
1387 3140 1471 3218 statu
1491 3146 1681 3223 Germanic
1702 3149 1861 3247 deinceps
1875 3147 1993 3227 obser·

515 3239 641 3324 tanda,
662 3235 856 3335 prescripta
870 3231 943 3313 fuit.
1048 3300 1050 3304 .

553 3409 593 3493 ι)
613 3407 663 3475 lu
679 3406 871 3492 detorquent
882 3404 1055 3473 Linckerua
1068 3409 1102 3474 in
1114 3407 1262 3473 vindiciis
1281 3412 1390 3493 prima.
1407 3392 1491 3496 pree.
1510 3431 1541 3498 p.
1557 3422 1606 3489 18.
1633 3412 1804 3481 Gribuetna
1819 3415 1852 3480 in
1870 3416 1991 3490 differt.

592 3611 600 3637 x
629 3489 867 3657 &effighffi
874 3488 1036 3656 pffifim
1048 3490 1173 3556 indultu
1189 3490 1354 3560 Pontificio
1367 3492 1439 3561 Val.
1454 3491 1480 3579 ς.
1497 3513 1546 3580 17·
1562 3495 1596 3559 tr
1609 3495 1752 3580 Apteron
1769 3499 1802 3563 in
1813 3500 1867 3566 cit.
1888 3499 1995 3633 Coppq

553 3706 593 3793 d)
612 3705 790 3774 Postremus
803 3708 856 3773 hic
869 3708 976 3772 Antor
992 3704 1034 3771 fic
1048 3705 1091 3770 ibi
1110 3685 1229 3790 pergit:
1250 3711 1275 3803 ξ’
1286 3706 1392 3772 Multo
1404 3712 1508 3775 minua
1520 3712 1591 3777 hinc
1604 3703 1666 3778 u'ici
1678 3709 1797 3794 potest,
1816 3687 1996 3779 statumen-³

654 3791 709 3853 erii
724 3790 948 3855 ecclesiasticos
962 3811 1006 3853 ex
1017 3788 1230 3853 Concordetia
1247 3808 1299 3871 Jua
1321 3791 1510 3857 consecutos
1530 3795 1591 3859 effe
1611 3795 1756 3878 precibus
1774 3796 1993 3878 imperialibue

476 3877 481 3888 ’
542 3940 545 3947 ,
629 3810 695 3934 dese
707 3874 900 3953 opponendi
941 3870 1276 3954 Numquelmperrtor
1293 3891 1444 3938 nonnum
1465 3875 1696 3959 Episcopisvel
1713 3876 1996 3942 ordinerihbene·

630 3952 779 4017 ficiorutn
796 3951 1031 4025 Collttoribua,
1052 3964 1200 4033 tanquam
1218 3964 1306 4035 parte
1317 3956 1432 4030 altera,
1455 3958 1625 4040 transegit,
1646 3957 1696 4020 sed
1712 3957 1767 4040 ipss
1781 3959 1942 4040 Principea
1954 3959 1994 4026 dt

630 4030 810 4117 Imperator
823 4035 861 4098 ab
874 4033 981 4097 una&
999 4034 1149 4098 Pontifex
1169 4035 1261 4099 Rom.
1276 4036 1314 4100 ab
1334 4038 1430 4101 ultera
1451 4055 1539 4122 parte
1552 4041 1720 4115 steterunt,
1753 4041 1836 4103 unde
1850 4060 1911 4105 nec
1923 4040 1995 4110 lue

631 4126 761 4196 perator
773 4117 812 4179 de
825 4117 894 4198 jure
904 4115 959 4180 fibi
972 4116 1033 4196 jum
1050 4126 1139 4183 anter
1154 4119 1184 4177 in
1199 4117 1350 4181 beneficia
1367 4121 1568 4186 ecclesiastice
1582 4119 1734 4205 quaefito,
1764 4125 1926 4205 quidpiam
1939 4141 1995 4188 re·

632 4195 759 4269 mifisse,
784 4219 842 4263 nee
858 4200 985 4262 ordines
1003 4217 1074 4260 com
1099 4197 1266 4260 naciscentes
1282 4200 1378 4262 uliam
1391 4202 1463 4265 inde
1481 4210 1703 4289 exceptionem
1719 4219 1829 4265 contra
1840 4204 1920 4267 illud
1935 4207 1994 4270 aei

633 4276 791 4357 qnifiviffe
804 4279 946 4344 censendi
963 4281 1041 4342 sunt.
1077 4218 1289 4359 diequevero
1310 4281 1458 4348 Pontifici
1479 4288 1645 4370 quidquam
1660 4284 1738 4367 juris
1756 4286 1907 4350 adversus
1919 4299 1995 4370 pre-i

632 4375 688 4419 caa
701 4359 875 4438 imperiales
891 4381 947 4444 per
961 4361 1160 4423 Concordem
1176 4372 1303 4425 enatum
1321 4363 1380 4436 est,
1412 4384 1483 4428 curn
1501 4387 1567 4431 non
1590 4390 1631 4433 eo
1649 4368 1754 4430 artitno
1768 4369 1845 4446 inite
1860 4368 1996 4447 fuerint,

634 4449 672 4502 ut
686 4447 797 4500 tenues
814 4440 884 4503 satis
897 4444 1038 4523 reliquiae
1050 4440 1167 4521 pristini
1177 4445 1256 4525 juris
1271 4448 1351 4507 circa
1365 4446 1447 4509 sacra
1462 4448 1706 4535 Imperatoribue
1718 4452 1925 4532 eriperentur,
1939 4451 1997 4519 sed

632 4529 671 4582 nt
685 4520 810 4582 taudem
827 4526 950 4587 enormi
966 4523 1044 4587 sedit
1055 4523 1206 4589 Romanae
1223 4527 1376 4605 quidlibet
1389 4530 1470 4593 circe
1485 4532 1635 4597 beneficia
1654 4531 1855 4595 ecclefinsticr
1868 4533 1997 4598 tuden·

633 4600 839 4692 inpotenter
855 4604 941 4672 obex
958 4616 1140 4689 poneretur.
1153 4648 1177 4692 ‚,
1217 4606 1338 4680 Verum
1350 4615 1535 4697 praeterea,
1556 4633 1628 4702 quae
1642 4613 1708 4699 jem
1728 4613 1868 4699 superine
1889 4616 1995 4680 addu-

1935 4699 1993 4770 &a
