5017 5592
927 533 929 538 ’
1024 539 1047 575 Ι

552 633 630 763 nr*
642 623 771 783 Juiin
797 684 1063 768 cuisnttno
1090 635 1459 768 rniirnutanutu
1476 691 1695 771 PRECUM.
1723 723 1726 728 ·
1820 705 1890 778 tat

1078 905 1107 996 ς,
1156 902 1234 980 ΙΙΙ.

524 1035 638 1127 Magis
655 1034 790 1109 ridetur
803 1036 879 1110 hace.
892 1034 1113 1109 controversis
1128 1038 1320 1113 catholicos
1337 1042 1425 1112 inter
1440 1038 1473 1112 u
1491 1037 1710 1113 Protellintea
1732 1038 1894 1130 exarsilse,

406 1128 487 1203 dum
510 1131 670 1205 trislatus
698 1140 788 1233 pacis
811 1133 1000 1228 osnabrugi
1019 1135 1158 1208 inllituti
1180 1134 1288 1211 fuere.
1355 1142 1473 1231 Longo
1495 1163 1649 1234 ternpore
1671 1141 1893 1214 Proteliantei

408 1232 556 1302 inimum
574 1230 747 1306 inflesiere
763 1258 804 1305 en
818 1234 1015 1323 noluerunt,
1040 1257 1078 1304 ut
1094 1234 1303 1316 asmentia,
1330 1260 1394 1326 qua
1411 1240 1603 1310 exercitium
1616 1239 1702 1332 juris
1718 1240 1896 1334 primarie·

406 1353 480 1400 rum
498 1353 640 1424 precum
660 1334 732 1426 paci
756 1329 932 1423 Religiosae
950 1330 1133 1414 adversari,
1164 1337 1196 1404 in
1218 1336 1437 1435 prejudicato
1460 1334 1642 1416 habebant,
1667 1337 1893 1423 discederent,

407 1451 481 1498 uam
497 1428 644 1502 dilucide
658 1433 691 1499 in
705 1429 953 1523 gravaminibus
970 1428 1035 1501 suis
1051 1434 1084 1500 iii
1102 1429 1227 1529 scripto
1249 1460 1302 1525 ις,
1322 1432 1521 1505 Decembris
1537 1461 1623 1505 anno
1645 1444 1749 1524 1645.
1767 1432 1895 1507 exhibi·
1997 1444 2009 1453 ”

409 1527 448 1596 tis
470 1531 665 1618 gravamine
680 1533 723 1600 V.
743 1531 830 1601 circa
847 1525 948 1600 finem
968 1525 1113 1624 idipsum
1130 1527 1328 1616 edisserunt,
1353 1530 1387 1604 di
1405 1533 1587 1606 Catholicis
1603 1533 1840 1631 improbarunt
1856 1534 1895 1626 a)

409 1648 524 1695 reruni
541 1626 575 1696 hi
597 1651 661 1721 pio
680 1622 809 1699 tuendo
823 1651 938 1700 contra
962 1648 1118 1700 attentata
1133 1627 1390 1703 Protellantium
1415 1630 1491 1725 jure
1516 1653 1654 1726 precum
1676 1629 1895 1706 casatearum

409 1720 549 1793 misculc
570 1721 751 1808 lleterunt,
785 1724 1023 1821 respondentes
1047 1722 1309 1823 sequentianno
1332 1736 1422 1817 1646
1460 1726 1570 1799 mense
1590 1731 1752 1826 Januaaio
1773 1723 1896 1804 eorum
2020 1799 2031 1830 ,ἱ

412 1819 585 1916 polluistis
601 1827 685 1893 circu
700 1824 838 1895 eandem
860 1847 950 1904 iem,
974 1823 1026 1917 jus
1044 1827 1247 1914 ejuscemodi
1266 1830 1528 1923 Imperatorium
1546 1825 1588 1897 ob
1604 1829 1826 1900 reverensam
1846 1824 1897 1899 see
1939 1865 1944 1875 ¹

376 1945 382 1961 ·
413 1943 456 1988 cri
473 1923 616 2015 lmperii
633 1921 664 1991 ἃ
681 1919 856 2011 insignum
875 1918 1037 2018 supremae
1054 1925 1243 1995 eminentie
1261 1950 1299 1996 eit
1314 1923 1696 2020 antiquacoiisuetudine
1712 1920 1895 2007 invaluisse,

415 2039 508 2109 atque
529 2019 605 2088 idco
624 2045 689 2088 non
705 2016 768 2091 elle
785 2019 853 2089 ullo
875 2017 976 2089 modo
998 2020 1269 2093 conculcandum.
1304 2027 1339 2115 i)
1398 2028 1482 2092 Non
1504 2028 1593 2092 enim
1617 2022 1755 2093 decebit
1775 2046 1895 2095 eorum

417 2112 556 2208 judicio,
582 2139 619 2185 ut
635 2114 871 2196 Protellantes,
890 2121 947 2212 qui
966 2120 1101 2212 equalis
1117 2122 1313 2191 reverentie
1329 2116 1417 2212 ligna
1434 2117 1552 2190 Caesari
1567 2118 1610 2190 ob
1625 2118 1814 2217 supremam
1824 2120 1897 2217 eji‘ii

417 2212 626 2285 eminentiam
643 2213 820 2297 deberent,
848 2215 926 2286 huic
943 2215 1010 2316 juri
1028 2216 1059 2285 dt
1077 2213 1305 2290 consuetudini
1325 2217 1522 2312 pervetusta:
1542 2240 1780 2313 repugnarent.

363 2391 364 2396 ’
451 2380 489 2467 ι)
510 2379 586 2480 isid,
603 2380 684 2465 epod
703 2357 885 2482 Goisridum
898 2385 938 2447 de
951 2384 1071 2484 Meletn
1085 2385 1240 2484 Assoron
1251 2382 1284 2450 P.
1296 2380 1350 2451 W.
1365 2381 1461 2484 Tota.
1479 2382 1521 2449 ΙΙ.
1539 2384 1606 2449 Lib.
1627 2383 1700 2503 XV:
1725 2404 1798 2483 ρπβ.
1823 2402 1899 2468 529.

527 2466 1222 2629 iiiiii?lttliltizlliilifii
1232 2466 1898 2633 liiiiill,lillllssllitillili

527 2631 814 2704 indiminutarum
831 2633 995 2709 nilioidtt
1010 2638 1140 2704 nubit,
1160 2632 1213 2704 iti
1227 2631 1287 2709 ills
1300 2637 1349 2698 iii
1364 2631 1511 2711 Religion
1521 2631 1660 2711 -gtititii
1671 2632 1737 2705 autb
1752 2633 1898 2706 iittiuiiu

528 2710 580 2788 cii
591 2715 649 2778 iiiii
662 2710 751 2781 &iiie
764 2712 889 2791 niltiit,
913 2720 970 2780 iiio
988 2716 1132 2780 iitiitni
1150 2711 1237 2792 iiiiii
1253 2717 1282 2777 iti
1297 2716 1341 2778 iit
1357 2703 1443 2794 bini
1463 2711 1593 2790 ualuirlii
1615 2716 1726 2780 urticis
1740 2715 1815 2779 nii.-
1842 2710 1898 2776 Ex

529 2794 643 2937 pluribus
664 2795 770 2857 verbis
784 2794 978 2859 manifestum
995 2794 1056 2870 est,
1081 2793 1314 2867 protestantes,
1339 2805 1408 2857 tum
1428 2812 1537 2878 preces
1550 2794 1712 2892 primarias
1732 2793 1899 2892 nconcel·

529 2894 618 3020 hppse
629 2874 824 3023 Sppsplrlpum
838 2877 1041 2952 descendere,
1062 2875 1231 2960 judicasse,
1252 2878 1434 2960 inquorum
1448 2877 1576 2950 odium,
1598 2874 1668 2977 illas
1687 2889 1815 2959 penitus
1831 2875 1901 2942 sui·

458 3073 494 3156 i)
513 3073 608 3158 Apud
622 3078 755 3138 eundem
771 3077 809 3139 de
824 3076 943 3140 llleletu
960 3075 1055 3140 Tom.
1070 3075 1104 3139 dt
1124 3078 1178 3140 lib.
1199 3078 1252 3141 cit.
1276 3096 1347 3157 pag.
1368 3096 1436 3157 559.
1454 3076 1507 3140 sub
1529 3075 1624 3140 finem
1646 3083 1756 3140 contra
1781 3094 1900 3158 μανι·

529 3178 601 3220 nien
616 3158 655 3224 V.
678 3158 918 3223 Protestsutiutn
931 3163 1026 3223 verbi
1043 3158 1282 3222 Catholicnrum
1297 3160 1367 3220 haec
1383 3164 1487 3242 legere
1499 3160 1558 3223 est:
1582 3159 1727 3237 lonirrllsu
1740 3163 1838 3224 militi
1855 3161 1900 3226 lle

529 3240 721 3313 ditbiiildtu
744 3247 940 3316 niuiiniiutbt
958 3242 1040 3318 iniit
1058 3245 1172 3316 iiiiii,
1194 3242 1246 3317 uni
1262 3258 1326 3306 iiiiii
1345 3241 1577 3320 [optinuisset
1593 3235 1902 3318 miiiiiutitinieiiii

530 3325 594 3390 ben
610 3316 770 3397 illusistis,
801 3326 909 3395 unitim
928 3316 1157 3400 cltrtnloiulltu
1180 3324 1274 3397 bittit
1296 3329 1349 3389 iai
1365 3321 1415 3394 lin
1433 3328 1504 3390 aiiii
1525 3329 1581 3389 uni
1604 3324 1682 3396 isitii
1699 3321 1842 3399 &tilium
1859 3325 1900 3390 iti

530 3403 642 3473 (litim,
664 3407 707 3467 ob
723 3409 933 3468 reverentiam
955 3406 1031 3469 sacri
1046 3405 1172 3487 Imperii
1187 3403 1221 3467 dc
1235 3406 1267 3466 in
1281 3404 1402 3486 siguum
1415 3405 1565 3487 supremae
1589 3407 1769 3465 eminentiae
1783 3425 1824 3464 ex
1842 3421 1900 3462 aii·

529 3484 696 3567 tiquiffins
715 3485 749 3549 dc
770 3491 941 3574 approbata
956 3488 1184 3551 cousuetudine
1200 3484 1392 3565 qtbdbitnbci
1406 3489 1457 3568 jus
1472 3487 1505 3549 dc
1524 3485 1716 3548 reservatum
1740 3483 1900 3568 primarii·

530 3588 748 3654 comprecari,
764 3572 793 3639 iu
808 3564 982 3652 uiuitiiuiti
1000 3570 1126 3654 3ntiiitl
1143 3575 1199 3638 uui
1220 3569 1365 3653 Disputat
1384 3572 1507 3649 intirim
1520 3576 1666 3649 rencourt
1682 3568 1745 3647 itui
1757 3568 1859 3678 utilit.

943 3793 948 3802 .
1084 3778 1114 3859 i·
1168 3767 1243 3840 iu.

533 3900 662 3973 Eodem
678 3923 764 3972 anno
786 3919 940 3969 currente
956 3924 1030 3970 cum
1047 3899 1198 3970 viderent
1215 3895 1450 3982 Protellantes,
1467 3923 1503 3969 ex
1524 3919 1618 3994 parte
1635 3890 1900 3979 catholicorum,

423 3997 519 4072 uti&
543 3997 772 4075 Caesareorum
795 3997 982 4088 legatorum
1007 3996 1137 4070 firmam
1164 3996 1310 4094 perstare
1338 3997 1555 4079 sententiam,
1579 3998 1755 4091 primarias
1785 4017 1901 4088 preces

421 4095 639 4196 imposterum
653 4098 694 4168 ad
709 4096 862 4189 Capituli
881 4096 912 4167 dc
934 4095 1110 4175 Ecclefias,
1127 4121 1200 4192 quae
1216 4098 1254 4165 ad
1276 4122 1394 4165 novam
1410 4098 1626 4184 religionem,
1645 4116 1715 4162 tuni
1733 4089 1900 4174 transiere,

420 4197 493 4294 jure
521 4196 713 4288 dirigendas
732 4191 795 4267 else
819 4192 1046 4274 statuentium,
1071 4199 1218 4264 animum
1238 4194 1318 4263 alias
1348 4216 1494 4263 tenacem
1516 4189 1727 4260 inlleilcbant
1742 4190 1782 4261 ad
1801 4188 1903 4261 conli-
1960 4193 1969 4214 ¹
2013 4243 2016 4252 .

422 4297 462 4366 lia
479 4290 633 4392 oppofira
649 4291 904 4389 ampleiienda3
932 4292 1202 4388 quandoquidem
1219 4296 1307 4362 inter
1324 4293 1433 4360 media
1455 4285 1704 4383 compositionis
1726 4292 1759 4358 in
1776 4285 1921 4385 punslo.

423 4392 580 4466 reseruati
616 4388 828 4462 Ecclefiallicl
856 4414 997 4460 numero
1024 4417 1075 4459 io.
1099 4391 1162 4459 boc
1189 4390 1373 4459 luculenter
1398 4387 1593 4467 attulerant,
1618 4388 1775 4485 deinceps
1799 4384 1901 4457 Casa·

423 4517 514 4565 teani
536 4488 746 4580 Maiestatem
771 4488 845 4580 jure
867 4513 1005 4584 precum
1021 4491 1052 4558 in
1077 4484 1227 4556 Ecclesis
1248 4486 1414 4556 Archi-dt
1437 4482 1689 4583 Episcopalibus
1721 4484 1903 4579 protellari-

425 4592 495 4661 ticis
516 4590 566 4660 uti
584 4584 690 4684 posse,
714 4590 747 4659 in
764 4584 885 4682 quibus
901 4588 934 4656 id
951 4610 1044 4658 antea
1059 4580 1268 4663 exercuisset,
1291 4588 1442 4678 quamvis
1458 4581 1584 4655 menses
1607 4583 1743 4681 Papalcs
1765 4583 1797 4652 di
1820 4605 1900 4651 con·

423 4685 648 4767 firmationem
667 4684 885 4759 Pontificism
907 4687 942 4756 iu
964 4682 1033 4757 illis
1053 4680 1205 4758 Ecclcliis
1226 4685 1361 4780 penitus
1385 4678 1528 4758 sublatos
1549 4681 1680 4762 vellent.
1694 4678 1734 4776 a)
1760 4677 1901 4788 Hincin

363 4779 365 4908 l
544 4784 674 4863 Tomis
696 4780 744 4864 V.
1336 4783 1367 4855 X
1600 4819 1612 4838 ι
1784 4798 1901 4875 aprico
1952 4865 1970 4875 -

1033 4911 1069 5000 i
