5017 5592
367 3609 370 3614 .
475 3577 527 3623 nae
548 3555 629 3614 inter

1084 640 1666 770 utssartrarto

1005 823 1010 831 ⁸
1295 868 1475 962 §.itt

374 1041 376 1046 '
456 1031 612 1099 Necnon
759 1010 890 1102 Neque
913 1005 1018 1076 etiam
1043 1001 1298 1100 improbandam
1331 1004 1416 1076 duco
1448 1027 1587 1101 operam
1618 1003 1738 1085 illam,
1786 1026 1860 1101 quar
1886 1005 1918 1075 in
1947 1003 2123 1086 comitiis,

459 1130 597 1187 compo·
646 1107 688 1199 (ς
722 1100 901 1270 ipseqq‘)
925 1100 1038 1172 turbis
1056 1106 1142 1172 circa
1165 1104 1394 1196 Religionem,
1420 1103 1472 1173 vel
1496 1097 1608 1174 sittim
1626 1105 1659 1172 in
1683 1099 1760 1199 ipso·
1779 1125 1856 1173 ortu
1878 1099 2048 1181 sedandis,
2071 1100 2125 1172 vel

354 1204 361 1216 ”
460 1198 573 1293 &le}
647 1201 858 1301 postmodum
889 1200 1265 1295 altem-componendis,
1288 1198 1446 1271 collocata
1458 1194 1541 1282 fuit;
1568 1197 1839 1296 neutiquamsuae
1854 1195 2025 1297 potestatis
2042 1194 2124 1269 fines

462 1277 590 1373 &ssidis
649 1305 712 1374 hoc
732 1300 835 1370 modo
859 1297 1079 1389 egrediuntur
1100 1299 1289 1393 Principes,
1316 1294 1389 1380 secl,
1415 1298 1692 1391 qttodTutorum
1712 1294 1859 1367 Ecclebae
1886 1297 1918 1368 dt
1940 1296 2129 1367 Advocato·

461 1359 605 1456 thgw'
648 1425 724 1471 rum
750 1420 871 1467 munus
894 1392 957 1477 ell,
983 1417 1203 1489 exequuntur.
1256 1398 1332 1465 Nec
1357 1394 1415 1489 ipli
1439 1394 1724 1489 Pontifici,cujus
1747 1398 1863 1486 Legati
1886 1392 2064 1490 ptaesentes
2089 1416 2126 1463 ut

515 1486 524 1504 ⁰
649 1499 835 1594 plurimum
861 1514 970 1569 erant,
998 1514 1064 1561 tam
1085 1492 1142 1560 diu
1165 1490 1260 1561 labor
1274 1492 1331 1561 isle
1348 1490 1539 1587 displicuit,
1560 1516 1659 1587 quarn
1679 1492 1736 1561 diu
1755 1496 1788 1561 in
1807 1494 1960 1563 Comitiis
1977 1487 2130 1561 dissiden-

650 1617 699 1665 tes
722 1591 849 1669 auditi,
890 1588 1046 1682 illisque,
1081 1611 1116 1657 ur
1139 1589 1184 1657 ad·
1203 1589 1419 1658 concordiam
1440 1589 1601 1670 redeant,
1633 1592 1767 1659 monitis
1789 1585 1929 1677 solum,
1957 1586 2128 1684 precibus,

650 1693 750 1762 minis
765 1685 964 1756 inculcatum
981 1683 1036 1757 eli.
1088 1683 1144 1755 All
1162 1686 1245 1754 alios
1261 1682 1384 1756 dillidia
1402 1685 1820 1780 Religionis‘cornponendi
1838 1687 1975 1765 modus,
1993 1683 2015 1754 st
2032 1709 2130 1777 quas·

649 1790 724 1858 darn
744 1789 778 1855 in
807 1781 998 1851 decidendis
1021 1778 1098 1851 litlei
1121 1781 1353 1852 controversis
1377 1808 1489 1879 partes
1513 1783 1568 1852 fibi
1587 1786 1731 1854 Comitia
1756 1781 1899 1864 sumant,
1924 1781 1946 1854 st
1968 1786 2000 1851 in
2017 1783 2132 1850 Collo·

648 1887 737 1978 qutis
760 1882 801 1953 de
820 1880 992 1969 Religione
1007 1880 1144 1973 Judices
1166 1878 1381 1959 eonllituete,
1409 1905 1464 1950 aut
1487 1906 1585 1972 agere
1604 1883 1705 1951 velint
1719 1884 1803 1975 Jure
1819 1884 1980 1977 proptio,
2007 1881 2061 1949 hic
2078 1882 2132 1947 in«

624 1979 748 2076 'quant
773 1977 911 2056 modus,
938 1972 1020 2044 fines
1045 1977 1232 2047 Comitialis
1255 1975 1426 2046 Potestatis
1450 1978 1638 2068 egreditur,
1672 1978 1701 2047 dr
1729 1982 1899 2073 bucusque
1926 1975 2057 2071 semper
2077 2000 2131 2045 va·

646 2102 709 2148 taus
734 2072 797 2146 fuit
818 2076 927 2144 onmis
950 2071 1043 2142 labor
1067 2071 1106 2142 stc
1128 2069 1307 2167 impensus.
1361 2078 1538 2168 Quotquot
1556 2075 1725 2145 Comitiali
1741 2074 1876 2146 decreto
1892 2073 2040 2144 instituta
2056 2068 2133 2143 sunt

648 2176 690 2247 cle
705 2173 880 2263 Religiotte
897 2170 1091 2264 Colloquii,
1119 2173 1312 2261 gratiarnm
1328 2165 1463 2242 suerunt
1481 2174 1590 2242 litium
1607 2166 1749 2253 semina,
1777 2174 1810 2241 itt
1827 2175 1981 2243 Comitiis
1999 2172 2134 2265 quippe

647 2298 715 2343 non
734 2293 801 2341 tarn
825 2267 974 2363 pondere
990 2263 1174 2337 Saniiuarii
1188 2292 1268 2337 tem
1292 2267 1456 2349 dimetiri,
1483 2293 1585 2364 quant
1605 2267 1645 2338 ad
1668 2268 1820 2362 politices
1841 2269 1875 2339 dr
1891 2270 2134 2342 convenientiae

646 2370 737 2461 leges
763 2370 895 2457 exigere
920 2361 1036 2435 solent.
1093 2372 1143 2435 Ae
1165 2390 1337 2457 nunquam
1359 2366 1435 2434 ideo
1457 2362 1600 2436 Ecclesia
1621 2363 1742 2437 Chrilli
1763 2370 1796 2436 in
1819 2388 1983 2438 conventu
2009 2390 2054 2459 po
2083 2365 2135 2435 uli

647 2464 792 2537 tribunal
814 2461 895 2530 illud
914 2457 1079 2551 suspexit,
1100 2460 1140 2529 ad
1157 2462 1246 2555 quod
1262 2459 1356 2530 eausa
1385 2459 1460 2532 fidei
1481 2462 1532 2533 vel
1557 2487 1693 2532 morunt
1707 2462 1972 2544 Christianorum
2003 2389 2136 2532 desdrri

648 2563 785 2642 debeat,
812 2555 866 2628 sed
890 2555 930 2624 ab
955 2554 1102 2626 Ecclestae
1123 2556 1350 2635 incunabulis,
1377 2555 1582 2628 stnecelsttas
1606 2556 1812 2639 Diteceseos,
1844 2564 2043 2636 Provinciae,
2072 2582 2134 2630 aut

648 2660 810 2730 Nationis
827 2654 859 2723 itl
876 2651 1053 2749 poposcit,
1079 2650 1300 2733 Dioecesanae,
1326 2656 1568 2733 Provinciales,
1596 2656 1792 2726 Nationales
1811 2655 1987 2728 Presulutn
2004 2656 2137 2750 Synodi

648 2752 771 2829 cotilae
787 2747 940 2832 fuerunt,
967 2752 1150 2822 Generalis
1160 2774 1261 2832 vero,
1287 2747 1308 2820 st
1332 2748 1498 2822 necessitas
1522 2760 1624 2822 totius
1644 2752 1848 2847 Reipublicae
1870 2751 2066 2825 Christiane
2095 2753 2134 2823 id

651 2848 863 2942 efflagitavit,
889 2845 934 2917 ibi
951 2871 1077 2944 nempe
1093 2845 1204 2919 solum
1215 2844 1412 2944 Apostolie'a
1423 2843 1574 2922 formula
1589 2848 1699 2922 dicere
1717 2850 1813 2923 lieet:
1850 2851 1954 2946 Visam
1975 2850 2017 2943 est
2034 2855 2137 2946 Spiri-

654 2957 700 3021 tui
711 2952 815 3039 sortia
832 2947 867 3021 ot
886 2945 986 3015 nobis.

1295 3075 1327 3177 t.
1381 3076 1505 3151 tur.

473 3224 625 3297 Similiter
770 3206 898 3281 Exinde
914 3207 1045 3304 paritet
1063 3205 1234 3303 sequitur,
1264 3214 1454 3306 imperium·
1475 3213 1512 3281 in
1531 3210 1687 3283 comitiis
1709 3233 1965 3305 congregatum,
2000 3215 2137 3309 optimo

474 3307 601 3377 conset·
658 3313 740 3406 Jote
751 3310 822 3400 paci
838 3330 979 3378 externae
995 3307 1180 3397 Religionis
1196 3306 1360 3400 servandae
1374 3333 1487 3379 curam
1502 3310 1716 3405 impendere,
1741 3335 1782 3380 ne
1798 3314 1891 3380 novis
1906 3309 2014 3394 turbis
2030 3313 2139 3381 invol-

422 3443 425 3449 1
474 3382 647 3493 *iffidaep'*
659 3430 755 3477 vatur
772 3408 897 3483 Patria,
923 3428 996 3497 quae
1014 3402 1217 3498 Reipublitae
1233 3431 1299 3476 non
1314 3410 1447 3487 minus,
1468 3430 1569 3501 quam
1585 3403 1733 3477 Ecclesiae
1749 3429 1881 3480 nocent.
1931 3410 2137 3479 Lieetenim

477 3499 507 3540 ⁰¹
526 3481 635 3535 ‘xm'
661 3509 693 3575 in
711 3503 860 3598 imperio
876 3519 944 3571 tres
957 3504 1089 3590 vigeant
1103 3501 1293 3592 Religiones
1311 3500 1370 3573 sibi
1386 3503 1483 3600 plane
1497 3502 1776 3585 contradicentes,
1803 3502 1835 3575 dr
1853 3513 2019 3599 perpetuo
2035 3507 2138 3577 inter·

475 3636 588 3703 dissen-
662 3627 705 3671 no
727 3598 823 3677 fidei,
854 3598 1102 3693 &opinionum
1120 3597 1207 3669 bello
1224 3598 1362 3680 collisae,
1387 3621 1529 3670 euternae
1545 3622 1653 3670 tamen
1668 3603 1757 3695 pacis
1776 3623 1892 3671 norrna
1914 3599 2056 3673 stabilita
2079 3599 2138 3675 est.

477 3724 605 3786 tientes.
662 3700 829 3768 Promittit
852 3699 1039 3787 imperator
1066 3695 1220 3766 omnibus
1245 3699 1381 3791 lmperii
1407 3696 1532 3767 ritibus
1560 3698 1719 3791 aequalem
1745 3693 2006 3791 protestionent,
2044 3697 2139 3795 quod

661 3793 717 3865 sibi
734 3797 842 3863 Status
862 3790 1079 3862 Protellantes
1099 3790 1242 3889 stipulati
1267 3793 1340 3865 sunt
1366 3792 1422 3888 (a)
1446 3799 1607 3863 Praeterea
1631 3819 1669 3863 ex
1693 3794 1912 3865 eminentibus
1938 3820 2004 3865 non
2025 3794 2138 3867 'solum

662 3898 812 3961 Statuam
832 3886 969 3985 Jttribus
984 3893 1046 3983 Jus
1068 3888 1150 3958 illud
1168 3892 1304 3960 curandi
1325 3915 1438 3987 pacem
1454 3913 1621 3961 externam
1645 3891 1858 3981 Religionum
1876 3894 1910 3962 in
1933 3893 2140 3975 Germania;

662 3984 718 4059 sed
735 3985 871 4077 insuper
890 4010 928 4055 ex
944 4008 1057 4054 mutua
1081 3989 1171 4055 Pacis
1193 3986 1423 4082 Wellplttlirae
1448 3990 1630 4060 Gttarantia
1651 3989 1893 4083 paciscentibus
1916 3989 2073 4061 omnibus
2096 3988 2143 4061 as·

663 4080 748 4153 serta
767 4083 829 4179 (b)
851 4108 958 4176 prono
980 4082 1012 4151 id
1030 4081 1122 4151 alveo
1137 4080 1228 4161 fluit,
1256 4083 1432 4154 Laudanda
1456 4088 1553 4179 proin
1577 4087 1801 4156 Comitiotum
1824 4088 1960 4157 attentio
1991 4087 2023 4159 dt
2047 4114 2140 4171 eura,

664 4204 730 4275 qua
745 4181 857 4249 turbas
871 4204 986 4249 omnes
1004 4204 1190 4274 praeeavere
1205 4179 1350 4261 lludent,
1374 4182 1506 4276 quando
1521 4184 1609 4252 enim
1626 4183 1821 4262 advertunt,
1855 4187 2022 4277 inquietos
2040 4211 2143 4280 quos·

667 4279 743 4346 dam
760 4273 930 4365 discordie
948 4272 1069 4346 semina
1084 4273 1259 4371 spargere,
1286 4300 1415 4349 mutuas
1429 4282 1552 4348 civium
1575 4280 1711 4373 injurias
1728 4281 1911 4372 Religionis
1927 4300 2011 4373 ergo
2032 4284 2143 4355 illatas

669 4372 709 4441 ad
726 4371 809 4442 bella
833 4368 999 4467 speiiare3
1030 4377 1117 4444 cirea
1141 4399 1178 4445 ea
1200 4378 1311 4445 omnia
1332 4377 1421 4466 leges
1438 4379 1470 4445 in
1495 4378 1678 4474 Imperium
1702 4377 1900 4450 universales
1923 4404 1961 4450 et
1984 4384 2144 4451 Comitiis

669 4493 822 4540 emanare
843 4463 949 4565 posse,
975 4493 1011 4539 ac
1028 4494 1091 4563 pro
1111 4471 1250 4568 publicae
1266 4474 1312 4542 rei
1329 4475 1415 4542 bono
1434 4472 1572 4546 debere.
1607 4499 1704 4545 nemo
1727 4475 1869 4567 negabit.
1905 4472 1973 4572 (c)
2002 4482 2145 4549 -Netno

667 4565 795 4679 pariter
812 4564 993 4644 dubitabit,
1019 4567 1127 4682 media
1143 4573 1309 4683 quaepiam
1326 4570 1388 4640 alia
1411 4569 1539 4685 legibus
1558 4568 1693 4642 definita
1707 4569 1744 4643 dt
1760 4595 1974 4741 opportuna,
1998 4569 2146 4649 eundem

667 4689 702 4741 tn
718 4660 837 4749 finem,
859 4660 1024 4738 servande
1043 4667 1134 4738 Pacta
1154 4666 1315 4753 Publice,
1339 4663 1559 4763 &Religiosae
1573 4665 1723 4743 adhibeat
1739 4691 1787 4767 po
1814 4695 1845 4747 e.
1869 4672 1927 4766 (d)

2010 4763 2073 4850 (ι)
2093 4766 2150 4834 Ca
