<?xml version="1.0" encoding="UTF-8"?>
<!DOCTYPE html PUBLIC "-//W3C//DTD XHTML 1.0 Transitional//EN"
    "http://www.w3.org/TR/xhtml1/DTD/xhtml1-transitional.dtd">
<html xmlns="http://www.w3.org/1999/xhtml" xml:lang="en" lang="en">
 <head>
  <title>
</title>
<meta http-equiv="Content-Type" content="text/html;charset=utf-8" />
  <meta name='ocr-system' content='tesseract 3.04.00' />
  <meta name='ocr-capabilities' content='ocr_page ocr_carea ocr_par ocr_line ocrx_word'/>
</head>
<body>
  <div class='ocr_page' id='page_1' title='image "./thesavrvsivrise01schmgoog_0655.png"; bbox 0 0 5017 5592; ppageno 0'>
   <div class='ocr_carea' id='block_1_1' title="bbox 531 533 1731 708">
    <p class='ocr_par' dir='ltr' id='par_1_1' title="bbox 364 523 1731 708">
     <span class='ocr_line' id='line_1_1' title="bbox 531 533 1731 708; baseline -0.015 -23.443"><span class='ocrx_word' id='word_1_1' title='bbox 531 603 606 708; x_wconf 70' lang='lat'>⁶44·</span> <span class='ocrx_word' id='word_1_2' title='bbox 822 533 1162 676; x_wconf 76' lang='lat' dir='ltr'>pressurario</span> <span class='ocrx_word' id='word_1_3' title='bbox 1212 583 1731 667; x_wconf 77' lang='lat' dir='ltr'>cnuomcoruitntcn</span> 
     </span>
    </p>
   </div>
   <div class='ocr_carea' id='block_1_2' title="bbox 529 765 2014 976">
    <p class='ocr_par' dir='ltr' id='par_1_2' title="bbox 529 765 2014 976">
     <span class='ocr_line' id='line_1_2' title="bbox 529 765 2007 870; baseline -0.011 -10"><span class='ocrx_word' id='word_1_4' title='bbox 529 808 607 860; x_wconf 82' lang='lat' dir='ltr'>uam</span> <span class='ocrx_word' id='word_1_5' title='bbox 624 780 756 863; x_wconf 86' lang='lat' dir='ltr'>dicunt,</span> <span class='ocrx_word' id='word_1_6' title='bbox 778 774 833 850; x_wconf 90' lang='lat' dir='ltr'>sed</span> <span class='ocrx_word' id='word_1_7' title='bbox 849 801 929 849; x_wconf 84' lang='lat' dir='ltr'>vero</span> <span class='ocrx_word' id='word_1_8' title='bbox 944 775 1026 849; x_wconf 86' lang='lat' dir='ltr'>litec</span> <span class='ocrx_word' id='word_1_9' title='bbox 1040 774 1127 848; x_wconf 90' lang='lat' dir='ltr'>male</span> <span class='ocrx_word' id='word_1_10' title='bbox 1142 776 1230 845; x_wconf 91' lang='lat' dir='ltr'>inter</span> <span class='ocrx_word' id='word_1_11' title='bbox 1245 769 1370 870; x_wconf 89' lang='lat' dir='ltr'>species</span> <span class='ocrx_word' id='word_1_12' title='bbox 1385 768 1660 869; x_wconf 75' lang='lat' dir='ltr'>praescriptionis</span> <span class='ocrx_word' id='word_1_13' title='bbox 1682 765 1859 854; x_wconf 82' lang='lat' dir='ltr'>refertur,</span> <span class='ocrx_word' id='word_1_14' title='bbox 1883 767 2007 844; x_wconf 88' lang='lat' dir='ltr'>nullum</span> 
     </span>
     <span class='ocr_line' id='line_1_3' title="bbox 531 867 2014 976; baseline -0.009 -21"><span class='ocrx_word' id='word_1_15' title='bbox 531 885 623 957; x_wconf 91' lang='lat' dir='ltr'>enim</span> <span class='ocrx_word' id='word_1_16' title='bbox 638 904 701 976; x_wconf 88' lang='lat' dir='ltr'>per</span> <span class='ocrx_word' id='word_1_17' title='bbox 720 901 793 948; x_wconf 80' lang='lat' dir='ltr'>cam</span> <span class='ocrx_word' id='word_1_18' title='bbox 808 876 862 970; x_wconf 86' lang='lat' dir='ltr'>jus</span> <span class='ocrx_word' id='word_1_19' title='bbox 881 877 1103 970; x_wconf 85' lang='lat' dir='ltr'>eitiiiquitur,</span> <span class='ocrx_word' id='word_1_20' title='bbox 1129 870 1327 966; x_wconf 90' lang='lat' dir='ltr'>nullumque</span> <span class='ocrx_word' id='word_1_21' title='bbox 1350 871 1560 965; x_wconf 69' lang='lat' dir='ltr'>adquiritur,</span> <span class='ocrx_word' id='word_1_22' title='bbox 1579 867 1633 942; x_wconf 93' lang='lat' dir='ltr'>sed</span> <span class='ocrx_word' id='word_1_23' title='bbox 1649 870 1705 965; x_wconf 89' lang='lat' dir='ltr'>jus</span> <span class='ocrx_word' id='word_1_24' title='bbox 1724 871 1915 966; x_wconf 89' lang='lat' dir='ltr'>proprium</span> <span class='ocrx_word' id='word_1_25' title='bbox 1934 869 2014 965; x_wconf 80' lang='lat' dir='ltr'>jotri·¹</span> 
     </span>
    </p>
   </div>
   <div class='ocr_carea' id='block_1_3' title="bbox 377 965 2011 1071">
    <p class='ocr_par' dir='ltr' id='par_1_3' title="bbox 377 965 2011 1071">
     <span class='ocr_line' id='line_1_4' title="bbox 377 965 2011 1071; baseline -0.01 -18"><span class='ocrx_word' id='word_1_26' title='bbox 377 1053 381 1066; x_wconf 81' lang='grc'><strong>,</strong></span> <span class='ocrx_word' id='word_1_27' title='bbox 530 981 591 1052; x_wconf 92' lang='lat' dir='ltr'>diu</span> <span class='ocrx_word' id='word_1_28' title='bbox 614 1000 688 1049; x_wconf 86' lang='lat' dir='ltr'>ante</span> <span class='ocrx_word' id='word_1_29' title='bbox 710 973 892 1071; x_wconf 88' lang='lat' dir='ltr'>quaesitum</span> <span class='ocrx_word' id='word_1_30' title='bbox 917 995 979 1066; x_wconf 92' lang='lat' dir='ltr'>per</span> <span class='ocrx_word' id='word_1_31' title='bbox 1002 995 1075 1044; x_wconf 86' lang='lat' dir='ltr'>eam</span> <span class='ocrx_word' id='word_1_32' title='bbox 1105 968 1339 1042; x_wconf 77' lang='lat' dir='ltr'>tantummodo</span> <span class='ocrx_word' id='word_1_33' title='bbox 1364 971 1579 1040; x_wconf 74' lang='lat' dir='ltr'>continuatur</span> <span class='ocrx_word' id='word_1_34' title='bbox 1603 965 1919 1062; x_wconf 81' lang='lat' dir='ltr'>conservaturque3</span> <span class='ocrx_word' id='word_1_35' title='bbox 1941 967 2011 1038; x_wconf 90' lang='lat' dir='ltr'>dein</span> 
     </span>
    </p>
   </div>
   <div class='ocr_carea' id='block_1_4' title="bbox 453 1063 2047 1658">
    <p class='ocr_par' dir='ltr' id='par_1_4' title="bbox 453 1063 2047 1658">
     <span class='ocr_line' id='line_1_5' title="bbox 529 1063 2011 1174; baseline -0.007 -27"><span class='ocrx_word' id='word_1_36' title='bbox 529 1073 771 1174; x_wconf 84' lang='lat' dir='ltr'>praescriptio,</span> <span class='ocrx_word' id='word_1_37' title='bbox 793 1072 841 1141; x_wconf 93' lang='lat' dir='ltr'>uti</span> <span class='ocrx_word' id='word_1_38' title='bbox 859 1074 944 1166; x_wconf 92' lang='lat' dir='ltr'>Jure</span> <span class='ocrx_word' id='word_1_39' title='bbox 970 1066 1183 1160; x_wconf 84' lang='lat' dir='ltr'>Digestorum</span> <span class='ocrx_word' id='word_1_40' title='bbox 1200 1065 1342 1150; x_wconf 88' lang='lat' dir='ltr'>constat,</span> <span class='ocrx_word' id='word_1_41' title='bbox 1365 1067 1496 1139; x_wconf 91' lang='lat' dir='ltr'>nullum</span> <span class='ocrx_word' id='word_1_42' title='bbox 1512 1066 1567 1163; x_wconf 80' lang='lat' dir='ltr'>jus</span> <span class='ocrx_word' id='word_1_43' title='bbox 1582 1067 1776 1162; x_wconf 78' lang='lat' dir='ltr'>nullamque</span> <span class='ocrx_word' id='word_1_44' title='bbox 1791 1063 1963 1138; x_wconf 69' lang='lat' dir='ltr'>astionem</span> <span class='ocrx_word' id='word_1_45' title='bbox 1976 1063 2011 1136; x_wconf 89' lang='lat' dir='ltr'>td</span> 
     </span>
     <span class='ocr_line' id='line_1_6' title="bbox 529 1160 2047 1269; baseline -0.003 -26"><span class='ocrx_word' id='word_1_46' title='bbox 529 1197 604 1248; x_wconf 85' lang='lat' dir='ltr'>rem</span> <span class='ocrx_word' id='word_1_47' title='bbox 630 1166 869 1269; x_wconf 86' lang='lat' dir='ltr'>praescriptam</span> <span class='ocrx_word' id='word_1_48' title='bbox 887 1167 919 1235; x_wconf 81' lang='lat' dir='ltr'>dr</span> <span class='ocrx_word' id='word_1_49' title='bbox 934 1164 1046 1260; x_wconf 86' lang='lat' dir='ltr'>etpoll</span> <span class='ocrx_word' id='word_1_50' title='bbox 1063 1168 1184 1237; x_wconf 91' lang='lat' dir='ltr'>iterum</span> <span class='ocrx_word' id='word_1_51' title='bbox 1201 1163 1346 1236; x_wconf 81' lang='lat' dir='ltr'>amissam</span> <span class='ocrx_word' id='word_1_52' title='bbox 1360 1164 1579 1260; x_wconf 86' lang='lat' dir='ltr'>repetendam</span> <span class='ocrx_word' id='word_1_53' title='bbox 1604 1163 1741 1244; x_wconf 86' lang='lat' dir='ltr'>tribuit,</span> <span class='ocrx_word' id='word_1_54' title='bbox 1765 1160 1822 1234; x_wconf 91' lang='lat' dir='ltr'>sed</span> <span class='ocrx_word' id='word_1_55' title='bbox 1849 1163 2010 1260; x_wconf 64' lang='lat' dir='ltr'>exception</span> <span class='ocrx_word' id='word_1_56' title='bbox 2045 1221 2047 1239; x_wconf 88' lang='lat'><em>.</em></span> 
     </span>
     <span class='ocr_line' id='line_1_7' title="bbox 529 1258 2047 1360; baseline -0.007 -17"><span class='ocrx_word' id='word_1_57' title='bbox 529 1294 609 1343; x_wconf 91' lang='lat' dir='ltr'>nem</span> <span class='ocrx_word' id='word_1_58' title='bbox 633 1289 760 1339; x_wconf 90' lang='lat' dir='ltr'>tantum</span> <span class='ocrx_word' id='word_1_59' title='bbox 779 1262 934 1336; x_wconf 78' lang='lat' dir='ltr'>adsersus</span> <span class='ocrx_word' id='word_1_60' title='bbox 956 1267 1105 1360; x_wconf 86' lang='lat' dir='ltr'>priorem</span> <span class='ocrx_word' id='word_1_61' title='bbox 1121 1267 1170 1334; x_wconf 88' lang='lat' dir='ltr'>rei</span> <span class='ocrx_word' id='word_1_62' title='bbox 1186 1263 1238 1335; x_wconf 88' lang='lat' dir='ltr'>vel</span> <span class='ocrx_word' id='word_1_63' title='bbox 1253 1266 1338 1357; x_wconf 86' lang='lat' dir='ltr'>juris</span> <span class='ocrx_word' id='word_1_64' title='bbox 1358 1267 1543 1334; x_wconf 89' lang='lat' dir='ltr'>Dominum</span> <span class='ocrx_word' id='word_1_65' title='bbox 1559 1287 1632 1335; x_wconf 91' lang='lat' dir='ltr'>tem</span> <span class='ocrx_word' id='word_1_66' title='bbox 1656 1261 1707 1334; x_wconf 84' lang='lat' dir='ltr'>rel</span> <span class='ocrx_word' id='word_1_67' title='bbox 1725 1259 1782 1355; x_wconf 83' lang='lat' dir='ltr'>jus</span> <span class='ocrx_word' id='word_1_68' title='bbox 1804 1258 1909 1334; x_wconf 90' lang='lat' dir='ltr'>suum</span> <span class='ocrx_word' id='word_1_69' title='bbox 1924 1283 2012 1356; x_wconf 83' lang='lat' dir='ltr'>repe·</span> <span class='ocrx_word' id='word_1_70' title='bbox 2045 1293 2047 1312; x_wconf 74' lang='lat'><strong>¹</strong></span> 
     </span>
     <span class='ocr_line' id='line_1_8' title="bbox 453 1356 2047 1531; baseline 0.036 -160"><span class='ocrx_word' id='word_1_71' title='bbox 453 1365 455 1372; x_wconf 93' lang='lat'><em>.</em></span> <span class='ocrx_word' id='word_1_72' title='bbox 509 1388 657 1508; x_wconf 30' lang='lat' dir='ltr'>&#39;teritem</span> <span class='ocrx_word' id='word_1_73' title='bbox 685 1364 869 1461; x_wconf 80' lang='lat' dir='ltr'>produci13</span> <span class='ocrx_word' id='word_1_74' title='bbox 898 1357 1250 1529; x_wconf 56' lang='lat' dir='ltr'>Pmescrlptl⁰dl⁰¹f¹3</span> <span class='ocrx_word' id='word_1_75' title='bbox 1270 1356 2010 1531; x_wconf 45' lang='grc' dir='ltr'>ὲᾝὲιῶτιίυαςὶίεὣιῑιὲῖἲιζηιιτῑετῶἰὲιυίξέεςὲιὲι</span> <span class='ocrx_word' id='word_1_76' title='bbox 2045 1445 2047 1498; x_wconf 68' lang='grc' dir='ltr'>Ι</span> 
     </span>
     <span class='ocr_line' id='line_1_9' title="bbox 528 1459 2047 1658; baseline -0.005 -24"><span class='ocrx_word' id='word_1_77' title='bbox 528 1459 1183 1658; x_wconf 53' lang='lat' dir='ltr'>siiitiltiulbutilldlinstililiiesiilnertildubil</span> <span class='ocrx_word' id='word_1_78' title='bbox 1198 1484 1338 1628; x_wconf 71' lang='lat' dir='ltr'>setuslas</span> <span class='ocrx_word' id='word_1_79' title='bbox 1354 1510 1521 1653; x_wconf 73' lang='lat' dir='ltr'>temporis</span> <span class='ocrx_word' id='word_1_80' title='bbox 1538 1581 1574 1629; x_wconf 87' lang='lat' dir='ltr'>ac</span> <span class='ocrx_word' id='word_1_81' title='bbox 1589 1481 1812 1652; x_wconf 82' lang='lat' dir='ltr'>possessionis,</span> <span class='ocrx_word' id='word_1_82' title='bbox 1837 1481 2009 1652; x_wconf 59' lang='lat' dir='ltr'>ciijusoril</span> <span class='ocrx_word' id='word_1_83' title='bbox 2045 1561 2047 1575; x_wconf 92' lang='lat'>&#39;</span> 
     </span>
    </p>
   </div>
   <div class='ocr_carea' id='block_1_5' title="bbox 379 1647 2047 1753">
    <p class='ocr_par' dir='ltr' id='par_1_5' title="bbox 379 1647 2047 1753">
     <span class='ocr_line' id='line_1_10' title="bbox 379 1647 2047 1753; baseline -0.001 -27"><span class='ocrx_word' id='word_1_84' title='bbox 379 1719 381 1726; x_wconf 93' lang='lat'><em>.</em></span> <span class='ocrx_word' id='word_1_85' title='bbox 529 1661 620 1753; x_wconf 80' lang='lat' dir='ltr'>ginis</span> <span class='ocrx_word' id='word_1_86' title='bbox 636 1681 735 1752; x_wconf 90' lang='lat' dir='ltr'>atque</span> <span class='ocrx_word' id='word_1_87' title='bbox 757 1657 845 1727; x_wconf 90' lang='lat' dir='ltr'>initii</span> <span class='ocrx_word' id='word_1_88' title='bbox 867 1679 934 1726; x_wconf 93' lang='lat' dir='ltr'>non</span> <span class='ocrx_word' id='word_1_89' title='bbox 955 1674 1041 1724; x_wconf 86' lang='lat' dir='ltr'>citat</span> <span class='ocrx_word' id='word_1_90' title='bbox 1061 1656 1249 1736; x_wconf 88' lang='lat' dir='ltr'>memoria,</span> <span class='ocrx_word' id='word_1_91' title='bbox 1276 1652 1580 1750; x_wconf 84' lang='lat' dir='ltr'>praesumptionem</span> <span class='ocrx_word' id='word_1_92' title='bbox 1596 1648 1864 1745; x_wconf 78' lang='lat' dir='ltr'>urgentissimam</span> <span class='ocrx_word' id='word_1_93' title='bbox 1881 1647 2012 1750; x_wconf 82' lang='lat' dir='ltr'>adquili·</span> <span class='ocrx_word' id='word_1_94' title='bbox 2045 1713 2047 1730; x_wconf 60' lang='lat'>,</span> 
     </span>
    </p>
   </div>
   <div class='ocr_carea' id='block_1_6' title="bbox 528 1745 2047 2037">
    <p class='ocr_par' dir='ltr' id='par_1_6' title="bbox 528 1745 2047 2037">
     <span class='ocr_line' id='line_1_11' title="bbox 531 1745 2010 1848; baseline -0.003 -21"><span class='ocrx_word' id='word_1_95' title='bbox 531 1758 635 1828; x_wconf 86' lang='lat' dir='ltr'>tionis</span> <span class='ocrx_word' id='word_1_96' title='bbox 652 1758 733 1826; x_wconf 93' lang='lat' dir='ltr'>olim</span> <span class='ocrx_word' id='word_1_97' title='bbox 760 1755 927 1844; x_wconf 84' lang='lat' dir='ltr'>legitime,</span> <span class='ocrx_word' id='word_1_98' title='bbox 950 1753 974 1821; x_wconf 94' lang='lat' dir='ltr'>i.</span> <span class='ocrx_word' id='word_1_99' title='bbox 994 1775 1024 1820; x_wconf 90' lang='lat' dir='ltr'>e.</span> <span class='ocrx_word' id='word_1_100' title='bbox 1046 1748 1134 1844; x_wconf 84' lang='lat' dir='ltr'>julio</span> <span class='ocrx_word' id='word_1_101' title='bbox 1157 1750 1256 1822; x_wconf 90' lang='lat' dir='ltr'>titulo</span> <span class='ocrx_word' id='word_1_102' title='bbox 1280 1750 1450 1834; x_wconf 81' lang='lat' dir='ltr'>&amp;mod0,</span> <span class='ocrx_word' id='word_1_103' title='bbox 1472 1749 1580 1826; x_wconf 76' lang='lat' dir='ltr'>fislae</span> <span class='ocrx_word' id='word_1_104' title='bbox 1602 1750 1785 1847; x_wconf 86' lang='lat' dir='ltr'>producat,</span> <span class='ocrx_word' id='word_1_105' title='bbox 1816 1747 1931 1848; x_wconf 82' lang='lat' dir='ltr'>fitque</span> <span class='ocrx_word' id='word_1_106' title='bbox 1946 1745 2010 1847; x_wconf 66' lang='lat' dir='ltr'>pust</span> 
     </span>
     <span class='ocr_line' id='line_1_12' title="bbox 528 1845 2047 2037; baseline 0.001 -116"><span class='ocrx_word' id='word_1_107' title='bbox 528 1848 886 2037; x_wconf 52' lang='lat' dir='ltr'>{eastsiq’rneetithbqqimliqqc</span> <span class='ocrx_word' id='word_1_108' title='bbox 909 1852 1073 1945; x_wconf 88' lang='lat' dir='ltr'>temporis</span> <span class='ocrx_word' id='word_1_109' title='bbox 1095 1846 1292 1922; x_wconf 85' lang='lat' dir='ltr'>vetustatem</span> <span class='ocrx_word' id='word_1_110' title='bbox 1305 1848 1483 1986; x_wconf 86' lang='lat' dir='ltr'>probavit,</span> <span class='ocrx_word' id='word_1_111' title='bbox 1508 1850 1550 1922; x_wconf 91' lang='lat' dir='ltr'>ab</span> <span class='ocrx_word' id='word_1_112' title='bbox 1568 1850 1660 1922; x_wconf 88' lang='lat' dir='ltr'>omni</span> <span class='ocrx_word' id='word_1_113' title='bbox 1676 1845 1767 1922; x_wconf 92' lang='lat' dir='ltr'>tituli</span> <span class='ocrx_word' id='word_1_114' title='bbox 1783 1847 1928 1923; x_wconf 85' lang='lat' dir='ltr'>alterius</span> <span class='ocrx_word' id='word_1_115' title='bbox 1943 1871 2011 1946; x_wconf 87' lang='lat' dir='ltr'>pm·</span> <span class='ocrx_word' id='word_1_116' title='bbox 2044 1867 2047 1878; x_wconf 92' lang='grc'><strong><em>·</em></strong></span> 
     </span>
    </p>
   </div>
   <div class='ocr_carea' id='block_1_7' title="bbox 489 2073 2011 2668">
    <p class='ocr_par' dir='ltr' id='par_1_7' title="bbox 489 2073 2011 2668">
     <span class='ocr_line' id='line_1_13' title="bbox 648 2073 2011 2181; baseline 0.004 -29"><span class='ocrx_word' id='word_1_117' title='bbox 648 2083 715 2152; x_wconf 88' lang='lat' dir='ltr'>His</span> <span class='ocrx_word' id='word_1_118' title='bbox 735 2083 938 2178; x_wconf 89' lang='lat' dir='ltr'>praenotatis</span> <span class='ocrx_word' id='word_1_119' title='bbox 953 2081 994 2153; x_wconf 80' lang='lat' dir='ltr'>sd</span> <span class='ocrx_word' id='word_1_120' title='bbox 1020 2077 1245 2178; x_wconf 88' lang='lat' dir='ltr'>quaelllonem</span> <span class='ocrx_word' id='word_1_121' title='bbox 1267 2073 1471 2179; x_wconf 89' lang='lat' dir='ltr'>propositam</span> <span class='ocrx_word' id='word_1_122' title='bbox 1494 2075 1609 2152; x_wconf 90' lang='lat' dir='ltr'>redeo.</span> <span class='ocrx_word' id='word_1_123' title='bbox 1662 2077 2011 2181; x_wconf 81' lang='lat' dir='ltr'>Praescriptioneloti·</span> 
     </span>
     <span class='ocr_line' id='line_1_14' title="bbox 529 2177 2007 2277; baseline 0.002 -25"><span class='ocrx_word' id='word_1_124' title='bbox 529 2182 744 2276; x_wconf 75' lang='lat' dir='ltr'>gitempotis</span> <span class='ocrx_word' id='word_1_125' title='bbox 759 2205 825 2251; x_wconf 93' lang='lat' dir='ltr'>non</span> <span class='ocrx_word' id='word_1_126' title='bbox 841 2177 931 2276; x_wconf 81' lang='lat' dir='ltr'>polle</span> <span class='ocrx_word' id='word_1_127' title='bbox 946 2181 1078 2277; x_wconf 89' lang='lat' dir='ltr'>adquiri</span> <span class='ocrx_word' id='word_1_128' title='bbox 1103 2182 1349 2252; x_wconf 88' lang='lat' dir='ltr'>immunitatem</span> <span class='ocrx_word' id='word_1_129' title='bbox 1366 2203 1382 2248; x_wconf 91' lang='lat' dir='ltr'>a</span> <span class='ocrx_word' id='word_1_130' title='bbox 1400 2177 1551 2259; x_wconf 90' lang='lat' dir='ltr'>tributis,</span> <span class='ocrx_word' id='word_1_131' title='bbox 1575 2181 1720 2274; x_wconf 84' lang='lat' dir='ltr'>expediti</span> <span class='ocrx_word' id='word_1_132' title='bbox 1737 2179 1831 2275; x_wconf 88' lang='lat' dir='ltr'>juris</span> <span class='ocrx_word' id='word_1_133' title='bbox 1847 2179 1913 2266; x_wconf 88' lang='lat' dir='ltr'>esl;</span> <span class='ocrx_word' id='word_1_134' title='bbox 1938 2203 2007 2254; x_wconf 82' lang='lat' dir='ltr'>eum</span> 
     </span>
     <span class='ocr_line' id='line_1_15' title="bbox 529 2271 2008 2374; baseline 0.002 -27"><span class='ocrx_word' id='word_1_135' title='bbox 529 2281 622 2348; x_wconf 90' lang='lat' dir='ltr'>enim</span> <span class='ocrx_word' id='word_1_136' title='bbox 640 2275 861 2374; x_wconf 82' lang='lat' dir='ltr'>praescriptio</span> <span class='ocrx_word' id='word_1_137' title='bbox 879 2276 919 2348; x_wconf 88' lang='lat' dir='ltr'>ab</span> <span class='ocrx_word' id='word_1_138' title='bbox 935 2276 1182 2373; x_wconf 90' lang='lat' dir='ltr'>lmperantibus</span> <span class='ocrx_word' id='word_1_139' title='bbox 1197 2274 1350 2348; x_wconf 80' lang='lat' dir='ltr'>civilibus</span> <span class='ocrx_word' id='word_1_140' title='bbox 1370 2272 1561 2347; x_wconf 73' lang='lat' dir='ltr'>introdusla</span> <span class='ocrx_word' id='word_1_141' title='bbox 1575 2271 1614 2346; x_wconf 89' lang='lat' dir='ltr'>lit</span> <span class='ocrx_word' id='word_1_142' title='bbox 1630 2280 1663 2347; x_wconf 94' lang='lat' dir='ltr'>iti</span> <span class='ocrx_word' id='word_1_143' title='bbox 1678 2301 1829 2374; x_wconf 90' lang='lat' dir='ltr'>poenam</span> <span class='ocrx_word' id='word_1_144' title='bbox 1846 2279 2008 2373; x_wconf 76' lang='lat' dir='ltr'>negliges·</span> 
     </span>
     <span class='ocr_line' id='line_1_16' title="bbox 531 2371 2010 2474; baseline 0 -27"><span class='ocrx_word' id='word_1_145' title='bbox 531 2376 618 2458; x_wconf 89' lang='lat' dir='ltr'>tiae,</span> <span class='ocrx_word' id='word_1_146' title='bbox 639 2377 842 2471; x_wconf 87' lang='lat' dir='ltr'>imperantes</span> <span class='ocrx_word' id='word_1_147' title='bbox 857 2396 968 2447; x_wconf 89' lang='lat' dir='ltr'>autern</span> <span class='ocrx_word' id='word_1_148' title='bbox 991 2375 1153 2468; x_wconf 82' lang='lat' dir='ltr'>legiliusa</span> <span class='ocrx_word' id='word_1_149' title='bbox 1174 2371 1356 2470; x_wconf 88' lang='lat' dir='ltr'>semetipsis</span> <span class='ocrx_word' id='word_1_150' title='bbox 1377 2375 1451 2444; x_wconf 86' lang='lat' dir='ltr'>latis</span> <span class='ocrx_word' id='word_1_151' title='bbox 1473 2399 1540 2444; x_wconf 94' lang='lat' dir='ltr'>non</span> <span class='ocrx_word' id='word_1_152' title='bbox 1563 2395 1754 2457; x_wconf 78' lang='lat' dir='ltr'>teneantur,</span> <span class='ocrx_word' id='word_1_153' title='bbox 1780 2400 1900 2474; x_wconf 89' lang='lat' dir='ltr'>neque</span> <span class='ocrx_word' id='word_1_154' title='bbox 1916 2375 2010 2470; x_wconf 79' lang='lat' dir='ltr'>negli-</span> 
     </span>
     <span class='ocr_line' id='line_1_17' title="bbox 529 2469 2009 2578; baseline 0.005 -37"><span class='ocrx_word' id='word_1_155' title='bbox 529 2474 663 2566; x_wconf 73' lang='lat' dir='ltr'>gentiae</span> <span class='ocrx_word' id='word_1_156' title='bbox 680 2473 792 2569; x_wconf 91' lang='lat' dir='ltr'>puniri</span> <span class='ocrx_word' id='word_1_157' title='bbox 808 2498 826 2541; x_wconf 93' lang='lat' dir='ltr'>a</span> <span class='ocrx_word' id='word_1_158' title='bbox 844 2496 1044 2570; x_wconf 87' lang='lat' dir='ltr'>quocunque</span> <span class='ocrx_word' id='word_1_159' title='bbox 1060 2469 1197 2569; x_wconf 82' lang='lat' dir='ltr'>pollsnt,</span> <span class='ocrx_word' id='word_1_160' title='bbox 1218 2479 1251 2544; x_wconf 92' lang='lat' dir='ltr'>in</span> <span class='ocrx_word' id='word_1_161' title='bbox 1265 2475 1380 2570; x_wconf 85' lang='lat' dir='ltr'>sptioo</span> <span class='ocrx_word' id='word_1_162' title='bbox 1394 2469 1458 2553; x_wconf 88' lang='lat' dir='ltr'>esl,</span> <span class='ocrx_word' id='word_1_163' title='bbox 1473 2470 1598 2543; x_wconf 89' lang='lat' dir='ltr'>nullam</span> <span class='ocrx_word' id='word_1_164' title='bbox 1613 2469 1924 2578; x_wconf 69' lang='lat' dir='ltr'>praescriptionem</span> <span class='ocrx_word' id='word_1_165' title='bbox 1933 2473 2009 2549; x_wconf 83' lang='lat' dir='ltr'>sleu-</span> 
     </span>
     <span class='ocr_line' id='line_1_18' title="bbox 489 2553 1808 2668; baseline -0.002 -25"><span class='ocrx_word' id='word_1_166' title='bbox 489 2553 647 2644; x_wconf 73' lang='lat' dir='ltr'>&#39;&#39;rurum</span> <span class='ocrx_word' id='word_1_167' title='bbox 665 2569 756 2663; x_wconf 84' lang='lat' dir='ltr'>longi</span> <span class='ocrx_word' id='word_1_168' title='bbox 774 2575 936 2668; x_wconf 87' lang='lat' dir='ltr'>temporis</span> <span class='ocrx_word' id='word_1_169' title='bbox 953 2569 1094 2667; x_wconf 83' lang='lat' dir='ltr'>allegari</span> <span class='ocrx_word' id='word_1_170' title='bbox 1104 2593 1220 2644; x_wconf 89' lang='lat' dir='ltr'>contra</span> <span class='ocrx_word' id='word_1_171' title='bbox 1246 2575 1416 2667; x_wconf 85' lang='lat' dir='ltr'>Ptinttpea</span> <span class='ocrx_word' id='word_1_172' title='bbox 1433 2566 1536 2667; x_wconf 83' lang='lat' dir='ltr'>polle.</span> <span class='ocrx_word' id='word_1_173' title='bbox 1785 2557 1808 2592; x_wconf 73' lang='lat'>⁴</span> 
     </span>
    </p>
   </div>
   <div class='ocr_carea' id='block_1_8' title="bbox 465 2698 2010 3189">
    <p class='ocr_par' dir='ltr' id='par_1_8' title="bbox 465 2698 2010 3189">
     <span class='ocr_line' id='line_1_19' title="bbox 566 2698 2010 2812; baseline 0.006 -36"><span class='ocrx_word' id='word_1_174' title='bbox 566 2804 568 2808; x_wconf 22' lang='grc' dir='ltr'>Ι</span> <span class='ocrx_word' id='word_1_175' title='bbox 647 2710 761 2800; x_wconf 81' lang='lat' dir='ltr'>Atque</span> <span class='ocrx_word' id='word_1_176' title='bbox 776 2729 815 2778; x_wconf 84' lang='lat' dir='ltr'>er</span> <span class='ocrx_word' id='word_1_177' title='bbox 829 2704 945 2779; x_wconf 87' lang='lat' dir='ltr'>eadem</span> <span class='ocrx_word' id='word_1_178' title='bbox 960 2707 1088 2779; x_wconf 90' lang='lat' dir='ltr'>tatione</span> <span class='ocrx_word' id='word_1_179' title='bbox 1105 2729 1146 2777; x_wconf 93' lang='lat' dir='ltr'>ne</span> <span class='ocrx_word' id='word_1_180' title='bbox 1164 2701 1233 2802; x_wconf 92' lang='lat' dir='ltr'>ipsa</span> <span class='ocrx_word' id='word_1_181' title='bbox 1247 2701 1383 2800; x_wconf 91' lang='lat' dir='ltr'>quidem</span> <span class='ocrx_word' id='word_1_182' title='bbox 1400 2698 1574 2795; x_wconf 82' lang='lat' dir='ltr'>longissmi</span> <span class='ocrx_word' id='word_1_183' title='bbox 1595 2707 1760 2802; x_wconf 89' lang='lat' dir='ltr'>temporis</span> <span class='ocrx_word' id='word_1_184' title='bbox 1768 2705 2010 2812; x_wconf 84' lang='lat' dir='ltr'>praescriptio·</span> 
     </span>
     <span class='ocr_line' id='line_1_20' title="bbox 465 2789 2007 2902; baseline -0.003 -29"><span class='ocrx_word' id='word_1_185' title='bbox 465 2849 475 2882; x_wconf 52' lang='grc' dir='ltr'>ι,</span> <span class='ocrx_word' id='word_1_186' title='bbox 527 2823 573 2875; x_wconf 85' lang='lat' dir='ltr'>ne</span> <span class='ocrx_word' id='word_1_187' title='bbox 588 2789 721 2900; x_wconf 83' lang='lat' dir='ltr'>idquiri</span> <span class='ocrx_word' id='word_1_188' title='bbox 747 2806 992 2902; x_wconf 86' lang='lat' dir='ltr'>immunitatem</span> <span class='ocrx_word' id='word_1_189' title='bbox 1008 2831 1025 2874; x_wconf 86' lang='lat' dir='ltr'>a</span> <span class='ocrx_word' id='word_1_190' title='bbox 1044 2799 1191 2874; x_wconf 71' lang='lat' dir='ltr'>cnllessis</span> <span class='ocrx_word' id='word_1_191' title='bbox 1209 2798 1317 2898; x_wconf 82' lang='lat' dir='ltr'>pulle,</span> <span class='ocrx_word' id='word_1_192' title='bbox 1341 2797 1470 2872; x_wconf 80' lang='lat' dir='ltr'>disertis</span> <span class='ocrx_word' id='word_1_193' title='bbox 1486 2801 1596 2880; x_wconf 80' lang='lat' dir='ltr'>uerbis</span> <span class='ocrx_word' id='word_1_194' title='bbox 1616 2805 1759 2878; x_wconf 79' lang='lat' dir='ltr'>edicitur</span> <span class='ocrx_word' id='word_1_195' title='bbox 1774 2815 1807 2878; x_wconf 74' lang='lat' dir='ltr'>m</span> <span class='ocrx_word' id='word_1_196' title='bbox 1823 2815 1848 2880; x_wconf 81' lang='grc' dir='ltr'>ι,</span> <span class='ocrx_word' id='word_1_197' title='bbox 1863 2823 1898 2884; x_wconf 71' lang='grc' dir='ltr'>ι,</span> <span class='ocrx_word' id='word_1_198' title='bbox 1925 2819 1959 2882; x_wconf 77' lang='lat' dir='ltr'>c,</span> <span class='ocrx_word' id='word_1_199' title='bbox 1974 2813 2007 2880; x_wconf 67' lang='lat' dir='ltr'><strong><em>a</em></strong></span> 
     </span>
     <span class='ocr_line' id='line_1_21' title="bbox 527 2896 2005 3066; baseline 0.006 -97"><span class='ocrx_word' id='word_1_200' title='bbox 527 2900 659 2995; x_wconf 76' lang='lat' dir='ltr'>praescr.</span> <span class='ocrx_word' id='word_1_201' title='bbox 683 2927 741 2989; x_wconf 83' lang='lat'>30·</span> <span class='ocrx_word' id='word_1_202' title='bbox 759 2907 815 2972; x_wconf 84' lang='lat' dir='ltr'>vel</span> <span class='ocrx_word' id='word_1_203' title='bbox 828 2929 885 2976; x_wconf 85' lang='lat'>40.</span> <span class='ocrx_word' id='word_1_204' title='bbox 901 2928 973 2972; x_wconf 84' lang='lat' dir='ltr'>ann.</span> <span class='ocrx_word' id='word_1_205' title='bbox 1027 2902 1192 2997; x_wconf 87' lang='lat' dir='ltr'>Equidem</span> <span class='ocrx_word' id='word_1_206' title='bbox 1213 2899 1421 2970; x_wconf 78' lang='lat' dir='ltr'>lioehmctus</span> <span class='ocrx_word' id='word_1_207' title='bbox 1436 2901 1467 2967; x_wconf 93' lang='lat' dir='ltr'>in</span> <span class='ocrx_word' id='word_1_208' title='bbox 1485 2896 1639 3066; x_wconf 54' lang='lat' dir='ltr'>suossJure</span> <span class='ocrx_word' id='word_1_209' title='bbox 1663 2903 1866 2981; x_wconf 82' lang='lat' dir='ltr'>Proteslant.</span> <span class='ocrx_word' id='word_1_210' title='bbox 1885 2906 1965 2982; x_wconf 88' lang='lat' dir='ltr'>eccl.</span> <span class='ocrx_word' id='word_1_211' title='bbox 1975 2910 2005 2994; x_wconf 87' lang='grc' dir='ltr'>ι)</span> 
     </span>
     <span class='ocr_line' id='line_1_22' title="bbox 527 2994 2006 3093; baseline 0.005 -25"><span class='ocrx_word' id='word_1_212' title='bbox 527 2998 615 3068; x_wconf 82' lang='lat' dir='ltr'>lisine</span> <span class='ocrx_word' id='word_1_213' title='bbox 636 2997 746 3087; x_wconf 83' lang='lat' dir='ltr'>legem</span> <span class='ocrx_word' id='word_1_214' title='bbox 771 3001 816 3068; x_wconf 89' lang='lat' dir='ltr'>ita</span> <span class='ocrx_word' id='word_1_215' title='bbox 843 3001 1109 3093; x_wconf 86' lang='lat' dir='ltr'>interpretatur,</span> <span class='ocrx_word' id='word_1_216' title='bbox 1135 2994 1404 3092; x_wconf 90' lang='lat' dir='ltr'>dillinquendum</span> <span class='ocrx_word' id='word_1_217' title='bbox 1428 2994 1494 3068; x_wconf 88' lang='lat' dir='ltr'>scil.</span> <span class='ocrx_word' id='word_1_218' title='bbox 1517 3021 1533 3066; x_wconf 91' lang='lat' dir='ltr'>e</span> <span class='ocrx_word' id='word_1_219' title='bbox 1563 3023 1603 3079; x_wconf 91' lang='lat' dir='ltr'>e,</span> <span class='ocrx_word' id='word_1_220' title='bbox 1626 3025 1666 3070; x_wconf 86' lang='lat' dir='ltr'>nn</span> <span class='ocrx_word' id='word_1_221' title='bbox 1691 3003 1890 3075; x_wconf 86' lang='lat' dir='ltr'>immunitas</span> <span class='ocrx_word' id='word_1_222' title='bbox 1913 3004 2006 3076; x_wconf 90' lang='lat' dir='ltr'>acul·</span> 
     </span>
     <span class='ocr_line' id='line_1_23' title="bbox 526 3090 2005 3189; baseline 0.007 -27"><span class='ocrx_word' id='word_1_223' title='bbox 526 3090 624 3162; x_wconf 79' lang='lat' dir='ltr'>lellis</span> <span class='ocrx_word' id='word_1_224' title='bbox 643 3093 806 3184; x_wconf 84' lang='lat' dir='ltr'>allegetur</span> <span class='ocrx_word' id='word_1_225' title='bbox 822 3117 936 3164; x_wconf 91' lang='lat' dir='ltr'>contra</span> <span class='ocrx_word' id='word_1_226' title='bbox 952 3092 1059 3189; x_wconf 91' lang='lat' dir='ltr'>ipsum</span> <span class='ocrx_word' id='word_1_227' title='bbox 1081 3096 1292 3188; x_wconf 86' lang='lat' dir='ltr'>Principem,</span> <span class='ocrx_word' id='word_1_228' title='bbox 1318 3119 1357 3163; x_wconf 92' lang='lat' dir='ltr'>an</span> <span class='ocrx_word' id='word_1_229' title='bbox 1373 3116 1500 3164; x_wconf 88' lang='lat' dir='ltr'>tantuin</span> <span class='ocrx_word' id='word_1_230' title='bbox 1523 3120 1638 3168; x_wconf 85' lang='lat' dir='ltr'>contra</span> <span class='ocrx_word' id='word_1_231' title='bbox 1656 3098 1756 3171; x_wconf 88' lang='lat' dir='ltr'>slatus</span> <span class='ocrx_word' id='word_1_232' title='bbox 1775 3101 2005 3184; x_wconf 82' lang='lat' dir='ltr'>territoriales,</span> 
     </span>
    </p>
   </div>
   <div class='ocr_carea' id='block_1_9' title="bbox 440 3184 2003 3394">
    <p class='ocr_par' dir='ltr' id='par_1_9' title="bbox 440 3184 2003 3394">
     <span class='ocr_line' id='line_1_24' title="bbox 440 3184 2002 3296; baseline 0.003 -30"><span class='ocrx_word' id='word_1_233' title='bbox 440 3187 445 3196; x_wconf 70' lang='lat'>&#39;</span> <span class='ocrx_word' id='word_1_234' title='bbox 527 3187 581 3266; x_wconf 76' lang='lat' dir='ltr'>bit</span> <span class='ocrx_word' id='word_1_235' title='bbox 600 3184 834 3280; x_wconf 67' lang='lat' dir='ltr'>stlnblltlllbl?</span> <span class='ocrx_word' id='word_1_236' title='bbox 856 3189 997 3287; x_wconf 90' lang='lat' dir='ltr'>(dantur</span> <span class='ocrx_word' id='word_1_237' title='bbox 1017 3193 1147 3289; x_wconf 90' lang='lat' dir='ltr'>quippe</span> <span class='ocrx_word' id='word_1_238' title='bbox 1163 3193 1351 3273; x_wconf 74' lang='lat' dir='ltr'>territoria,</span> <span class='ocrx_word' id='word_1_239' title='bbox 1369 3194 1402 3261; x_wconf 92' lang='lat' dir='ltr'>in</span> <span class='ocrx_word' id='word_1_240' title='bbox 1418 3191 1540 3287; x_wconf 88' lang='lat' dir='ltr'>quibus</span> <span class='ocrx_word' id='word_1_241' title='bbox 1561 3197 1670 3268; x_wconf 82' lang='lat' dir='ltr'>Status</span> <span class='ocrx_word' id='word_1_242' title='bbox 1695 3222 1756 3293; x_wconf 92' lang='lat' dir='ltr'>per</span> <span class='ocrx_word' id='word_1_243' title='bbox 1776 3223 1895 3271; x_wconf 88' lang='lat' dir='ltr'>certos</span> <span class='ocrx_word' id='word_1_244' title='bbox 1911 3223 2002 3296; x_wconf 87' lang='lat' dir='ltr'>quos·</span> 
     </span>
     <span class='ocr_line' id='line_1_25' title="bbox 527 3285 2003 3394; baseline 0.01 -38"><span class='ocrx_word' id='word_1_245' title='bbox 527 3286 604 3356; x_wconf 88' lang='lat' dir='ltr'>dum</span> <span class='ocrx_word' id='word_1_246' title='bbox 627 3285 793 3358; x_wconf 74' lang='lat' dir='ltr'>dlsttielus</span> <span class='ocrx_word' id='word_1_247' title='bbox 812 3288 865 3383; x_wconf 86' lang='lat' dir='ltr'>jus</span> <span class='ocrx_word' id='word_1_248' title='bbox 889 3287 1147 3360; x_wconf 74' lang='lat' dir='ltr'>subcolleslandi</span> <span class='ocrx_word' id='word_1_249' title='bbox 1170 3289 1309 3370; x_wconf 85' lang='lat' dir='ltr'>hebent,</span> <span class='ocrx_word' id='word_1_250' title='bbox 1332 3291 1393 3368; x_wconf 84' lang='lat' dir='ltr'>its,</span> <span class='ocrx_word' id='word_1_251' title='bbox 1415 3312 1452 3360; x_wconf 90' lang='lat' dir='ltr'>ut</span> <span class='ocrx_word' id='word_1_252' title='bbox 1473 3314 1597 3361; x_wconf 83' lang='lat' dir='ltr'>certum</span> <span class='ocrx_word' id='word_1_253' title='bbox 1620 3301 1817 3390; x_wconf 91' lang='lat' dir='ltr'>quotannis</span> <span class='ocrx_word' id='word_1_254' title='bbox 1843 3301 2003 3394; x_wconf 76' lang='lat' dir='ltr'>quantita·</span> 
     </span>
    </p>
   </div>
   <div class='ocr_carea' id='block_1_10' title="bbox 389 3385 2003 3494">
    <p class='ocr_par' dir='ltr' id='par_1_10' title="bbox 389 3385 2003 3494">
     <span class='ocr_line' id='line_1_26' title="bbox 389 3385 2003 3494; baseline 0.009 -40"><span class='ocrx_word' id='word_1_255' title='bbox 389 3401 395 3408; x_wconf 82' lang='lat'>&#39;</span> <span class='ocrx_word' id='word_1_256' title='bbox 525 3406 595 3455; x_wconf 84' lang='lat' dir='ltr'>tem</span> <span class='ocrx_word' id='word_1_257' title='bbox 611 3407 673 3481; x_wconf 91' lang='lat' dir='ltr'>pet</span> <span class='ocrx_word' id='word_1_258' title='bbox 688 3387 851 3479; x_wconf 88' lang='lat' dir='ltr'>ejusmodi</span> <span class='ocrx_word' id='word_1_259' title='bbox 869 3385 1174 3458; x_wconf 74' lang='lat' dir='ltr'>liilicollcslstiones</span> <span class='ocrx_word' id='word_1_260' title='bbox 1190 3385 1336 3458; x_wconf 73' lang='lat' dir='ltr'>etesium</span> <span class='ocrx_word' id='word_1_261' title='bbox 1346 3391 1491 3482; x_wconf 82' lang='lat' dir='ltr'>Principi</span> <span class='ocrx_word' id='word_1_262' title='bbox 1511 3389 1677 3462; x_wconf 83' lang='lat' dir='ltr'>erl&#39;olrere</span> <span class='ocrx_word' id='word_1_263' title='bbox 1692 3402 1884 3485; x_wconf 88' lang='lat' dir='ltr'>teneantur)</span> <span class='ocrx_word' id='word_1_264' title='bbox 1901 3397 2003 3494; x_wconf 84' lang='lat' dir='ltr'>priori</span> 
     </span>
    </p>
   </div>
   <div class='ocr_carea' id='block_1_11' title="bbox 522 3479 2005 4672">
    <p class='ocr_par' dir='ltr' id='par_1_11' title="bbox 522 3479 2005 4672">
     <span class='ocr_line' id='line_1_27' title="bbox 525 3479 2001 3588; baseline 0.009 -37"><span class='ocrx_word' id='word_1_265' title='bbox 525 3479 602 3552; x_wconf 83' lang='lat' dir='ltr'>cusu</span> <span class='ocrx_word' id='word_1_266' title='bbox 618 3509 684 3553; x_wconf 93' lang='lat' dir='ltr'>non</span> <span class='ocrx_word' id='word_1_267' title='bbox 703 3479 793 3579; x_wconf 86' lang='lat' dir='ltr'>posse</span> <span class='ocrx_word' id='word_1_268' title='bbox 809 3485 943 3576; x_wconf 85' lang='lat' dir='ltr'>allegati</span> <span class='ocrx_word' id='word_1_269' title='bbox 966 3488 1210 3556; x_wconf 83' lang='lat' dir='ltr'>immunitatem</span> <span class='ocrx_word' id='word_1_270' title='bbox 1225 3510 1242 3553; x_wconf 81' lang='lat' dir='ltr'>a</span> <span class='ocrx_word' id='word_1_271' title='bbox 1257 3481 1404 3555; x_wconf 78' lang='lat' dir='ltr'>colledlis</span> <span class='ocrx_word' id='word_1_272' title='bbox 1420 3486 1580 3569; x_wconf 85' lang='lat' dir='ltr'>admittit,</span> <span class='ocrx_word' id='word_1_273' title='bbox 1606 3488 1688 3560; x_wconf 89' lang='lat' dir='ltr'>beiie</span> <span class='ocrx_word' id='word_1_274' title='bbox 1709 3515 1791 3562; x_wconf 85' lang='lat' dir='ltr'>vero</span> <span class='ocrx_word' id='word_1_275' title='bbox 1811 3492 2001 3588; x_wconf 83' lang='lat' dir='ltr'>polletioti,</span> 
     </span>
     <span class='ocr_line' id='line_1_28' title="bbox 524 3580 2004 3686; baseline 0.007 -35"><span class='ocrx_word' id='word_1_276' title='bbox 524 3580 661 3674; x_wconf 90' lang='lat' dir='ltr'>eoquod</span> <span class='ocrx_word' id='word_1_277' title='bbox 680 3583 861 3663; x_wconf 87' lang='lat' dir='ltr'>rationem,</span> <span class='ocrx_word' id='word_1_278' title='bbox 882 3582 924 3652; x_wconf 93' lang='lat' dir='ltr'>ob</span> <span class='ocrx_word' id='word_1_279' title='bbox 941 3608 1040 3677; x_wconf 84' lang='lat' dir='ltr'>quum</span> <span class='ocrx_word' id='word_1_280' title='bbox 1062 3580 1281 3678; x_wconf 85' lang='lat' dir='ltr'>praescriptio</span> <span class='ocrx_word' id='word_1_281' title='bbox 1303 3607 1416 3652; x_wconf 85' lang='lat' dir='ltr'>contra</span> <span class='ocrx_word' id='word_1_282' title='bbox 1437 3587 1627 3678; x_wconf 88' lang='lat' dir='ltr'>Principem</span> <span class='ocrx_word' id='word_1_283' title='bbox 1649 3589 1784 3680; x_wconf 74' lang='lat' dir='ltr'>allegari</span> <span class='ocrx_word' id='word_1_284' title='bbox 1812 3597 1952 3686; x_wconf 85' lang='lat' dir='ltr'>nequit,</span> <span class='ocrx_word' id='word_1_285' title='bbox 1973 3596 2004 3662; x_wconf 89' lang='lat' dir='ltr'>in</span> 
     </span>
     <span class='ocr_line' id='line_1_29' title="bbox 524 3674 2004 3777; baseline 0.007 -28"><span class='ocrx_word' id='word_1_286' title='bbox 524 3674 601 3750; x_wconf 88' lang='lat' dir='ltr'>casu</span> <span class='ocrx_word' id='word_1_287' title='bbox 622 3674 799 3774; x_wconf 84' lang='lat' dir='ltr'>posteriori</span> <span class='ocrx_word' id='word_1_288' title='bbox 815 3677 935 3751; x_wconf 72' lang='lat' dir='ltr'>vcessare</span> <span class='ocrx_word' id='word_1_289' title='bbox 957 3704 1077 3777; x_wconf 89' lang='lat' dir='ltr'>putet:</span> <span class='ocrx_word' id='word_1_290' title='bbox 1105 3678 1158 3750; x_wconf 91' lang='lat' dir='ltr'>sed</span> <span class='ocrx_word' id='word_1_291' title='bbox 1183 3705 1263 3752; x_wconf 87' lang='lat' dir='ltr'>vero</span> <span class='ocrx_word' id='word_1_292' title='bbox 1289 3679 1533 3753; x_wconf 74' lang='lat' dir='ltr'>distinetionein</span> <span class='ocrx_word' id='word_1_293' title='bbox 1548 3681 1640 3757; x_wconf 90' lang='lat' dir='ltr'>islam</span> <span class='ocrx_word' id='word_1_294' title='bbox 1657 3712 1723 3756; x_wconf 89' lang='lat' dir='ltr'>tion</span> <span class='ocrx_word' id='word_1_295' title='bbox 1741 3684 1807 3759; x_wconf 85' lang='lat' dir='ltr'>else</span> <span class='ocrx_word' id='word_1_296' title='bbox 1832 3686 2004 3762; x_wconf 86' lang='lat' dir='ltr'>admissibi·</span> 
     </span>
     <span class='ocr_line' id='line_1_30' title="bbox 524 3773 2002 3874; baseline 0.009 -29"><span class='ocrx_word' id='word_1_297' title='bbox 524 3775 611 3856; x_wconf 89' lang='lat' dir='ltr'>lem,</span> <span class='ocrx_word' id='word_1_298' title='bbox 635 3773 808 3872; x_wconf 89' lang='lat' dir='ltr'>sequentes</span> <span class='ocrx_word' id='word_1_299' title='bbox 831 3781 975 3848; x_wconf 82' lang='lat' dir='ltr'>rationes</span> <span class='ocrx_word' id='word_1_300' title='bbox 993 3783 1163 3863; x_wconf 84' lang='lat' dir='ltr'>evincent3</span> <span class='ocrx_word' id='word_1_301' title='bbox 1183 3779 1352 3874; x_wconf 90' lang='lat' dir='ltr'>imprimis</span> <span class='ocrx_word' id='word_1_302' title='bbox 1377 3783 1466 3850; x_wconf 89' lang='lat' dir='ltr'>enim</span> <span class='ocrx_word' id='word_1_303' title='bbox 1489 3781 1586 3851; x_wconf 88' lang='lat' dir='ltr'>citata</span> <span class='ocrx_word' id='word_1_304' title='bbox 1607 3781 1773 3857; x_wconf 73' lang='lat' dir='ltr'>dislinslio</span> <span class='ocrx_word' id='word_1_305' title='bbox 1796 3813 1841 3860; x_wconf 91' lang='lat' dir='ltr'>ne</span> <span class='ocrx_word' id='word_1_306' title='bbox 1862 3789 2002 3861; x_wconf 82' lang='lat' dir='ltr'>verbulo</span> 
     </span>
     <span class='ocr_line' id='line_1_31' title="bbox 524 3873 2004 3983; baseline 0.012 -40"><span class='ocrx_word' id='word_1_307' title='bbox 524 3873 663 3970; x_wconf 91' lang='lat' dir='ltr'>quidem</span> <span class='ocrx_word' id='word_1_308' title='bbox 673 3878 707 3945; x_wconf 94' lang='lat' dir='ltr'>in</span> <span class='ocrx_word' id='word_1_309' title='bbox 728 3874 802 3966; x_wconf 88' lang='lat' dir='ltr'>lege</span> <span class='ocrx_word' id='word_1_310' title='bbox 815 3877 912 3946; x_wconf 81' lang='lat' dir='ltr'>citata</span> <span class='ocrx_word' id='word_1_311' title='bbox 927 3877 1138 3967; x_wconf 81' lang='lat' dir='ltr'>indigiturur,</span> <span class='ocrx_word' id='word_1_312' title='bbox 1162 3901 1271 3972; x_wconf 89' lang='lat' dir='ltr'>neque</span> <span class='ocrx_word' id='word_1_313' title='bbox 1290 3880 1390 3948; x_wconf 89' lang='lat' dir='ltr'>etiam</span> <span class='ocrx_word' id='word_1_314' title='bbox 1413 3877 1582 3967; x_wconf 85' lang='lat' dir='ltr'>indigitari</span> <span class='ocrx_word' id='word_1_315' title='bbox 1611 3886 1738 3975; x_wconf 89' lang='lat' dir='ltr'>potuit,</span> <span class='ocrx_word' id='word_1_316' title='bbox 1761 3909 1841 3957; x_wconf 90' lang='lat' dir='ltr'>cum</span> <span class='ocrx_word' id='word_1_317' title='bbox 1866 3884 2004 3983; x_wconf 79' lang='lat' dir='ltr'>syllems</span> 
     </span>
     <span class='ocr_line' id='line_1_32' title="bbox 523 3971 2005 4076; baseline 0.009 -35"><span class='ocrx_word' id='word_1_318' title='bbox 523 3972 701 4066; x_wconf 88' lang='lat' dir='ltr'>politicum</span> <span class='ocrx_word' id='word_1_319' title='bbox 717 3975 857 4066; x_wconf 89' lang='lat' dir='ltr'>Imperii</span> <span class='ocrx_word' id='word_1_320' title='bbox 876 3975 1017 4044; x_wconf 82' lang='lat' dir='ltr'>Romani</span> <span class='ocrx_word' id='word_1_321' title='bbox 1042 3973 1130 4043; x_wconf 90' lang='lat' dir='ltr'>aliud</span> <span class='ocrx_word' id='word_1_322' title='bbox 1150 3976 1246 4069; x_wconf 83' lang='lat' dir='ltr'>plane</span> <span class='ocrx_word' id='word_1_323' title='bbox 1264 3971 1385 4055; x_wconf 88' lang='lat' dir='ltr'>suerit,</span> <span class='ocrx_word' id='word_1_324' title='bbox 1407 4001 1442 4044; x_wconf 92' lang='lat' dir='ltr'>ac</span> <span class='ocrx_word' id='word_1_325' title='bbox 1466 3975 1512 4046; x_wconf 90' lang='lat' dir='ltr'>ell</span> <span class='ocrx_word' id='word_1_326' title='bbox 1528 3977 1608 4048; x_wconf 94' lang='lat' dir='ltr'>illud</span> <span class='ocrx_word' id='word_1_327' title='bbox 1633 3984 1771 4076; x_wconf 89' lang='lat' dir='ltr'>lmperii</span> <span class='ocrx_word' id='word_1_328' title='bbox 1795 3983 1903 4058; x_wconf 83' lang='lat' dir='ltr'>nollri</span> <span class='ocrx_word' id='word_1_329' title='bbox 1922 3990 2005 4060; x_wconf 88' lang='lat' dir='ltr'>Ger·</span> 
     </span>
     <span class='ocr_line' id='line_1_33' title="bbox 524 4071 2001 4172; baseline 0.012 -36"><span class='ocrx_word' id='word_1_330' title='bbox 524 4073 667 4149; x_wconf 88' lang='lat' dir='ltr'>manici,</span> <span class='ocrx_word' id='word_1_331' title='bbox 685 4074 716 4138; x_wconf 91' lang='lat' dir='ltr'>iii</span> <span class='ocrx_word' id='word_1_332' title='bbox 736 4071 793 4139; x_wconf 89' lang='lat' dir='ltr'>illo</span> <span class='ocrx_word' id='word_1_333' title='bbox 810 4074 898 4139; x_wconf 88' lang='lat' dir='ltr'>enini</span> <span class='ocrx_word' id='word_1_334' title='bbox 922 4075 1032 4141; x_wconf 84' lang='lat' dir='ltr'>Sintiis</span> <span class='ocrx_word' id='word_1_335' title='bbox 1056 4072 1274 4141; x_wconf 88' lang='lat' dir='ltr'>territoriales</span> <span class='ocrx_word' id='word_1_336' title='bbox 1298 4073 1553 4164; x_wconf 78' lang='lat' dir='ltr'>ignorabantur,</span> <span class='ocrx_word' id='word_1_337' title='bbox 1577 4100 1676 4172; x_wconf 84' lang='lat' dir='ltr'>itque</span> <span class='ocrx_word' id='word_1_338' title='bbox 1698 4080 1774 4151; x_wconf 84' lang='lat' dir='ltr'>ideo</span> <span class='ocrx_word' id='word_1_339' title='bbox 1791 4107 1870 4153; x_wconf 90' lang='lat' dir='ltr'>cum</span> <span class='ocrx_word' id='word_1_340' title='bbox 1891 4084 1942 4155; x_wconf 88' lang='lat' dir='ltr'>ler</span> <span class='ocrx_word' id='word_1_341' title='bbox 1962 4084 2001 4153; x_wconf 94' lang='lat' dir='ltr'>al·</span> 
     </span>
     <span class='ocr_line' id='line_1_34' title="bbox 523 4162 1999 4272; baseline 0.014 -39"><span class='ocrx_word' id='word_1_342' title='bbox 523 4162 632 4254; x_wconf 81' lang='lat' dir='ltr'>legato</span> <span class='ocrx_word' id='word_1_343' title='bbox 653 4169 854 4256; x_wconf 86' lang='lat' dir='ltr'>gcttcrulitur</span> <span class='ocrx_word' id='word_1_344' title='bbox 868 4168 1044 4263; x_wconf 91' lang='lat' dir='ltr'>loquatur,</span> <span class='ocrx_word' id='word_1_345' title='bbox 1069 4169 1262 4264; x_wconf 89' lang='lat' dir='ltr'>nullamque</span> <span class='ocrx_word' id='word_1_346' title='bbox 1285 4167 1526 4241; x_wconf 73' lang='lat' dir='ltr'>dillinslionem</span> <span class='ocrx_word' id='word_1_347' title='bbox 1546 4167 1662 4258; x_wconf 84' lang='lat' dir='ltr'>faciat,</span> <span class='ocrx_word' id='word_1_348' title='bbox 1685 4203 1794 4272; x_wconf 88' lang='lat' dir='ltr'>neque</span> <span class='ocrx_word' id='word_1_349' title='bbox 1810 4205 1873 4250; x_wconf 90' lang='lat' dir='ltr'>nos</span> <span class='ocrx_word' id='word_1_350' title='bbox 1895 4181 1999 4253; x_wconf 89' lang='lat' dir='ltr'>dillin·</span> 
     </span>
     <span class='ocr_line' id='line_1_35' title="bbox 524 4262 2003 4364; baseline 0.015 -34"><span class='ocrx_word' id='word_1_351' title='bbox 524 4283 630 4356; x_wconf 88' lang='lat' dir='ltr'>quere</span> <span class='ocrx_word' id='word_1_352' title='bbox 649 4263 818 4336; x_wconf 77' lang='lat' dir='ltr'>debemus.</span> <span class='ocrx_word' id='word_1_353' title='bbox 869 4269 956 4337; x_wconf 86' lang='lat' dir='ltr'>Dein</span> <span class='ocrx_word' id='word_1_354' title='bbox 972 4271 1058 4338; x_wconf 85' lang='lat' dir='ltr'>ratio</span> <span class='ocrx_word' id='word_1_355' title='bbox 1080 4262 1261 4362; x_wconf 84' lang='lat' dir='ltr'>potissimo,</span> <span class='ocrx_word' id='word_1_356' title='bbox 1282 4293 1340 4339; x_wconf 90' lang='lat' dir='ltr'>cur</span> <span class='ocrx_word' id='word_1_357' title='bbox 1365 4268 1488 4339; x_wconf 87' lang='lat' dir='ltr'>lleuras</span> <span class='ocrx_word' id='word_1_358' title='bbox 1509 4271 1560 4340; x_wconf 86' lang='lat' dir='ltr'>rel</span> <span class='ocrx_word' id='word_1_359' title='bbox 1583 4271 1767 4364; x_wconf 68' lang='lat' dir='ltr'>longssffimo</span> <span class='ocrx_word' id='word_1_360' title='bbox 1789 4281 1893 4350; x_wconf 88' lang='lat' dir='ltr'>etiam</span> <span class='ocrx_word' id='word_1_361' title='bbox 1925 4303 2003 4351; x_wconf 87' lang='lat' dir='ltr'>tem·</span> 
     </span>
     <span class='ocr_line' id='line_1_36' title="bbox 524 4359 2003 4469; baseline 0.014 -42"><span class='ocrx_word' id='word_1_362' title='bbox 524 4381 611 4454; x_wconf 90' lang='lat' dir='ltr'>pore</span> <span class='ocrx_word' id='word_1_363' title='bbox 634 4359 813 4452; x_wconf 83' lang='lat' dir='ltr'>praescribi</span> <span class='ocrx_word' id='word_1_364' title='bbox 840 4363 1055 4436; x_wconf 76' lang='lat' dir='ltr'>interditluin</span> <span class='ocrx_word' id='word_1_365' title='bbox 1073 4363 1154 4445; x_wconf 89' lang='lat' dir='ltr'>fuit,</span> <span class='ocrx_word' id='word_1_366' title='bbox 1178 4389 1267 4448; x_wconf 80' lang='lat' dir='ltr'>crat,</span> <span class='ocrx_word' id='word_1_367' title='bbox 1288 4391 1328 4437; x_wconf 90' lang='lat' dir='ltr'>ne</span> <span class='ocrx_word' id='word_1_368' title='bbox 1352 4365 1446 4436; x_wconf 86' lang='lat' dir='ltr'>sistus</span> <span class='ocrx_word' id='word_1_369' title='bbox 1468 4367 1621 4462; x_wconf 87' lang='lat' dir='ltr'>publicus</span> <span class='ocrx_word' id='word_1_370' title='bbox 1645 4375 1821 4469; x_wconf 80' lang='lat' dir='ltr'>quidpiam</span> <span class='ocrx_word' id='word_1_371' title='bbox 1843 4377 1926 4450; x_wconf 92' lang='lat' dir='ltr'>inde</span> <span class='ocrx_word' id='word_1_372' title='bbox 1953 4379 2003 4448; x_wconf 88' lang='lat' dir='ltr'>de·</span> 
     </span>
     <span class='ocr_line' id='line_1_37' title="bbox 523 4457 2000 4566; baseline 0.016 -40"><span class='ocrx_word' id='word_1_373' title='bbox 523 4457 673 4527; x_wconf 86' lang='lat' dir='ltr'>trimestri</span> <span class='ocrx_word' id='word_1_374' title='bbox 690 4461 852 4552; x_wconf 80' lang='lat' dir='ltr'>potiatur,</span> <span class='ocrx_word' id='word_1_375' title='bbox 876 4459 984 4555; x_wconf 85' lang='lat' dir='ltr'>sicque</span> <span class='ocrx_word' id='word_1_376' title='bbox 998 4487 1041 4536; x_wconf 90' lang='lat' dir='ltr'>ne</span> <span class='ocrx_word' id='word_1_377' title='bbox 1062 4467 1243 4554; x_wconf 77' lang='lat' dir='ltr'>extenuatis</span> <span class='ocrx_word' id='word_1_378' title='bbox 1271 4464 1433 4535; x_wconf 87' lang='lat' dir='ltr'>reditibus</span> <span class='ocrx_word' id='word_1_379' title='bbox 1457 4463 1598 4560; x_wconf 89' lang='lat' dir='ltr'>publicis</span> <span class='ocrx_word' id='word_1_380' title='bbox 1621 4465 1771 4566; x_wconf 87' lang='lat' dir='ltr'>sumptus</span> <span class='ocrx_word' id='word_1_381' title='bbox 1786 4478 1821 4542; x_wconf 90' lang='lat' dir='ltr'>iti</span> <span class='ocrx_word' id='word_1_382' title='bbox 1847 4499 2000 4548; x_wconf 83' lang='lat' dir='ltr'>commu·</span> 
     </span>
     <span class='ocr_line' id='line_1_38' title="bbox 522 4551 2001 4672; baseline 0.014 -49"><span class='ocrx_word' id='word_1_383' title='bbox 522 4576 580 4628; x_wconf 86' lang='lat' dir='ltr'>nes</span> <span class='ocrx_word' id='word_1_384' title='bbox 598 4551 796 4654; x_wconf 78' lang='lat' dir='ltr'>&amp;publicas</span> <span class='ocrx_word' id='word_1_385' title='bbox 821 4556 1019 4638; x_wconf 74' lang='lat' dir='ltr'>necessitates</span> <span class='ocrx_word' id='word_1_386' title='bbox 1044 4557 1187 4638; x_wconf 87' lang='lat' dir='ltr'>faciendi</span> <span class='ocrx_word' id='word_1_387' title='bbox 1209 4559 1390 4652; x_wconf 72' lang='lat' dir='ltr'>deficiant,</span> <span class='ocrx_word' id='word_1_388' title='bbox 1412 4565 1503 4661; x_wconf 89' lang='lat' dir='ltr'>atqui</span> <span class='ocrx_word' id='word_1_389' title='bbox 1527 4563 1608 4640; x_wconf 81' lang='lat' dir='ltr'>ltcec</span> <span class='ocrx_word' id='word_1_390' title='bbox 1622 4570 1710 4643; x_wconf 85' lang='lat' dir='ltr'>tutio</span> <span class='ocrx_word' id='word_1_391' title='bbox 1731 4572 1834 4644; x_wconf 82' lang='lat' dir='ltr'>etium</span> <span class='ocrx_word' id='word_1_392' title='bbox 1858 4575 2001 4672; x_wconf 83' lang='lat' dir='ltr'>quadrat</span> 
     </span>
    </p>
   </div>
   <div class='ocr_carea' id='block_1_12' title="bbox 1962 4669 2002 4746">
    <p class='ocr_par' dir='ltr' id='par_1_12' title="bbox 1962 4669 2002 4746">
     <span class='ocr_line' id='line_1_39' title="bbox 1962 4669 2002 4746; baseline -0.075 0"><span class='ocrx_word' id='word_1_393' title='bbox 1962 4669 2002 4746; x_wconf 84' lang='lat' dir='ltr'>ad</span> 
     </span>
    </p>
   </div>
   <div class='ocr_carea' id='block_1_13' title="bbox 0 0 2514 5592">
    <p class='ocr_par' dir='ltr' id='par_1_13' title="bbox 0 0 2514 5592">
     <span class='ocr_line' id='line_1_40' title="bbox 0 0 2514 5592; baseline 0 2"><span class='ocrx_word' id='word_1_394' title='bbox 0 0 2514 5592; x_wconf 95' lang='lat' dir='ltr'> </span> 
     </span>
    </p>
   </div>
  </div>
 </body>
</html>
