5017 5592
397 679 405 684 ·
503 683 577 763 504
759 659 1098 741 urssanrnrio
1127 617 1428 741 ntsronrco·
1448 616 1724 742 canonica

620 846 715 916 Xlll.
740 845 792 915 Ut
809 845 910 937 igitur
926 843 967 918 de
993 839 1197 937 singulorum
1223 845 1470 920 Advocatorum
1494 843 1670 920 excessibus
1694 868 1801 942 pauca
1825 843 1982 928 dicantus,

501 943 635 1015 initium
659 943 811 1014 ducimus
827 969 845 1011 a
863 943 1036 1015 Peren-dt
1058 943 1404 1038 jurisdislinnalibus:
1430 948 1496 1016 His
1514 946 1655 1017 Carolus
1669 950 1727 1027 M,
1745 948 1794 1017 uti
1813 939 1982 1040 superiore
2016 955 2020 964 '

503 1049 612 1136 capite
634 1048 667 1129 §-
685 1067 742 1115 aa,
765 1039 1017 1122 insinuavimus,
1040 1043 1072 1134 dr
1091 1041 1202 1140 postea
1220 1039 1359 1114 Hentici
1378 1048 1439 1115 lll.
1461 1045 1572 1116 dclv.
1594 1045 1771 1116 accedente
1788 1040 1851 1113 usu
1869 1042 1902 1112 dt
1921 1044 1981 1113 lon·

504 1161 594 1232 gava
613 1136 850 1212 consuetudine
866 1136 991 1209 nonnisi
1014 1144 1117 1237 ptiam
1134 1165 1264 1237 partem
1284 1138 1485 1213 mulslarum
1503 1141 1751 1237 &placitarum
1773 1136 1980 1222 concesserat,

502 1260 541 1308 ut
559 1233 605 1309 est
623 1237 712 1334 apud
730 1234 899 1309 Chockier
916 1238 948 1309 dt
968 1237 1143 1311 Bel'oldum
1162 1247 1217 1311 lat.
1236 1245 1306 1310 virt.
1337 1241 1400 1312 Sed
1417 1265 1492 1312 cum
1510 1237 1559 1310 isti
1581 1241 1741 1311 Advocati
1764 1240 1979 1310 nibilominus

503 1335 545 1406 ab
562 1332 791 1419 haemensura
811 1333 994 1428 longissime
1011 1336 1252 1417 exorbitarent,
1275 1340 1341 1409 Eos
1357 1340 1546 1409 Concilium
1563 1336 1751 1410 Rhomense
1772 1361 1863 1407 anno
1886 1351 1978 1424 ¹¹48·

450 1447 452 1452 '
503 1456 569 1527 cap.
589 1448 623 1505 a.
649 1458 688 1516 ac¹
700 1431 830 1529 postca,
852 1457 928 1505 curn
944 1435 1027 1507 nibil
1044 1436 1321 1515 emendarentur,
1339 1436 1493 1532 Synodus
1511 1439 1734 1508 Occumenico
1757 1439 1912 1506 Lateran.
1926 1439 1977 1504 lv.

506 1556 596 1608 anno
613 1557 718 1619 1215.
743 1552 804 1621 cap.
822 1557 882 1611 45·
909 1529 1078 1605 coarslare
1101 1531 1236 1612 studuit.
1284 1536 1369 1608 Hac
1391 1534 1557 1634 poslrema
1579 1532 1654 1631 post
1674 1530 1856 1608 recensitos
1873 1534 1979 1606 Advo-

504 1652 655 1719 catorum
678 1623 829 1701 defessus
844 1630 877 1699 in
892 1630 981 1706 hune
997 1633 1134 1704 modum
1150 1630 1281 1705 statuit:

389 1789 404 1802 ‘
546 1762 626 1829 Cum
642 1761 758 1843 igitur.
782 1761 868 1841 quod
881 1760 919 1822 ad
936 1759 1127 1826 defensionis
1140 1763 1304 1827 subsidium
1324 1763 1368 1827 est
1380 1765 1565 1837 inventum,
1589 1763 1627 1825 ad
1645 1762 1853 1846 depressionis
1867 1762 1980 1908 dipen-

580 1898 582 1901 .
620 1844 705 1908 diurn
726 1862 790 1905 non
805 1845 917 1908 debeat
934 1846 1134 1926 retorqueam
1162 1845 1366 1928 prohibemus
1385 1846 1544 1929 expresse,
1568 1867 1607 1910 ne
1626 1845 1770 1921 Patroni,
1802 1846 1860 1910 vel
1876 1847 1904 1908 A
1927 1867 1979 1908 vo·

623 1930 686 1989 eati
704 1927 754 1987 seu
770 1925 970 1990 Vicednmini
986 1926 1074 2011 super
1087 1926 1247 2008 praemissis
1261 1931 1428 1994 decaetero
1442 1931 1512 2011 plus
1532 1928 1697 2011 usurpent,
1722 1949 1816 2007 quatu
1833 1931 1980 2010 reperitur

619 2009 653 2072 ln
668 2010 738 2089 jure
758 2005 954 2089 expressum3
985 2007 1020 2071 dr
1036 2009 1057 2072 fi
1073 2019 1184 2073 contra
1201 2011 1466 2097 praesumpserint,
1495 2030 1550 2096 per
1569 2012 1768 2076 severitatem
1792 2010 1979 2078 canonicam

618 2090 835 2155 distrieliffrma
848 2091 1095 2175 compescantur.

439 2180 441 2183 ⁵
508 2239 510 2244 -
637 2245 639 2249 -
706 2210 778 2293 Cup.
795 2207 1021 2294 inquibusdum
1043 2208 1321 2292 §.indeprensa

400 2385 403 2390 .
505 2324 602 2398 Huic
623 2322 833 2397 Lateranend
860 2325 1085 2399 constitutioni
1108 2328 1298 2400 Concilium
1321 2327 1539 2421 Lugdunense
1565 2326 1623 2401 sub
1646 2331 1817 2422 Gregorio
1837 2334 1884 2402 Χ.
1902 2353 1981 2404 anno

509 2447 613 2516 ¹²7³·
632 2426 1006 2497 excommunicationem
1022 2427 1055 2495 in
1070 2429 1342 2522 prevaricatores
1361 2429 1520 2525 adjunxit.
1570 2426 1700 2502 Decisto
1713 2429 1916 2502 Conciliaris
1935 2453 1980 2502 re·

505 2513 616 2595 fertur
631 2546 694 2617 cap.
706 2527 842 2616 generali
862 2548 915 2611 13.
941 2535 989 2607 ἐξ.
1010 2526 1047 2594 da
1064 2528 1148 2594 eled.
1161 2529 1192 2595 in
1209 2538 1243 2596 ό.

546 2654 846 2823 Vidffiumeom
866 2673 931 2741 cap.
949 2664 1144 2741 praterea4.
1165 2657 1207 2738 ξξ.
1229 2653 1351 2740 dejure
1365 2662 1489 2742 parton.
1515 2655 1546 2719 C.
1566 2657 1598 2718 in
1608 2657 1740 2740 fingalia
1756 2677 1789 2744 7.
1812 2660 1849 2722 in
1866 2657 1984 2746 flasse

623 2883 716 2953 xlv.
742 2887 819 2953 Nec
841 2884 951 2953 minus
969 2875 1097 2974 grassari
1114 2876 1187 2951 sunt
1203 2879 1365 2952 Advocati
1383 2881 1569 2952 oeconomi
1587 2903 1625 2951 ex
1642 2879 1754 2951 laicali>
1767 2875 1855 2951 statu
1877 2876 1985 2952 allum·

417 2996 423 3004 '
507 2977 577 3070 pti,
610 3002 686 3047 nam
709 2974 1166 3071 quemadmodum-,forenses
1184 2977 1453 3071 jurisdiflronem
1477 2981 1633 3050 vicariam
1683 3004 1721 3047 ro
1741 2977 1985 3050 clientelaribus

506 3072 659 3144 Ecclesris
676 3074 834 3148 aCesare
850 3100 905 3146 aut
922 3074 1098 3146 fundatore
1114 3074 1171 3147 sibi
1187 3075 1298 3150 datam
1316 3080 1347 3147 in
1363 3073 1630 3170 jurisdielionem
1648 3003 1704 3144 sbi
1721 3077 1899 3171 propriam
1914 3101 1986 3147 con·
1998 3113 2020 3142 ι

508 3190 559 3240 tra
584 3170 740 3242 Ecclesiae
762 3174 794 3243 n
816 3171 1012 3244 monasteria
1043 3196 1232 3254 verterunt,
1268 3177 1312 3245 ita
1337 3175 1368 3247 a
1392 3173 1442 3244 isli
1465 3174 1680 3244 Advocatiam
1707 3176 1986 3255 oeconomiam,

508 3271 752 3364 Kastenvogtey‚
778 3295 891 3342 contra
908 3270 955 3342 sui
978 3269 1078 3342 officii
1096 3275 1279 3354 rationem,
1308 3273 1340 3344 a
1363 3276 1492 3369 optime
1511 3275 1676 3361 cognitam
1699 3269 1922 3346 fundatorum
1942 3274 1986 3342 in·

508 3371 692 3441 tentionem
708 3371 742 3438 in
757 3369 943 3440 dominium
963 3370 1063 3465 &jus
1081 3372 1344 3466 proprietarium
1363 3368 1441 3440 ausu
1457 3372 1636 3443 temerario
1652 3392 1916 3452 commutarunt,
1934 3389 1985 3440 aut

507 3462 623 3546 saltem
637 3466 722 3537 bona
739 3466 888 3540 Ecclesiae
904 3471 937 3539 in
956 3464 1049 3540 suum
1066 3467 1282 3540 commodum
1305 3469 1429 3559 magis,
1462 3492 1562 3566 qaiam
1585 3467 1673 3537 illius
1698 3464 1983 3549 administrabant,

506 3559 618 3659 sicque
632 3562 716 3635 offas
737 3562 808 3635 suas
826 3568 934 3639 alieno
950 3566 1048 3666 adipe
1063 3567 1326 3661 impinguarunt.
1354 3571 1449 3661 Qros
1465 3566 1635 3656 redarguit
1646 3568 1797 3658 Gregor.
1810 3569 1852 3635 X.
1864 3569 1899 3636 in
1909 3570 1985 3642 Con·

508 3661 563 3733 cil.
579 3663 734 3755 lugdun,
750 3664 873 3735 relatus
891 3689 963 3761 cap.
982 3673 1044 3734 Hoc
1060 3666 1262 3760 consultifflmo
1280 3691 1313 3736 2.
1341 3674 1389 3742 ii.
1407 3668 1443 3734 da
1460 3666 1519 3734 reb.
1537 3668 1616 3736 Errl.
1632 3671 1722 3732 tilica.
1739 3666 1769 3730 in
1789 3679 1823 3735 ό.
1842 3661 1980 3738 &Trici

508 3760 711 3831 anathemati
727 3758 857 3855 subjicit
874 3764 945 3853 Stis.
962 3766 1078 3833 XXII.
1095 3784 1159 3852 cap.
1180 3789 1232 3837 ιι.
1257 3765 1292 3832 da
1309 3762 1432 3855 reform.
1484 3757 1639 3831 infideles
1657 3760 1779 3831 horum
1803 3762 1981 3834 Advocato·

509 3880 586 3932 rum
603 3855 901 3930 administrationes
927 3858 1085 3930 Ecclefias
1109 3883 1149 3930 eo
1170 3859 1422 3955 compulerunt,
1456 3883 1492 3930 ut
1513 3883 1646 3928 omnem
1669 3873 1809 3952 operam
1833 3851 1980 3931 indefesse

508 3955 759 4122 ifmpenderenr,
784 3978 822 4036 ut
836 3952 868 4030 se
882 3956 923 4032 ab
938 3959 978 4028 iia
995 3955 1193 4045 liberarent,
1217 3957 1250 4027 id
1267 3958 1358 4059 quod
1374 3958 1506 4030 tandem
1523 3981 1659 4055 quoque
1676 3952 1767 4030 felici
1783 3951 1927 4032 successu
1940 3947 1979 4028 es-

525 4075 672 4131 ecerunt,
786 4067 790 4076 “

630 4192 706 4262 XV.
735 4189 798 4262 Sed
815 4192 946 4262 minora
963 4182 1100 4261 fuerunt
1113 4187 1250 4270 damna,
1274 4215 1347 4286 que
1363 4184 1513 4259 Ecclefiae
1534 4184 1573 4257 ab
1589 4187 1768 4259 Advocatio
1783 4184 1978 4282 jurisdislio·

507 4277 638 4376 delibus
659 4285 889 4372 &aeconomis
907 4284 1001 4383 possae
1018 4282 1176 4368 fuerunt,
1206 4311 1282 4357 nam
1305 4284 1435 4358 facilius
1459 4284 1503 4355 ob
1523 4290 1689 4356 minorem
1711 4287 1852 4358 illorum
1874 4308 1979 4384 porea·

508 4380 590 4456 tiam
616 4382 693 4452 huic
710 4386 800 4458 malo
815 4387 1002 4459 remedium
1022 4383 1277 4466 inveniebatur,
1296 4385 1394 4475 longe
1410 4388 1550 4452 maxima
1568 4379 1719 4464 fuerunt,
1758 4409 1834 4479 quae
1861 4387 1902 4456 ab
1921 4379 1980 4456 Ad·

507 4482 634 4553 vocatis
652 4480 685 4549 dr
700 4478 934 4557 Subadvocatis
951 4482 1215 4579 processoribus,
1243 4484 1336 4554 Viris
1352 4478 1463 4578 passim
1481 4478 1759 4576 prepotentibus,
1789 4507 1826 4552 ac
1855 4509 1920 4555 non
1938 4504 1982 4550 ra·

508 4601 549 4657 ro
566 4578 760 4675 Principalis
776 4583 1032 4675 praeminentiae
1046 4581 1113 4655 illis
1128 4576 1372 4659 inferebantur.
1421 4579 1483 4655 Illa
1494 4579 1643 4678 generali
1658 4579 1864 4681 compendio
1881 4575 1982 4656 Zalius

507 4701 660 4768 enarrat,
684 4677 764 4754 dum
778 4674 910 4754 scribit:

1872 4773 1986 4849 vena
