5017 5592
641 613 716 700 7m
901 663 905 668 ,
1074 537 1650 671 nmsnnrarto

527 831 533 838 .
644 775 810 877 pitulum)
837 771 991 863 conferre,
1011 797 1063 846 nec
1078 775 1243 864 distrahere
1259 782 1336 847 tales
1343 778 1482 868 stellas,
1493 778 1571 867 ficar
1581 802 1635 851 rec
1652 783 1747 855 alias.
1800 783 1972 879 Jnngatnr
1988 808 2044 880 tq.
2055 809 2099 856 tm

646 880 837 949 inservires.
863 879 899 942 de
914 872 1061 963 conseras.
1088 879 1120 946 in
1137 875 1270 969 antiquo
1286 874 1482 945 collelliune
1518 899 1582 973 cap.
1606 880 1739 950 ailesius
1762 904 1799 969 3.
1822 885 1862 951 de
1881 885 2044 977 prestasti.
2059 907 2100 978 tq.

645 1000 686 1046 ex
700 977 849 1069 diligenti.
875 975 911 1044 ce
918 972 990 1066 jure
1004 974 1215 1055 Parrancrus,
1238 997 1272 1042 m
1296 977 1401 1070 antiq.
1417 969 1547 1049 collese.

1243 1216 1277 1320 n
1326 1162 1527 1295 cxxun

758 1378 913 1452 Ulterius
928 1394 1160 1470 argumentum
1177 1369 1354 1445 desumunt
1369 1371 1408 1444 ab
1425 1370 1600 1457 nnsiione3
1638 1395 1720 1445 cum
1735 1375 1835 1447 enim
1861 1377 1898 1449 in
1923 1383 2104 1475 augustine

640 1485 752 1576 Reges
771 1477 861 1549 sacro
875 1477 950 1547 oleo
965 1474 1169 1554 delibantur,
1197 1498 1266 1567 pre
1280 1474 1388 1542 Luicis
1408 1472 1585 1553 excellere,
1602 1494 1802 1568 eorumque
1818 1477 2017 1553 conditione
2029 1503 2104 1551 cren·

642 1585 693 1682 pti
711 1577 750 1649 ad
769 1574 1013 1649 sacerdotalem
1034 1571 1284 1664 quodammodo
1307 1571 1503 1662 dignitatem
1524 1569 1620 1641 er‘ehi
1651 1569 1720 1640 illis
1738 1572 1927 1647 ridemur.
1984 1578 2101 1659 nerent,

597 1751 600 1756 ,
641 1677 735 1774 quod
751 1671 928 1747 inferiores
943 1676 1069 1742 ratione
1094 1662 1296 1738 fundationis
1317 1667 1370 1761 jus
1391 1665 1608 1762 presentandi
1630 1665 1802 1752 habeant3
1852 1697 1873 1742 e
1898 1668 2030 1748 fortiori
2046 1698 2101 1767 erge

640 1780 771 1868 Reges,
795 1774 852 1869 qui
871 1773 997 1864 majora
1016 1762 1168 1859 quotidie
1188 1769 1222 1834 in
1237 1765 1362 1834 bonum
1380 1763 1528 1836 Ecclesrae
1544 1766 1671 1861 potenti
1690 1764 1928 1843 Prorestione
1950 1769 2103 1854 consentit,

641 1872 764 1948 debent
779 1867 901 1942 hebere
917 1863 1116 1962 ampliorem
1132 1870 1409 1958 prerogativam,
1434 1884 1534 1960 atque
1554 1858 1753 1958 potestatem
1780 1864 1894 1960 pleno
1918 1869 1997 1964 jore
2013 1866 2105 1941 beuti·

639 1974 693 2045 cia
707 1963 920 2048 conferendi,
945 1987 1019 2060 quae
1040 1959 1116 2031 ideo
1131 1961 1313 2056 denegatur
1327 1962 1454 2042 Laicis,
1480 1961 1559 2055 quia
1575 1984 1641 2029 non
1654 1958 1796 2031 ltebent
1825 1968 1995 2059 peritiam
2013 1964 2104 2038 discer-

637 2068 741 2142 nendi
761 2085 946 2161 capacema
963 2063 1072 2134 minus
1091 2058 1226 2134 idoneo.
1280 2060 1454 2155 Principes
1473 2080 1585 2132 autem
1606 2056 1733 2155 ubique
1754 2058 1964 2154 pleniorem
1987 2069 2104 2141 nonin

636 2163 765 2247 habete
781 2160 1039 2264 presumuntur.

1229 2326 1266 2412 §.
1315 2320 1527 2397 CXXVII.

643 2511 650 2546 .·
752 2473 885 2544 Verum
901 2488 961 2536 trec
975 2459 1225 2535 Hilloricotum
1239 2456 1450 2557 prejudicio,
1475 2479 1531 2530 eut
1548 2451 1773 2541 observentias,
1790 2463 2049 2539 nee'Csnonum
2060 2463 2104 2548 sta,

636 2590 753 2652 treta,
791 2590 852 2638 nec
875 2585 1070 2656 argumenta
1099 2558 1232 2630 aliunde
1262 2556 1435 2654 desumpta
1457 2554 1528 2651 ejus
1555 2557 1716 2627 momenti
1741 2553 1828 2641 esse,
1871 2562 2048 2648 exislimn,
2076 2579 2104 2633 ot

635 2688 841 2765 quemquam
857 2688 875 2734 a
890 2662 1040 2733 veritatis
1055 2660 1187 2730 tramite
1202 2657 1374 2727 dimovere
1390 2675 1524 2747 queant.
1571 2658 1665 2724 Nam
1687 2648 1864 2729 referente
1881 2658 2027 2735 Eusebio
2040 2679 2071 2748 a)
2087 2682 2102 2729 s

635 2771 757 2845 Petro,
782 2756 983 2861 jacobos&
1003 2762 1132 2855 Joanne
1159 2752 1284 2826 elesius
1317 2746 1380 2823 fuit
1399 2750 1544 2848 Jacobus
1561 2754 1759 2843 cognomine
1780 2752 1917 2842 justus,
1954 2760 2104 2832 &Hiero-

636 2863 775 2960 solymo
796 2879 925 2931 creatus
940 2854 983 2927 esl
1000 2852 1202 2948 Episcopus3
1231 2875 1300 2946 quo
1315 2846 1461 2919 extinllo
1474 2844 1647 2940 Apostoli,
1677 2848 1708 2918 ἃ
1727 2847 1901 2947 Discipuli
1917 2855 2104 2950 designabant

636 2963 849 3035 Simeonem,
875 2953 1033 3045 Cleophae
1049 2947 1167 3019 silium.
1192 2950 1230 3039 b)
1281 2941 1482 3037 Poli'fugam
1498 2942 1642 3016 Narciffi
1661 2946 1976 3044 Hierosolymireni
1997 2952 2107 3052 Episco·

634 3060 673 3156 pi
690 3055 731 3123 nb
748 3049 920 3146 Episcopis
936 3050 1051 3116 vir-inis
1067 3041 1223 3113 suffossus
1238 3040 1284 3111 est
1299 3063 1347 3112 nt
1362 3062 1430 3121 us,
1447 3046 1474 3130 c)
1499 3044 1532 3113 or
1554 3047 1585 3115 S.
1607 3047 1828 3138 Hieronymo
1852 3049 1959 3134 reste,
1980 3053 2016 3150 d)
2040 3051 2106 3122 Ale·

636 3153 781 3228 xandriae
803 3174 821 3218 a
844 3151 964 3217 Marco
990 3138 1196 3233 Evangelissa
1219 3140 1386 3237 usquead
1409 3141 1608 3222 Heraclam,
1643 3141 1906 3238 &Dionysium
1938 3150 2105 3247 Episcopus

635 3250 830 3345 Presbyteri
846 3244 976 3335 semper
994 3265 1097 3311 unum
1113 3265 1150 3309 ex
1165 3235 1197 3309 se
1212 3236 1355 3309 eleisum
1383 3241 1415 3308 io
1435 3236 1609 3312 excelsiore
1631 3239 1736 3332 gradu
1760 3242 1972 3318 collocatum
1994 3247 2105 3342 Epilio·

633 3376 719 3452 pum
738 3344 969 3424 nominabant,
995 3344 1039 3409 ita
1054 3363 1181 3418 tamen,
1206 3362 1241 3408 ut
1260 3334 1370 3432 postea
1383 3339 1548 3423 matricis,
1573 3334 1636 3413 seu,
1644 3339 1860 3415 cathedralis
1875 3345 2031 3423 Ecclesiae
2045 3346 2105 3420 Cla·

631 3454 781 3527 ficorum
801 3446 969 3540 precipua
985 3437 1168 3511 authoritas
1191 3431 1304 3509 suerit.

673 3613 905 3696 &bnon

667 3732 910 3812 &Lpnm

668 3847 958 3931 &Lmompo
1072 3850 1077 3855 '

670 3966 711 4051 a)
732 3960 829 4047 Epist.
847 3972 897 4045 85.
921 3945 1167 4041 adovagrium.

1199 4177 1234 4265 ξ.
1280 4167 1523 4247 CXXVlll.

742 4310 810 4377 His
828 4308 989 4403 exemplis
1006 4304 1096 4378 ducii
1112 4303 1170 4379 SS.
1190 4308 1305 4376 Patres
1321 4301 1671 4404 desuper'sansiiones
1687 4297 1817 4380 secere:
1851 4330 1890 4384 ut
1910 4315 2100 4410 Episcopilja·

621 4407 698 4479 sirio
715 4411 1048 4499 Metropolitanorum,
1071 4410 1105 4480 ss
1121 4404 1324 4497 Eprsrcprrum
1343 4430 1464 4487 ectum,
1493 4409 1544 4497 qui
1565 4410 1751 4477 circumcirca
1772 4415 1865 4493 lunt,
1899 4420 2099 4503 provehantur

623 4508 666 4576 ad
681 4503 907 4593 srrlrfirfircam
922 4503 1107 4595 potestatem.
1134 4506 1168 4593 a)
1220 4506 1389 4600 Praetipua
1409 4506 1522 4598 itaque
1563 4500 1680 4573 orestas
1694 4511 1764 4575 erat
1780 4506 1871 4598 apud
1888 4509 2048 4590 Clerum,
2069 4503 2094 4576 ἃ

619 4597 821 4701 Episcopus,
847 4603 990 4675 maxima
1008 4625 1089 4677 sero
1104 4598 1193 4699 apud
1208 4602 1461 4702 Metropolitas,
1476 4525 1821 4698 quinciacensem
1838 4604 1876 4674 in
1892 4627 2090 4777 moresspre

2020 4720 2089 4778 w&
