5017 5592
1062 612 1643 712 ntssuttro‘rto

1296 846 1327 939 t.
1375 843 1451 921 vt.

737 974 1030 1075 Quemadmodum
1046 974 1209 1073 praemissa
1232 981 1452 1076 requiruntur
1464 977 1505 1050 ad
1520 976 1603 1063 hoc,
1623 1000 1662 1051 ut
1678 977 1753 1078 qula
1771 971 1868 1075 poidt
1895 999 1958 1075 per
1980 1000 2101 1076 precer

622 1068 786 1164 Caesareae
804 1076 844 1146 ad
862 1075 1030 1171 quoddam
1047 1073 1245 1148 beneficium
1266 1084 1330 1148 rite
1345 1078 1530 1162 nominari,
1553 1081 1599 1149 ita
1622 1077 1686 1148 alia
1708 1077 1815 1148 adhuc
1837 1069 2102 1155 necefforie'sunt

622 1169 795 1272 precislae,
823 1175 1050 1245 nominatione
1072 1175 1171 1245 etiam
1188 1169 1298 1257 fatto,
1323 1195 1361 1246 ut
1382 1169 1540 1248 effeilum
1564 1177 1802 1271 primariorum
1821 1198 1962 1268 precum
1986 1172 2101 1248 conse·

622 1294 764 1366 quatur3
787 1292 864 1346 ante
881 1273 993 1344 omnia
1013 1293 1145 1342 tenetur
1167 1269 1255 1341 infra
1281 1268 1444 1352 mensem,
1467 1270 1642 1368 poslquam
1664 1269 1724 1369 ipsi
1746 1275 1873 1343 vacatio
1893 1268 2047 1343 beneficii
2064 1277 2099 1343 in

597 1419 600 1424 -
622 1364 766 1440 Ecclefia
781 1391 844 1464 per
858 1392 973 1463 preces
997 1371 1173 1462 primarias
1187 1366 1332 1465 expressa
1346 1373 1544 1450 innotuerit,
1565 1363 1674 1465 perse
1691 1368 1742 1441 vel
1758 1393 1820 1461 per
1841 1392 2099 1466 procuratorem

623 1463 715 1535 adid
730 1461 870 1559 speciale
890 1466 1083 1536 mandatum
1098 1465 1274 1538 habentem
1296 1465 1495 1539 beneficium
1511 1491 1628 1539 vacant
1643 1488 1832 1563 acceptare,
1856 1468 1975 1563 primia
1992 1469 2100 1563 preci·

622 1559 688 1632 bus
710 1561 864 1633 collatori
878 1562 1069 1643 ordinario,
1093 1560 1260 1660 Episcopo
1283 1563 1333 1636 vel
1351 1564 1509 1661 capitulo
1529 1564 1756 1662 capitulariter
1774 1585 1976 1656 congregato
1994 1564 2100 1638 andea

623 1654 861 1753 insinuata«)
889 1665 967 1756 an
982 1657 1088 1758 spatio
1103 1657 1272 1732 menllruo
1286 1658 1397 1758 elapso
1412 1687 1528 1757 preces
1548 1686 1611 1758 pro
1625 1686 1663 1734 ea
1679 1664 1750 1734 rice
1764 1658 1930 1757 exspirent
1945 1685 1983 1734 er
2001 1685 2101 1756 parte

624 1753 794 1854 precillae,
821 1758 880 1853 qui
902 1757 966 1829 suae
989 1760 1197 1851 negligentiae
1215 1761 1383 1855 imputare
1402 1758 1519 1839 debet,
1544 1761 1635 1856 quod
1650 1762 1684 1829 in
1712 1757 1914 1855 acceptando
1935 1756 2099 1830 beneficio

625 1876 762 1966 vacante
776 1858 956 1969 terminum
971 1852 1142 1950 praefixum
1158 1880 1225 1927 uon
1245 1854 1445 1972 observarit,
1463 1860 1521 1953 qui
1537 1881 1716 1971 propterea
1732 1853 1791 1928 usu
1811 1851 2039 1969 introduilus,
2059 1880 2098 1929 ac

625 1947 1083 2133 tatillttttltlf'tttlt
1098 1951 2101 2147 :tt,il:ltlptttl¹3,ltttlt'tldlt‘t‘laltllllt

505 2222 510 2229 ,
629 2167 670 2213 an
687 2140 758 2255 ipsc
772 2140 928 2217 conferre
945 2142 1059 2242 polilt,
1081 2171 1141 2218 nec
1158 2173 1216 2230 nc,
1240 2172 1465 2245 praeterquam
1486 2149 1578 2250 quod
1598 2148 1678 2220 alias
1692 2172 1808 2245 preces
1833 2146 1996 2243 ejusmodi
2012 2171 2031 2218 c
2048 2143 2097 2225 se·

628 2241 712 2311 mita
724 2244 811 2337 juria
829 2246 1015 2314 communis
1031 2243 1063 2316 dr
1081 2244 1258 2316 ordinariae
1280 2246 1466 2320 collationis
1485 2245 1688 2328 exorbitent,
1709 2244 1853 2342 ideoque
1867 2241 2014 2317 breviori
2035 2268 2104 2318 ter·

627 2337 741 2421 mino,
763 2361 882 2436 utpote
896 2338 1038 2424 odiose,
1056 2340 1318 2435 constringendae
1339 2341 1413 2421 tint.

633 2481 635 2485 Ι
668 2506 706 2585 a)
727 2504 866 2572 Cbokier
882 2510 1035 2591 inprecer
1047 2511 1208 2591 primerlee
1221 2511 1275 2573 clt.
1289 2510 1378 2575 trost.
1399 2509 1482 2575 διὰ.
1508 2529 1540 2591 4.
1555 2497 1830 2585 minturnensem
1846 2505 1881 2570 dt
1898 2524 1933 2571 v,
1951 2508 2105 2571 duxerint

743 2592 933 2669 areptoudo.
978 2589 1186 2676 PirbiogTit.
1206 2593 1245 2655 de
1262 2594 1356 2676 praeb.
1371 2592 1405 2655 dr
1419 2592 1532 2674 dignit.
1555 2611 1640 2655 uum.
1684 2611 1732 2674 ῃ.
1792 2589 1933 2652 Indicant
1947 2589 1978 2654 id
2000 2589 2103 2670 ipsum

742 2669 864 2735 indulte
881 2671 1083 2756 Apostolica,
1104 2673 1140 2739 dr
1161 2675 1336 2819 diplomata
1358 2693 1489 2756 precum
1511 2610 1714 2736 Caestreabia
1736 2673 1863 2735 verbis:
1893 2673 2008 2752 “quod
2028 2670 2102 2738 NN.

742 2752 915 2849 perleve!
931 2768 1170 2838 procurrtorcm
1200 2776 1276 2819 uum
1287 2756 1368 2820 iufra
1380 2755 1516 2820 mensem
1531 2777 1549 2819 ι
1569 2756 1620 2818 die
1632 2767 1721 2818 notae
1732 2751 1787 2819 fibi
1803 2752 1981 2851 vocationis
1997 2752 2104 2820 duxe-

742 2846 786 2897 rat
808 2837 1043 2918 acceptandum.
1054 2880 1076 2914 „
1118 2839 1233 2905 Solent
1250 2857 1334 2902 nuno
1350 2840 1384 2903 in
1397 2837 1488 2922 praxi
1504 2837 1646 2932 precistrp
1666 2850 1794 2935 acceto
1810 2834 1956 2934 rescripte
1970 2853 2102 2919 precoro

743 2913 974 3013 Cresprearunr,
996 2931 1162 3002 antequem
1180 2933 1277 2984 vacet
1293 2919 1499 2995 beneficium,
1526 2919 1715 3017 collrtotip
1753 2918 1854 3014 inariq
1873 2924 2043 2991 intrauere,
2063 2928 2102 2981 ot

743 2999 1083 3165 ppperueapedqtppnpppt
1095 3002 1284 3153 bplupifiaporu
1297 3004 1332 3067 iu
1352 3001 1513 3078 Ecetefia,
1538 3019 1652 3067 monor
1670 2999 1771 3069 erdem
1784 2998 1952 3082 deligata,
1974 3020 2011 3065 ec
2024 3017 2103 3085 pro·

823 3093 834 3146 t
1072 3104 1112 3149 co
1138 3106 1155 3148 a
1183 3104 1205 3148 o
1227 3104 1289 3154 ern.

1274 3276 1308 3377 ι.
1358 3274 1457 3354 v11.

744 3428 793 3503 Er
805 3453 882 3508 mox
896 3432 992 3506 allata
1006 3432 1158 3507 doslrina
1171 3433 1338 3509 nonnullae
1354 3381 1562 3507 diiscultatea
1581 3426 1799 3513 oboriuntur,
1823 3427 1980 3525 inprimit
1996 3449 2015 3500 ι
2030 3450 2100 3525 quo

629 3540 785 3619 tempore
805 3530 942 3624 incipiat
966 3556 1102 3605 currere
1121 3530 1180 3603 illc
1200 3529 1319 3605 meniis
1335 3531 1374 3601 ad
1395 3529 1633 3627 acceptandum
1649 3530 1770 3600 dotus?
1789 3526 1824 3598 dr
1845 3527 2034 3604 communia
2052 3521 2102 3597 esi

629 3622 706 3690 DD.
724 3622 907 3717 responsio.
927 3628 1068 3699 eundcrn
1082 3654 1218 3701 cutrctc
1233 3654 1249 3697 a
1265 3629 1319 3700 die
1340 3646 1425 3698 notae
1441 3629 1637 3706 vacationis,
1657 3650 1694 3697 ut
1707 3622 1885 3698 edisserunt
1898 3624 1986 3695 clare
1998 3619 2101 3694 verbe

628 3740 706 3787 tnox
720 3719 861 3791 addutia
875 3747 913 3793 ex
927 3748 1043 3799 tenore
1060 3751 1215 3821 precum,
1233 3724 1288 3797 sed
1304 3727 1378 3819 quis
1393 3721 1528 3798 forlitan
1541 3726 1619 3793 inde
1638 3730 1744 3794 varias
1761 3717 1895 3793 fraudes
1915 3715 2039 3834 subesse
2052 3719 2111 3828 db·

628 3813 2103 4011 ti·aillllt‘tltll?,llattlttlllttll'itllll‘lltdttt‘tlbittit

630 4005 681 4080 lus
698 4035 716 4080 e
738 4013 848 4082 medio
865 4014 1011 4098 tollitur,
1028 4016 1059 4089 dr
1078 4012 1170 4089 fraus
1193 4014 1282 4089 nulla
1299 4013 1422 4089 subeli'e
1446 4012 1569 4112 potest,
1592 4039 1667 4085 cunt
1691 4012 1830 4110 preciila
1851 4034 1924 4082 cam
1944 4011 2103 4084 notitiam

629 4101 754 4180 habere
776 4107 944 4183 ccnl'catur
960 4138 978 4184 a
995 4138 1147 4209 ternpore
1166 4117 1345 4186 vacationis
1357 4111 1425 4207 jam
1447 4115 1586 4186 notoriae
1599 4114 1634 4182 in
1652 4112 1728 4181 loco
1743 4110 1795 4182 vel
1813 4103 1954 4182 Ecclesia
1975 4101 2102 4180 benefi-

630 4202 673 4271 tii
690 4208 852 4291 vacantis3
875 4210 1022 4305 alioquin
1039 4214 1182 4309 imputet
1195 4207 1272 4293 fibi,
1288 4207 1310 4284 fi
1327 4212 1361 4281 in
1380 4209 1444 4284 hoc
1463 4208 1556 4290 casu,
1580 4210 1703 4303 quode
1721 4205 1821 4304 ipsus
1840 4202 2020 4278 commodo
2033 4205 2103 4296 agi·

631 4318 704 4379 tur,
727 4300 780 4383 id,
802 4305 891 4395 quod
910 4309 960 4379 vel
1003 4334 1039 4380 er
1054 4307 1086 4379 se
1106 4309 1158 4381 vel
1180 4332 1242 4404 pet
1263 4307 1364 4380 alium
1381 4304 1464 4381 scire
1483 4311 1633 4404 poterat,
1658 4307 1831 4398 ignorarit.
1889 4306 2005 4399 Quare
2030 4301 2104 4397 ple·

631 4417 801 4490 rumque,
830 4396 851 4469 fi
874 4335 1021 4496 precise
1044 4404 1117 4480 sunt
1138 4407 1277 4487 remoti,
1301 4403 1500 4479 constituere
1522 4401 1625 4476 solent
1645 4424 1917 4500 procuratorem,
1946 4402 2004 4496 qui
2020 4399 2103 4471 huic

630 4495 767 4583 negorio
782 4490 918 4569 sollicite
935 4502 1105 4575 intendat:
1131 4504 1199 4573 erci
1228 4504 1300 4575 iunt
1315 4504 1449 4597 quidam
1464 4499 1499 4595 a)
1528 4502 1588 4573 hac
1604 4504 1636 4569 in
1664 4525 1718 4576 re,
1741 4498 1799 4570 nist
1821 4491 1960 4596 precilla
1980 4493 2104 4593 juliam

628 4587 826 4686 ignorantie
848 4594 978 4674 causam
993 4598 1114 4677 docete
1125 4527 1240 4701 pollii:
1262 4600 1382 4687 veluti,
1398 4597 1421 4672 fi
1438 4603 1537 4674 nirnia
1553 4600 1652 4693 longe
1669 4594 1803 4673 dillaret
1821 4622 1839 4670 a
1854 4597 1930 4671 loco
1947 4589 2106 4669 beneficii

592 4739 603 4750 ··
1992 4712 2108 4768 mm·
