5017 5592
501 665 576 757 466
761 651 1100 732 nissiiririo
1128 603 1724 772 brinnaico-canonici
1813 611 1816 616 ’

359 895 362 902 .
502 837 629 913 militer
646 833 680 908 di
695 811 853 907 inslanter
866 834 975 905 vocati
996 828 1135 907 suerunt
1152 857 1162 919 ;
1188 826 1227 906 ln
1243 861 1318 909 eam
1335 860 1408 908 rein
1426 835 1506 911 facit
1520 838 1668 937 Epistola
1691 838 1844 936 Septima
1858 805 1901 910 S}
1915 841 1982 908 Au·
2015 811 2019 816 Ι

504 931 800 1109 :pilpifiiclulppbslitnh
825 957 927 1031 qnam
948 937 1054 1006 Leoni
1079 937 1231 1007 Orientis
1256 940 1459 1034 Imperatori
1484 940 1566 1011 olim
1590 937 1771 1038 inscripsit,
1803 939 1983 1035 quainter
2015 1045 2019 1094 Ι

547 1188 677 1269 „Debes
696 1185 874 1272 Imperator
890 1180 1109 1250 inconstanter
1131 1181 1315 1257 aduertere,
1338 1181 1469 1266 Regiam
1491 1187 1679 1270 potestatem
1702 1185 1775 1252 Tibi
1795 1204 1864 1249 rion
1885 1179 1978 1250 solon
2017 1207 2019 1212 ·

622 1269 686 1348 „ad
706 1267 815 1332 mundi
831 1263 1006 1351 Regimen,
1025 1266 1076 1330 sed
1093 1268 1232 1331 maxime
1249 1267 1287 1328 acl
1305 1265 1456 1332 Eccleliai
1474 1270 1649 1353 praelidium
1665 1269 1726 1335 esse
1742 1270 1905 1334 collatam.

622 1407 722 1476 vni.
752 1401 921 1498 Qtoniam
943 1423 1025 1471 vero
1050 1397 1201 1469 nonnulli
1223 1399 1451 1494 Imperatores
1474 1403 1726 1476 Constantinum
1749 1406 1803 1472 M.
1826 1395 1976 1470 subsecuti

508 1502 575 1581 sese
598 1502 792 1575 Catholicos
810 1495 1021 1579 simulabant,
1038 1499 1127 1567 intus
1146 1520 1226 1567 vero
1243 1518 1321 1567 tunc
1337 1502 1369 1567 in
1386 1502 1515 1573 oriente
1531 1500 1709 1594 grassantes
1724 1498 1907 1572 errores&
1925 1499 1975 1566 be·
2001 1559 2008 1570 .

508 1602 597 1677 reses
616 1599 792 1678 fovebant,
816 1599 850 1666 in
867 1595 1006 1666 Ecclesia
1022 1620 1095 1666 mos
1119 1591 1268 1666 incessus
1285 1590 1369 1676 suit,
1393 1622 1428 1669 ut
1450 1625 1555 1671 novus
1585 1606 1774 1695 Imperator
1794 1597 1973 1668 oriliodoie

397 1775 402 1794 ,
509 1702 589 1776 fidei
616 1693 850 1798 professionem
870 1692 928 1763 sub
949 1692 1166 1788 jurisjurandi
1188 1686 1334 1764 formula
1358 1692 1482 1792 scripto
1500 1697 1755 1778 contestaretur,
1779 1699 1974 1787 Romamque

510 1804 551 1874 ad
576 1804 751 1870 Summum
776 1789 923 1863 Ecclesae
948 1787 1141 1861 Pontificem
1165 1791 1228 1861 boc
1250 1789 1411 1887 scriptum
1439 1802 1603 1878 mitteret,
1629 1821 1697 1892 quo
1720 1792 1870 1893 praliito
1892 1796 1973 1861 lllun

509 1923 576 1998 pro
593 1895 762 1967 Advocato
778 1889 893 1962 habuit
909 1885 1068 1972 Ecclesia,
1092 1888 1124 1958 di
1146 1884 1317 1985 profunde
1338 1917 1490 1965 venerata
1505 1893 1562 1966 esi.
1611 1898 1722 1965 Docet
1738 1895 1802 1964 boc
1827 1915 1888 1960 nos
1905 1892 1974 1962 Get·

510 2020 628 2072 manus
649 1990 839 2064 Patriarcba
861 1988 1075 2084 Cpolitauus,
1097 2011 1154 2082 qut
1172 1992 1318 2058 Leonem
1343 1985 1542 2075 Isauricum,
1566 1993 1645 2062 dum
1661 1996 1687 2061 is
1704 1997 1737 2061 in
1763 1985 1899 2060 haercfin
1922 1993 1973 2057 lio·
2017 1991 2019 1996 '

511 2092 731 2166 noclaslarum
748 2084 835 2158 stede
855 2082 1031 2183 prolapsus
1047 2109 1085 2153 cii
1107 2085 1330 2156 Advocato&
1352 2085 1536 2160 Desenlitre
1560 2089 1708 2159 Ecclcstae
1731 2087 1840 2158 soiius
1858 2084 1932 2156 esset
1946 2081 1974 2151 il·

486 2205 492 2224 ·’
511 2193 577 2266 lius
593 2187 803 2288 persecutor,
825 2209 963 2281 paterne
984 2190 1134 2264 monuit,
1159 2208 1291 2255 memor
1311 2182 1388 2255 esset
1407 2188 1607 2280 juramenti,
1629 2189 1719 2283 quod
1735 2181 1897 2263 Ecclesiae,
1916 2185 1972 2251 Deo

511 2291 547 2363 in
569 2284 788 2383 fidejussorem
815 2284 907 2363 doto,
932 2281 1148 2378 promiserat,
1171 2279 1203 2352 se
1222 2283 1306 2351 nibil
1323 2285 1592 2379 Apolloltcarnm
1611 2287 1644 2358 di
1661 2287 1862 2358 traditarum
1879 2281 1973 2375 legum

512 2391 695 2463 circaeam
716 2379 890 2455 Ecclesiam
913 2384 1045 2476 penitus
1066 2382 1312 2454 innovaturum.
1357 2466 1366 2488 .

693 2512 866 2580 silentiariis
880 2511 985 2576 Leiior
998 2510 1035 2578 L.
1049 2532 1077 2576 1.
1096 2509 1135 2576 ssi
1151 2511 1315 2596 Euagrius
1328 2512 1347 2575 l.
1359 2531 1389 2594 3.
1407 2530 1430 2575 t.
1450 2530 1501 2578 22.
1629 2581 1632 2586 Q

514 2629 627 2720 Qtani
649 2619 778 2694 sirenue
801 2622 884 2692 lianc
907 2619 1110 2691 Univerl'alis
1135 2617 1283 2692 Ecclefiae
1311 2643 1348 2690 ac
1373 2622 1469 2692 Sedis
1500 2622 1657 2691 Romanae
1692 2623 1973 2712 Romanorumque

515 2718 716 2795 Poniificum
732 2743 799 2792 tam
817 2722 849 2788 in
866 2722 1007 2790 Oriente
1023 2744 1123 2816 qoam
1139 2719 1321 2790 Occidente
1343 2720 1482 2790 tutelam
1502 2723 1728 2814 Imperatores
1748 2717 1857 2814 probe
1873 2719 1977 2789 Carbo·
2004 2745 2011 2764 ·

515 2822 571 2893 lici
595 2845 657 2918 pro
679 2821 861 2909 Dignitatis
885 2841 920 2886 ac
948 2819 1103 2886 Muneris
1128 2814 1174 2886 soi
1202 2818 1330 2888 ratione
1350 2815 1527 2909 gesserint,
1554 2843 1641 2889 nunc
1666 2842 1704 2887 ei
1725 2818 1846 2888 ordine
1869 2833 1978 2910 tempo·
2016 2863 2019 2912 3

516 2944 592 2991 rum
614 2921 728 3013 paucis
752 2917 963 2994 reseremus,
988 2919 1072 2983 aM.
1090 2912 1307 2984 Constantino
1330 2917 1535 2988 inchoantes.

632 3053 691 3119 IX.
718 3043 954 3116 Firmissimum
971 3042 1117 3116 Ecclesiae
1134 3041 1280 3116 fulcrum
1296 3053 1346 3120 M.
1367 3053 1592 3120 Conis'rnN
1601 3067 1754 3119 Titinii
1773 3041 1870 3118 fuisse
1889 3043 1981 3116 &Ee-

432 3228 435 3234 ,
519 3143 655 3219 cleliam·
676 3143 854 3215 secundum
870 3145 979 3213 Deum
1002 3168 1136 3213 omnem
1153 3139 1225 3215 fere
1241 3143 1304 3215 sote
1322 3142 1520 3217 defensionis
1546 3144 1700 3216 fiduciam
1717 3149 1749 3215 in
1775 3170 1818 3216 eo
1841 3136 1983 3240 posuisse,

518 3268 641 3344 preter
657 3268 773 3313 omnes
793 3243 874 3311 alios
899 3239 1103 3335 scriptores,
1127 3240 1227 3312 sidem
1250 3244 1345 3314 nobis
1368 3240 1449 3314 sicit
1470 3249 1502 3314 in
1528 3271 1564 3316 re
1584 3243 1739 3314 ltillorica
1763 3238 1983 3314 versatissimus

430 3335 433 3349 ’
519 3345 656 3416 Cardin.
675 3345 863 3412 Batonius:
889 3344 981 3408 Nam
1004 3339 1083 3410 dum
1107 3340 1285 3412 Donatistae
1302 3345 1335 3412 in
1359 3339 1472 3413 Africa
1497 3342 1646 3413 Ecclesiae
1671 3339 1793 3413 Cbr'tsli
1814 3365 1929 3434 pacem
1943 3359 1986 3408 us·

519 3467 586 3541 que
600 3444 683 3512 adeo
703 3438 892 3520 turbarent,
915 3461 951 3509 ut
966 3439 1179 3510 Caecilianum
1201 3441 1403 3531 Carthagine
1419 3445 1520 3512 totius
1543 3437 1666 3510 Asticae
1691 3440 1882 3534 Metropoli
1906 3429 1986 3532 Epis·

518 3565 643 3637 copom
660 3539 745 3610 Sede
760 3535 815 3607 sua
834 3538 1000 3631 erpellere
1018 3535 1082 3606 anfi
1099 3535 1174 3616 sint,
1197 3545 1418 3633 patrocinium
1441 3535 1570 3608 afflicta
1590 3538 1737 3607 liccleliae
1760 3535 1986 3607 Constantinus

519 3639 677 3737 precibus
693 3659 845 3707 evocatus
862 3636 950 3706 illico
968 3631 1126 3731 suscepit,
1150 3636 1357 3706 &timolino
1375 3634 1432 3707 suo
1449 3641 1482 3706 itt
1501 3640 1551 3706 liis
1569 3643 1668 3708 tertis
1694 3635 1888 3706 Proconsuli
1907 3653 1983 3704 man·

521 3738 630 3819 davit,
652 3758 688 3807 ut
704 3732 892 3804 turbatores
913 3731 1139 3828 compesceret
1155 3759 1163 3817 3
1189 3759 1332 3829 cumque
1350 3736 1404 3804 ille
1420 3734 1463 3805 ob
1477 3736 1687 3807 turbatorum
1702 3758 1895 3829 procaciam
1910 3725 1985 3802 liius

520 3836 665 3908 mulium
688 3829 883 3928 proficeret,
907 3831 1089 3900 Melcbiudt
1114 3835 1210 3926 l'apae
1229 3831 1359 3902 causam
1385 3858 1518 3905 omnem
1541 3831 1721 3911 coniniilit,
1744 3838 1802 3927 qui
1825 3829 1985 3902 seditiosos

522 3959 587 4030 pro
602 3931 660 4003 suo
674 3955 768 4001 more
795 3930 947 3998 homines
966 3954 1027 4023 pcr
1048 3926 1238 4000 senteutiam
1260 3933 1516 4014 condemnavit,
1543 3958 1642 4029 quum
1669 3928 1780 4024 postea
1807 3935 1986 4024 Imperator

523 4033 677 4101 admotus
701 4033 949 4098 Hercticorum
973 4026 1130 4097 sedandos
1149 4026 1381 4108 confirmarit,
1407 4055 1473 4123 qno
1501 4035 1582 4100 nilitl
1606 4029 1834 4099 Ecclelinllieae
1861 4023 1988 4121 potesla-

523 4132 566 4198 tis
582 4127 663 4207 libi,
688 4128 789 4197 veluti
815 4123 1031 4218 protellonies
1052 4123 1233 4206 lbmmanr,
1258 4127 1426 4210 attribuit,
1448 4124 1667 4200 l'edn'cclcstae
1685 4152 1748 4224 per
1765 4125 1988 4198 lenientiaeri·

524 4225 789 4296 iihabitatiunem
808 4225 840 4294 n·
860 4248 1085 4294 executionem
1102 4219 1298 4314 suffragatus
1314 4223 1371 4297 esi.
1920 4255 1923 4260 ·

611 4405 613 4410 .
694 4357 815 4424 Boron.
833 4359 867 4419 in
888 4353 1063 4416 Annalibus
1080 4354 1120 4415 od
1136 4372 1250 4415 aritium
1271 4355 1381 4437 citant·
1404 4352 1583 4422 CCCXIII.
1687 4329 1689 4333 Ι

640 4479 670 4545 Χ
708 4480 790 4543 Νοη
808 4481 971 4545 minorem
988 4469 1142 4540 ardorem
1159 4468 1236 4541 fidei
1252 4471 1445 4540 orthodoxae
1463 4469 1609 4545 exercuit
1631 4500 1745 4544 contra
1771 4468 1991 4564 sacrilegos&

525 4576 746 4647 interneciuos
763 4577 839 4643 Filii
856 4573 1028 4643 Naturalis
1048 4574 1108 4639 Dei
1125 4569 1231 4639 bollcs
1247 4578 1408 4650 Annona,
1425 4576 1754 4666 Qtirtntlccintanos,
1771 4597 1888 4642 conittt
1905 4563 1994 4639 libis·

525 4674 817 4749 ma-Meleiiinuin
833 4697 869 4743 nc
893 4665 1074 4741 fallionem
1100 4669 1369 4754 Collutbianim3
1393 4675 1480 4770 duin-
1495 4675 1531 4743 li.
1550 4671 1705 4769 Sylvellri
1725 4678 1821 4769 Pepc
1842 4671 1993 4838 precipue

1903 4792 1920 4838 fl
1948 4790 1997 4840 ΕΠ·
