5017 5592
485 597 570 728 ¹aaa
788 633 1125 715 urssuutarro
1176 613 1695 708 canonico-rumara

544 827 581 907 a)
604 820 638 886 C.
659 839 685 881 1.
701 819 856 882 declarant
870 817 1017 894 praeneti
1032 817 1134 886 llerrea
1150 817 1180 876 in
1196 815 1316 877 verbis:
1341 811 1517 877 Slatuimus
1532 831 1661 894 quoque
1672 831 1745 874 rum
1760 809 1908 879 Consilio
1918 813 1979 880 su.

618 924 734 965 vorum
762 903 831 964 'irbi
849 901 880 963 dc
906 903 1015 984 i‘opuli
1030 899 1191 962 s'liriltiani
1215 913 1344 978 propter
1374 899 1567 959 imminentia
1588 897 1667 959 bella
1685 895 1721 958 dr
1746 895 1979 976 persecutiones

619 1001 809 1051 caeterarum¹
831 987 993 1060 pontium.
1017 1003 1096 1063 quae
1116 985 1146 1044 in
1165 983 1299 1042 circuitu
1314 979 1422 1041 nolito·
1437 980 1524 1048 nint,
1555 993 1591 1042 ur
1609 978 1661 1040 sub
1682 985 1832 1058 precario
1846 983 1880 1044 dr
1901 985 1982 1048 censu

618 1071 659 1131 ali
672 1091 752 1136 :uam
772 1083 890 1150 pit-trun
911 1065 1134 1128 ecclcsral'ticae
1158 1065 1310 1145 pecuniae
1339 1066 1368 1124 in
1395 1063 1589 1142 mllitttorium
1607 1066 1775 1124 exercitus
1794 1065 1896 1128 nostri
1920 1087 1983 1130 cum

620 1154 815 1231 induigentia
833 1151 900 1213 isui
918 1153 1079 1226 aliquanao
1099 1169 1151 1208 reu
1168 1167 1240 1206 ..roc
1265 1147 1320 1206 icti
1346 1168 1474 1211 eunius,
1508 1168 1544 1207 ea
1565 1146 1772 1219 enutritione,
1809 1163 1847 1208 ut
1863 1151 1982 1212 deuns-

614 1254 743 1316 .quaque
761 1236 859 1296 casata
877 1235 992 1294 solidus
1007 1247 1042 1292 au
1060 1233 1223 1291 ilccleriarn
1237 1231 1267 1288 ἃ
1288 1229 1508 1291 raon..sterium
1526 1231 1681 1290 reddatur.

549 1357 582 1433 b)
608 1351 642 1416 C.
659 1373 688 1434 3.
706 1354 833 1415 edicunt
852 1352 1018 1434 Episcopi:
1058 1349 1098 1412 Er
1119 1353 1156 1411 ‹le
1179 1350 1270 1410 rebus
1292 1343 1504 1407 ecclesiasticis
1530 1345 1692 1408 subtrabils
1714 1343 1749 1406 dr
1770 1346 1984 1412 illonarbisdr

623 1438 746 1498 ancillis
764 1435 835 1498 oui
852 1435 1074 1504 consolentur,
1097 1435 1279 1515 usquedum
1296 1429 1467 1493 necessitati
1483 1429 1610 1492 illorum
1629 1429 1850 1518 satisfaciant,
1863 1433 1898 1496 dc
1913 1433 1984 1516 quod

623 1516 834 1599 superaverit,
854 1520 963 1582 census
979 1520 1113 1581 levetur.

1151 1757 1160 1779 .
1213 1705 1364 1778 LXXl.
2027 1755 2030 1790 ,

631 1848 851 1935 Agnoverunt
867 1846 994 1940 quippe
1009 1711 1191 1938 aequissimi
1205 1843 1294 1935 juxta
1311 1863 1346 1909 ae
1361 1833 1584 1934 sapientissimi
1600 1863 1714 1910 rerum
1740 1838 1866 1916 arbitri
1890 1849 1983 1942 Reges
2028 1809 2030 1846 Ι

517 1939 809 2034 &imperatores,
832 1941 1035 2038 jullilsimurn
1053 1935 1141 2022 etse,
1168 1964 1242 2009 cum
1267 1931 1434 2016 Ecclesris,
1451 1939 1614 2030 quoniam
1638 1938 1714 2009 illae
1737 1941 1899 2032 ingentes
1915 1945 1986 2018 sem·

515 2063 579 2136 per
597 2040 628 2110 dr
645 2042 752 2111 multo
771 2043 931 2138 majores,
954 2065 990 2109 ac
1007 2043 1118 2122 Larci,
1139 2034 1282 2107 summas
1297 2033 1509 2105 contribuere
1527 2034 1558 2105 dr
1575 2032 1680 2108 solent
1701 2033 1735 2106 dt
1759 2037 1908 2126 debent,
1921 2047 1987 2116 rmi-
2026 2057 2030 2078 ¹

517 2137 668 2209 rabiliter
689 2146 782 2235 prius
799 2143 994 2216 convenire,
1017 2161 1125 2230 neque
1140 2161 1264 2206 certam
1282 2139 1321 2202 iis
1349 2129 1631 2203 conferendorum
1655 2129 1826 2220 summam
1842 2139 1988 2236 praefini-

517 2258 572 2313 re,
598 2259 639 2304 ne
658 2261 764 2306 torum
787 2237 938 2332 publicae
962 2233 1154 2306 necessitatis
1177 2259 1260 2302 onus
1278 2236 1309 2300 in
1326 2255 1380 2300 eas
1405 2231 1522 2322 conjici
1540 2232 1624 2301 velle
1643 2234 1831 2318 videatur3
1859 2263 1988 2336 quapra-

518 2353 596 2426 prer
614 2357 689 2400 cum
706 2339 824 2404 rationi
842 2337 873 2406 dr
892 2337 1049 2431 aequitati
1074 2331 1142 2426 ipsa
1166 2331 1299 2425 insuper
1319 2325 1522 2398 observantia
1544 2353 1604 2412 ¹ceu
1627 2355 1757 2424 optima
1784 2333 1880 2406 illius
1900 2341 1989 2410 sorer-

520 2452 599 2524 pres
616 2428 833 2520 suffragetur,
854 2435 935 2503 bona
954 2429 1168 2503 ecclesiarum
1185 2431 1325 2502 dotalia,
1342 2425 1431 2496 sicuti
1451 2453 1488 2494 er
1505 2423 1601 2520 supra
1619 2425 1861 2502 demonstratis
1878 2431 1988 2508 nonnisi

521 2533 555 2595 in
571 2525 644 2596 casu
662 2529 814 2623 publicae
835 2529 1027 2602 neceffiraris
1044 2527 1117 2598 sunt
1139 2523 1374 2604 colscSlabilia,
1397 2526 1442 2592 ira
1458 2527 1557 2595 eriam
1575 2528 1607 2592 in
1625 2523 1684 2594 illo
1706 2526 1787 2598 casu
1804 2556 1876 2602 non
1896 2533 1988 2618 aliter.
2028 2543 2031 2560 ¹

498 2623 581 2734 {nili
597 2635 732 2723 praevia
749 2633 979 2705 conventione
993 2625 1158 2699 amicabili
1179 2625 1296 2696 lieuris
1310 2621 1452 2722 publicis
1467 2619 1581 2717 subjici
1599 2620 1689 2720 posse
1709 2627 1898 2705 concludo.

1009 2827 1066 2911 O.
1124 2826 1170 2904 A.
1231 2821 1294 2909 M.
1353 2819 1404 2901 D.
1461 2817 1514 2910 G.

1100 3045 1418 3134 M&
1485 3129 1489 3140 .

762 3281 1382 3390 Animadversiones
1449 3283 1763 3399 Editoris.

524 3420 624 3593 Ad
642 3529 677 3601 s.
692 3527 755 3597 W.
808 3525 870 3595 Nil
890 3522 953 3604 esi,
976 3549 1036 3596 cur
1052 3520 1181 3596 Ausior
1194 3525 1234 3593 de
1250 3520 1389 3594 falsitate
1407 3529 1589 3594 Donationis
1606 3525 1884 3610 constantinianae
1896 3525 1998 3600 subdu·

527 3619 634 3690 birarc
656 3619 825 3702 videatur,
851 3629 979 3720 quippe
998 3649 1083 3719 quae
1105 3647 1174 3694 tum
1200 3648 1239 3693 ex
1262 3622 1333 3718 styli
1355 3623 1384 3691 ci
1408 3626 1506 3691 aerati
1530 3623 1617 3691 nulla
1639 3626 1770 3694 ratione
1790 3630 1997 3718 congruentis

527 3716 744 3800 absurditate,
772 3747 841 3791 rom
864 3749 900 3790 ex
920 3745 1116 3813 argumento
1136 3718 1206 3816 ipso
1223 3721 1377 3790 omnibus
1400 3724 1499 3789 hodie
1522 3718 1694 3815 perspcsia
1717 3719 1784 3803 est,
1811 3727 1902 3796 adeo
1920 3745 1998 3797 utne

528 3817 562 3886 in
580 3813 647 3912 ipsa
665 3818 800 3911 quidem
815 3821 909 3888 ltalia
926 3844 1102 3914 patronum
1119 3821 1262 3915 amplius
1279 3841 1334 3888 aut
1352 3815 1560 3889 defensorem
1576 3816 1614 3887 fir
1628 3823 1819 3912 reperiura.

643 3953 700 4021 Ad
719 3960 754 4031 s·
771 3955 865 4022 XXI.
920 3955 1008 4024 Urut
1025 3977 1168 4046 aequum
1186 3951 1222 4020 fir
1238 3947 1321 4020 illud
1337 3977 1407 4021 rem
1425 3950 1550 4021 nonnisi
1566 3977 1641 4021 cum
1656 3952 1845 4047 onerejam
1865 3957 2000 4048 legitime

525 4044 730 4139 impositoad
742 4050 840 4119 alium
852 4048 987 4121 transire
1000 4046 1110 4148 posse3
1128 4056 1161 4118 in
1177 4051 1358 4120 Germania
1369 4075 1477 4120 tamen
1492 4052 1554 4119 bac
1565 4051 1606 4120 de
1622 4075 1658 4120 re
1671 4045 1891 4126 difficultates
1905 4074 2001 4125 enatat

528 4139 624 4213 fuisse
649 4171 739 4236 patet
761 4173 800 4217 ex
820 4152 1005 4244 privilegiis
1028 4145 1196 4219 Caesareis
1218 4149 1369 4217 Urbibus
1388 4151 1566 4242 praecipue
1585 4147 1823 4242 imperialibus
1840 4154 1998 4249 quondam

527 4239 700 4322 concessis,
725 4271 869 4338 quorum
884 4245 1057 4318 elenchum
1074 4243 1150 4317 fissit
1172 4250 1211 4316 M
1223 4269 1244 4316 o
1256 4265 1337 4316 salt
1366 4253 1466 4316 Tarsi.
1486 4265 1564 4320 uon
1582 4253 1646 4321 bel·
1659 4243 1999 4336 Resdleiic‘zttisdlrll

529 4337 1017 4440 Xcssstlrentsfflrrfnlsung
1036 4369 1172 4439 1772.p
1202 4371 1281 4416 zar.
1335 4355 1434 4413 Anrm
1459 4353 1557 4429 1306.
1583 4342 1728 4436 Augusta
1749 4350 1999 4420 vindelicorum

529 4440 721 4534 hujusmodi
741 4444 954 4534 privilegium
972 4445 1132 4520 obtinuit,
1159 4465 1196 4511 ut
1219 4440 1303 4510 bona
1327 4467 1420 4512 antea
1445 4444 1577 4510 triburis
1598 4443 1736 4511 obnoxia
1761 4447 1888 4516 iisdem
1910 4463 1999 4545 portu

531 4543 586 4608 ersi
606 4541 645 4607 ad
664 4539 820 4607 Ecclesias
846 4545 1076 4628 pervenirent,
1104 4539 1326 4633 subjacerent3
1353 4564 1451 4615 nem,
1478 4564 1513 4609 ur
1538 4539 1620 4608 bona
1646 4539 1746 4608 abiis
1771 4543 1928 4636 possessa,
1952 4545 2000 4636 qui

530 4640 695 4715 Orumem
706 4635 910 4732 Religiosum
924 4639 1195 4732 ingrederentur,
1210 4641 1298 4711 intra
1311 4645 1388 4708 anni
1402 4637 1545 4737 l'patium
1561 4640 1632 4709 aliis
1643 4636 1773 4711 civibus
1790 4641 1998 4720 distenderen-

1232 4767 1240 4788 τ
1946 4763 2000 4826 mr,

2027 4849 2033 4904 s
