5017 5592
437 674 439 678 ,
501 615 573 714 632
781 607 1122 687 orssunrarto
1173 584 1704 684 canonico-runicus
1767 551 1771 556 ’

618 783 740 856 adhaec
756 789 927 858 sancimus.
964 790 1107 852 omnium
1127 787 1297 854 lancearum
1318 787 1526 852 Ecclelirrutn
1541 775 1736 852 &bmnium
1759 781 1983 860 veuerubilium

618 876 789 937 domorum
806 871 1009 954 pnss'essiones
1026 892 1127 953 neque
1144 871 1282 934 sordidas
1298 870 1497 945 funiliones,
1525 889 1629 951 oeque
1646 869 1921 934 extraordinariae
1934 870 1984 930 de·

483 979 487 986 ·
617 958 803 1040 scriptiones
825 953 988 1028 sustinere,
1010 955 1033 1016 li
1052 967 1154 1016 tamen
1170 957 1291 1018 itineris
1304 955 1457 1017 sternendi
1480 967 1535 1030 aut
1552 952 1696 1036 pontium
1716 952 1859 1016 aedilicii
1876 950 1928 1013 vel
1942 970 1985 1012 re·

617 1040 792 1125 putationis
805 1055 888 1110 opus
905 1035 1019 1108 fuerit,
1054 1038 1186 1098 adinstar
1199 1038 1332 1100 aliorum
1347 1034 1549 1116 possessorum
1565 1036 1749 1117 hujusmodi
1772 1055 1860 1112 opus
1875 1033 1909 1096 bc
1926 1033 1986 1094 sen·

580 1151 585 1194 ·.
622 1125 689 1189 clas
705 1120 858 1182 Ecclenas
874 1117 908 1180 ὅ(
928 1122 1122 1186 venerabiles
1137 1120 1253 1184 domos
1273 1121 1453 1204 complete,
1473 1119 1548 1182 dum
1570 1119 1622 1183 sub
1640 1121 1693 1184 illa
1706 1117 1869 1202 possident
1880 1118 1997 1181 civita·-

523 1261 527 1276 .
623 1219 672 1281 te,
698 1206 825 1282 subque
842 1215 905 1264 tale
918 1202 954 1264 fit
970 1222 1064 1284 opus.

548 1327 582 1414 t)
611 1325 695 1391 Dum
715 1326 797 1385 enim
817 1322 1006 1397 lulliniaous
1027 1326 1057 1385 in
1075 1322 1163 1386 Nov.
1184 1342 1234 1403 43.
1258 1342 1285 1384 c.
1309 1339 1337 1385 t.
1359 1316 1519 1382 Ecclefiae
1536 1317 1912 1401 Constantinopolitanae
1930 1317 1983 1380 itu·

622 1409 807 1472 munitatem
831 1425 918 1467 troo.
933 1404 1132 1467 officinarum
1153 1408 1307 1472 donavit,
1328 1404 1467 1464 addidet:
1499 1413 1641 1465 caeterae
1657 1418 1738 1463 vero
1757 1421 1874 1466 ornnes
1898 1400 1984 1480 hujus

624 1485 725 1553 ulmae
741 1490 824 1550 urbis
844 1485 1009 1561 officione,
1032 1487 1098 1550 live
1114 1489 1314 1550 sacrosancta
1337 1487 1471 1566 alicujus
1486 1482 1542 1545 lint
1556 1483 1735 1556 Eccleliue,
1764 1481 1836 1548 five
1852 1484 1985 1566 hospitu-

625 1576 719 1644 lium,
742 1571 807 1632 stre
830 1570 1113 1638 monasteriorum,
1135 1569 1199 1631 stre
1220 1569 1584 1650 orphanotrophiorum,
1607 1566 1672 1628 stve
1685 1565 1900 1645 ptochiorum
1922 1611 1931 1631 .
1951 1604 1984 1633 ..

625 1655 703 1730 hae,
728 1656 873 1734 inquam,
897 1671 1008 1715 omues
1023 1652 1147 1735 publica
1161 1655 1225 1715 illis
1245 1653 1389 1736 impolita
1409 1647 1563 1734 praestent
1581 1649 1761 1732 vectigalia

1126 1845 1365 1947 §.xmv.

623 1981 771 2054 Felicior
788 1980 846 2053 sub
867 2004 972 2071 regno
987 1984 1213 2064 Francorum,
1246 2007 1282 2053 ac
1304 1980 1362 2054 sub
1386 1982 1445 2054 illo
1467 1986 1716 2063 Romanorum,
1741 1973 1858 2050 fuerat
1878 1997 1985 2052 rerum

509 2075 796 2152 ecclehallicatum
823 2079 942 2161 llatus,
972 2083 1188 2174 optatiorque
1212 2082 1380 2152 conditio:
1415 2106 1451 2152 ut
1473 2085 1562 2153 enim
1584 2077 1670 2178 ipl'as
1694 2078 1768 2147 illas
1797 2072 1984 2158 immensae,

510 2187 606 2272 queis
628 2183 734 2268 Reges
751 2181 883 2251 aemulo
899 2176 986 2272 quah
1003 2177 1109 2250 lludro
1129 2174 1284 2248 Ecclel'ras
1302 2176 1466 2274 prosecuti
1490 2178 1581 2261 sunt,
1608 2177 1776 2248 bonorum
1796 2176 1984 2246 donunouet

509 2273 640 2356 fileam,
667 2303 751 2371 pene
772 2275 919 2347 infinitae
944 2273 1033 2354 sunt,
1061 2302 1141 2368 quas
1166 2301 1294 2347 veteres
1309 2302 1422 2347 rerum
1444 2280 1679 2348 Francicarunr
1697 2271 1882 2369 scriptores
1899 2275 1983 2343 Mar·

511 2374 673 2468 cuiphus,
697 2377 885 2465 Gregorius
904 2372 1109 2445 Turonenhs
1133 2375 1256 2469 aliique
1277 2374 1448 2456 exhibent,
1477 2378 1703 2445 immunitates
1723 2370 1826 2442 bonis
1848 2367 1984 2443 ecclesu-

509 2466 598 2539 stieis
622 2495 640 2540 a
663 2473 810 2564 Regibus
837 2469 1028 2551 concellae,
1060 2497 1210 2566 quasque
1232 2471 1296 2544 hoe
1319 2498 1460 2543 numero
1489 2470 1600 2544 feliunt
1624 2471 1834 2563 Cupituleria
1861 2471 1984 2562 Regum

509 2569 738 2655 Frenrotum,
761 2595 798 2645 ut
814 2593 951 2672 prtetet
969 2571 1135 2646 tutionem
1156 2568 1295 2643 inllituti
1314 2570 1448 2665 longior
1468 2565 1598 2657 forem,
1617 2567 1642 2644 st
1658 2565 1785 2664 hogula
1798 2567 1923 2645 vellem
1941 2591 1986 2644 tu·

373 2771 377 2780 ι
507 2661 653 2742 censete.

1144 2800 1177 2903 u.
1223 2803 1354 2878 xxv,

631 2941 720 3011 Utur
738 2964 821 3011 vero
837 2936 974 3029 inlignia
996 2934 1121 3011 fuerint
1146 2940 1225 3011 haec
1246 2939 1441 3034 privilegia,
1474 2934 1598 3010 conllet
1619 2957 1753 3017 tamen,
1787 2933 1875 3008 solas
1898 2937 1985 3010 initio

512 3032 672 3105 Ecclehas
689 3038 891 3131 paroeciales
902 3035 956 3106 seu
970 3038 1115 3117 rurales,
1133 3038 1267 3134 eoquod
1283 3061 1348 3106 non
1365 3036 1506 3107 multum
1521 3040 1554 3105 in
1570 3035 1665 3105 bonis
1679 3035 1881 3119 habuerint,
1895 3058 1985 3131 utque

422 3141 438 3166 ‘
512 3125 723 3202 sustentando
740 3135 888 3228 parocho
905 3136 957 3202 vix
975 3131 1182 3216 suffecerint,
1208 3135 1248 3205 ab
1265 3158 1366 3206 onere
1383 3132 1585 3206 tributorum
1610 3129 1703 3203 fuille
1724 3157 1894 3224 exemtus,
1919 3132 1985 3203 reli·

513 3250 597 3395 puts
615 3253 695 3300 vero
711 3255 826 3300 omnes
845 3230 961 3300 iisdem
989 3227 1161 3327 subjebias.
1208 3233 1369 3328 lnprimis
1390 3237 1479 3303 enim
1504 3235 1537 3302 in
1562 3227 1720 3328 praefatis
1737 3232 1986 3327 capitularibus

529 3323 615 3397 nlius
635 3332 731 3419 meast
744 3325 782 3398 fit
797 3332 941 3410 mentio,
975 3332 1069 3424 isque
1085 3331 1172 3401 lolus
1188 3330 1227 3401 ab
1246 3357 1349 3402 onere
1363 3330 1566 3401 tributorum
1587 3330 1762 3410 eximitur,
1788 3354 1869 3400 curn
1883 3350 1988 3402 cutem

514 3422 564 3506 is,
590 3428 638 3495 uti
654 3428 834 3519 exlegibus
851 3425 1152 3518 longobardorum
1167 3434 1203 3510 er)
1227 3429 1349 3526 liquet,
1376 3433 1409 3497 in
1426 3431 1543 3519 exigua
1558 3435 1714 3522 quapiam
1732 3449 1846 3498 terrae
1860 3426 1988 3498 arabilis

512 3525 689 3614 portione,
717 3526 749 3597 u
766 3525 894 3616 aliquot
909 3528 1083 3619 mancipiis
1102 3525 1142 3595 ad
1156 3551 1228 3597 earn
1244 3525 1416 3597 colendum
1436 3522 1618 3596 necessariis
1631 3521 1834 3607 constiterit,
1853 3529 1989 3622 rurique

465 3685 470 3690 .
513 3616 592 3687 sutus
613 3614 732 3704 fuerit,
758 3619 865 3715 hcque
882 3621 1006 3692 nonnisi
1024 3628 1079 3692 uni
1096 3624 1232 3695 alterive
1249 3621 1408 3721 personae
1427 3621 1648 3693 {ostentandae
1666 3621 1859 3706 suffecerit,
1885 3621 1991 3695 eonse-

517 3739 622 3808 quens
633 3717 696 3798 ell,
714 3721 793 3790 tales
808 3725 1031 3790 immunitates
1047 3724 1215 3791 initionon
1228 3718 1398 3815 profurlle,
1418 3720 1475 3791 nih
1490 3719 1565 3790 solis
1576 3719 1727 3792 Ecclehis
1745 3720 1991 3815 paroecialibus

514 3811 755 3887 l'eururnhbus.
772 3820 806 3908 b)
854 3821 940 3886 Dein
959 3816 1435 3914 constareshistorialmpeni,
1455 3818 1646 3913 Episcopus,
1664 3819 1823 3900 Abbates,
1844 3821 1992 3918 eliasque

513 3912 746 4009 Ecclehasjcm
757 3915 833 3982 inde
848 3914 887 3983 ab
905 3913 1132 4011 a'ntiquiffimis
1149 3919 1359 4013 temporibus
1376 3919 1557 4012 perindeac
1573 3919 1721 4009 reliquos
1731 3920 1853 3988 Laicos
1869 3919 1991 3992 tribuet

514 4030 621 4080 atrnua
637 4010 784 4104 Regibus
801 4009 1009 4107 persolvill'e;
1037 4017 1081 4085 itu
1092 4014 1243 4109 jamdum
1260 4019 1399 4111 Pipinus
1414 4019 1446 4085 in
1458 4015 1609 4087 Concilio
1623 4012 1785 4085 Vernensr
1802 4040 1988 4110 anno-155·

512 4101 628 4177 habito
644 4114 725 4185 Con.
744 4117 773 4180 6.
790 4133 913 4194 vetuit,
940 4138 976 4180 ne
990 4114 1164 4205 Atbrrtffae
1176 4119 1298 4185 aliaeve
1313 4117 1453 4183 rncnieles
1469 4115 1518 4196 (ab
1529 4136 1692 4206 praetextu
1707 4113 1943 4203 deferendorum
1953 4117 1991 4186 d

510 4208 623 4293 Regem
638 4231 793 4278 artene-rum
808 4235 824 4277 e
841 4211 1026 4298 rerurrestert'it
1043 4208 1105 4299 [rtis
1128 4218 1352 4303 egrederentur.
1401 4213 1562 4280 Similiter
1583 4213 1617 4281 id
1641 4208 1778 4281 testatur
1793 4213 1989 4287 Chrouleoo

512 4298 545 4368 S.
570 4305 736 4396 Arnulphi
755 4308 794 4376 nd
817 4331 937 4377 unnutn
958 4319 997 4392 83
1010 4334 1038 4398 3.
1061 4309 1094 4375 in
1121 4307 1247 4380 verbis:
1288 4311 1464 4378 Condillem
1484 4315 1631 4402 pubinum
1655 4313 1822 4381 Lactarius
1845 4316 1989 4384 esuriat

511 4403 645 4468 Oticltir
662 4407 692 4468 in
711 4410 885 4495 compendia
901 4408 1022 4485 lralut't,
1049 4407 1145 4499 ilique
1160 4410 1297 4500 univetss
1311 4415 1458 4500 Episcopi,
1486 4409 1637 4490 Abbarrs,
1668 4411 1801 4478 Comiter
1817 4412 1988 4489 &unieret-

507 4496 565 4690 [αὖ
580 4503 716 4693 popalus)
736 4510 947 4576 convenientes
978 4507 1057 4577 dane
1088 4511 1235 4581 annualia
1262 4512 1291 4582 ei
1315 4506 1616 4603 praesentaverunt,
1659 4505 1988 4610 fidelitatemque-pre·

509 4617 552 4667 tm
566 4615 666 4671 eruere.
682 4623 696 4670 c

1873 4718 1915 4805 e)
1927 4713 1988 4788 Lib·
