5017 5592
546 639 622 739 oa
643 659 868 741 nuttriri
887 661 942 742 nt
957 663 1139 746 aaran
1163 665 1440 750 vetctvtt.
1463 669 1795 754 tttxtauatt.
1811 671 1878 754 aa.
1904 694 1978 784 4³³

494 861 634 920 nun.
649 843 708 920 sub
729 850 829 919 variis
843 850 948 922 titulis
964 850 1050 923 Cod.
1066 851 1204 926 Theod.
1235 875 1346 928 extant
1362 855 1430 948 scil.
1449 861 1482 928 itt
1503 861 1526 928 s.
1548 883 1578 945 3.
1595 862 1634 930 de
1654 861 1726 940 hir,
1759 870 1813 954 qai
1837 865 1879 934 ad
1898 867 1980 940 Etis.

497 945 619 1037 rinsag.
639 955 670 1016 ia
685 953 706 1018 s.
730 961 783 1018 16·
799 952 982 1043 deponitis
1005 958 1026 1021 l.
1048 976 1105 1037 3²·
1128 957 1166 1022 de
1185 957 1281 1046 Epist.
1302 959 1325 1026 l.
1341 981 1401 1037 57·
1422 960 1575 1050 deappts.
1591 953 1680 1029 confi
1699 962 1886 1031 FussuttY
1906 963 1982 1033 esf·

493 1043 600 1134 stane·
617 1047 844 1136 Ettlrfiasttqne
863 1055 883 1118 l.
905 1076 959 1117 ιι.
985 1055 1034 1118 N.
1059 1064 1115 1135 36.
1142 1049 1225 1121 banc
1247 1074 1358 1123 autem
1381 1052 1490 1145 legem
1505 1053 1554 1132 ,ad
1577 1059 1610 1126 S.
1633 1059 1982 1132 Casausnsrottt

500 1137 686 1211 instantiam
705 1140 969 1216 revocatamesse
987 1146 1160 1216 abeodem
1186 1155 1401 1224 Arcamo
1424 1151 1559 1234 volunt,
1591 1178 1658 1222 non
1683 1176 1795 1224 tamen
1812 1177 1853 1225 eo
1873 1151 1979 1238 sensu,

501 1237 589 1334 quasi
604 1265 669 1408 per
685 1242 767 1312 banc
781 1241 1049 1318 constitutionem
1067 1249 1215 1339 priorem
1235 1247 1359 1320 limites
1375 1248 1545 1345 potestatis
1567 1247 1631 1321 suae
1653 1249 1798 1346 egressus
1818 1247 1917 1333 esset,
1944 1273 1982 1326 ut

501 1345 599 1432 proin
660 1363 837 1436 quisquam
855 1335 934 1411 salse
952 1341 1084 1423 eredat,
1111 1341 1194 1412 banc
1209 1345 1454 1418 immunitatem
1471 1345 1535 1420 sive
1552 1354 1707 1420 ASYLu
1719 1370 1748 1420 nt
1771 1375 1837 1420 non
1856 1348 1983 1452 depen-

502 1433 580 1505 dere
606 1441 799 1508 nmntmode
826 1438 859 1508 ὅ(
884 1435 1034 1534 perfesle
1055 1465 1074 1509 a
1095 1438 1297 1533 benignitate
1325 1447 1573 1541 Imperatorum
1597 1447 1648 1517 vel
1673 1449 1884 1542 Principum:
1924 1444 1982 1527 sed

501 1532 683 1605 humilibus
699 1534 852 1632 precibus
872 1537 911 1607 ad
924 1543 1164 1631 imperatorem
1179 1561 1216 1608 ea
1232 1539 1276 1609 de
1291 1539 1384 1612 causa
1399 1541 1533 1620 delatis,
1553 1568 1589 1615 ut
1605 1546 1649 1614 tit
1665 1543 1787 1615 Celebt
1811 1547 1857 1620 D.
1874 1549 1898 1613 sl
1919 1563 1981 1628 κιρ

501 1649 580 1703 atat
603 1633 741 1726 trnnff.
760 1639 874 1726 datare
893 1647 1020 1706 nsua.
1037 1639 1072 1726 §.
1091 1649 1142 1716 28.
1165 1633 1384 1728 infine,aS.
1402 1643 1758 1714 cnarsotrono
1775 1638 1982 1714 ideffrisum

501 1724 580 1808 esse,
608 1727 732 1802 ostensa
751 1730 826 1803 s'atis
842 1735 1019 1831 iniquitate
1037 1737 1322 1836 Ευτιιοιριιωιι
1341 1733 1534 1840 instigante,
1559 1737 1602 1814 de
1620 1737 1695 1846 lege
1711 1763 1877 1826 contraria
1897 1763 1981 1820 eune

502 1825 619 1900 denda.

1129 1943 1131 1948 ·
1166 1941 1196 2024 t.
1245 1923 1315 2008 l'x.

618 2057 792 2150 Progressa
817 2064 977 2158 temporis
999 2059 1268 2137 constitutionem
1295 2075 1471 2140 Aacan.
1492 2068 1643 2162 excepit,
1682 2063 1872 2140 eonslitutso
1897 2067 1985 2140 Ho-¹

504 2174 615 2228 Nost.
634 2162 812 2231 Traron.
836 2166 868 2232 sl
899 2159 952 2231 l'eu
968 2162 1112 2253 junioris
1131 2166 1167 2232 L.
1187 2168 1214 2232 F
1217 2166 1294 2236 ideli
1317 2194 1349 2236 2.
1365 2191 1389 2236 c.
1406 2169 1442 2234 de
1457 2169 1522 2247 liis,
1546 2173 1596 2256 qai
1618 2169 1659 2234 ad
1678 2173 1788 2236 Etis's
1815 2192 1846 2252 3.
1869 2162 1985 2238 rursus

502 2258 938 2351 Triton.a·npliavitjos
956 2268 1108 2328 Asuui.
1128 2261 1230 2354 pauso
1252 2260 1325 2360 post
1346 2261 1537 2334 constitutio
1561 2267 1741 2342 Leonis
1762 2266 1921 2340 intrat.
1946 2288 1985 2336 tn

502 2358 526 2426 l.
542 2367 572 2422 ό.
592 2359 627 2422 de
646 2359 708 2436 ses,
730 2385 777 2442 „a-
804 2363 835 2424 rd
853 2364 921 2426 Era!
948 2360 982 2430 ὅ
997 2379 1151 2438 accurrit,
1176 2362 1423 2432 immunitatem
1445 2360 1517 2450 lege
1535 2383 1595 2454 per
1615 2363 1726 2432 omnia
1742 2358 1887 2452 ,valitura
1905 2383 1984 2442 eon·

502 2448 659 2530 slituens,
677 2453 721 2523 ibi
736 2480 789 2544 pre
808 2453 949 2523 multum
964 2454 1098 2546 juvatur
1113 2452 1167 2547 jus
1191 2463 1348 2547 Affli-
1375 2457 1517 2552 &pianr
1534 2463 1567 2530 in
1583 2458 1762 2536 violatores
1780 2453 1984 2540 acerbissima

503 2546 573 2618 scil.
595 2551 703 2619 ultimi
722 2550 874 2646 supplicii
891 2552 1034 2622 additur.
1085 2550 1198 2623 Fusios
1216 2555 1258 2625 de
1273 2559 1332 2626 hoc
1349 2560 1437 2646 Lege
1459 2551 1616 2626 disserens
1632 2555 1700 2627 vid.
1718 2575 1774 2626 va
1786 2575 1811 2626 tt
1832 2557 1879 2624 Es·
1893 2573 1913 2624 a
1925 2571 1984 2632 tet

503 2653 558 2718 cit.
576 2648 644 2738 diff.
662 2674 686 2717 c.
707 2675 735 2718 2.
764 2661 799 2732 ᾖ.
817 2658 848 2718 6.
901 2652 1033 2722 sternio
1049 2650 1113 2738 diff,
1139 2655 1225 2744 alleg.
1253 2652 1358 2732 celeb,
1385 2652 1432 2722 D.
1455 2656 1678 2726 Bott‘rttut.
1702 2657 1735 2743 §.
1754 2677 1808 2743 30.
1836 2651 1983 2748 denique

504 2744 627 2815 barum
657 2742 822 2818 constitut.
846 2751 955 2840 lmpp.
986 2746 1027 2817 de
1051 2744 1181 2817 Asin..
1206 2753 1281 2845 Jur.
1306 2746 1553 2845 disponentium
1580 2774 1699 2841 agmen
1727 2746 1822 2820 nabis
1844 2748 1979 2844 claudat

504 2847 625 2914 Nnc.
651 2846 967 2946 Jus·r1u.XV11.
995 2869 1022 2913 c.
1042 2869 1072 2936 7.
1123 2844 1191 2916 Ubi
1214 2845 1329 2920 itidem
1351 2845 1470 2918 modos
1495 2844 1722 2941 prescribitur
1742 2851 1777 2916 in
1801 2853 1978 2920 Assum.

503 2961 600 3014 liunt
627 2940 754 3012 cautela
776 2938 1017 3021 observandus,
1043 2939 1231 3014 &crimina
1251 2943 1402 3040 quaedam
1427 2947 1656 3038 excipiuntur,
1680 2947 1749 3015 into
1771 2947 1979 3032 Tutuott,
2009 2969 2014 2986 ·

504 3057 675 3140 purast.
706 3042 738 3113 S.
753 3042 786 3112 S.
811 3042 1011 3110 Pnua'ttt
1034 3038 1066 3110 dt
1093 3043 1326 3114 l'nocorts.
1351 3064 1520 3136 exceptor,
1543 3043 1639 3112 erim.
1673 3064 1749 3110 reos
1772 3040 1980 3126 extrahendi,

505 3131 1019 3306 eispupprxppllicgumlinsereodi
1032 3131 1171 3210 facultas
1180 3143 1322 3244 propria
1338 3135 1536 3219 aussoritate
1553 3137 1724 3222 tribuitur.
1742 3133 1899 3221 consonat
1914 3146 1986 3221 Nc·

501 3260 549 3308 ve
574 3287 584 3306 .
735 3283 745 3305 .
791 3256 874 3308 ,aa
1963 3265 1966 3272 ·

1180 3345 1214 3447 t.
1262 3349 1308 3424 x.

625 3506 673 3574 Ex
694 3503 745 3573 his
761 3501 916 3575 omnibus
939 3498 1155 3574 sacratissimis
1180 3497 1487 3588 constitutionibus,
1511 3528 1550 3576 ex
1563 3501 1733 3576 historica
1753 3501 1871 3574 multis
1891 3493 1986 3577 retro
2047 3587 2054 3592 ,

506 3601 719 3696 temporibus
737 3606 849 3697 petitis
866 3605 933 3694 sole
950 3601 1136 3671 meridiano
1151 3601 1241 3671 velut
1258 3602 1378 3671 clarius
1396 3599 1588 3696 patescere,
1612 3597 1762 3672 Ecclesia
1787 3600 1915 3670 nullum
1928 3601 1984 3695 jut

507 3693 725 3792 superfuisse,
746 3725 814 3795 quo
832 3709 985 3772 Astur
1008 3697 1166 3779 stabiliat,
1189 3701 1260 3767 imo
1281 3695 1338 3768 sibi
1360 3724 1529 3792 nunquam
1550 3699 1604 3793 joa
1626 3693 1809 3789 arrogasse,
1830 3699 1922 3797 quod
1940 3696 1988 3771 sa·

507 3801 552 3866 ris
579 3799 838 3868 commonslrant
853 3803 1005 3869 Canones
1028 3796 1127 3891 supra
1147 3795 1241 3865 relati
1267 3795 1333 3865 &a
1355 3795 1554 3891 quibusdam
1577 3796 1628 3868 ves
1650 3795 1847 3893 perperam,
1869 3788 1988 3867 velas-
2080 3877 2088 3890 .

505 3887 632 3964 fessata
647 3898 833 3988 ignorantia
855 3894 1033 3974 intellecti,
1056 3919 1142 3965 nune
1160 3917 1240 3970 vero
1257 3889 1399 3966 feliciter
1418 3895 1583 3989 expliciti,
1606 3920 1673 3965 non
1697 3889 1835 3964 obscure
1856 3891 1987 3989 conspi-

507 3991 630 4063 cimus.
683 3998 765 4064 lstt’
779 4014 1015 4065 stratones
1037 4005 1119 4063 ve'ro
1141 3988 1302 4088 potestate
1315 3992 1348 4059 in
1363 3992 1424 4061 hae
1439 4017 1475 4061 re
1492 3992 1674 4084 legislativa
1694 3991 1823 4086 pollere
1843 3988 1985 4064 dubium

508 4113 580 4160 non
598 4087 661 4168 cll,
683 4116 758 4161 curn
775 4090 891 4162 nullibi
908 4114 1042 4163 eatenus
1059 4089 1232 4185 adempta,
1252 4087 1305 4159 vel
1328 4087 1504 4160 conslrrsla
1527 4092 1639 4162 doceri
1662 4084 1775 4186 possit,
1799 4088 1987 4183 eademque

507 4209 575 4284 per
590 4191 717 4268 varias,
741 4212 779 4258 ut
801 4193 992 4269 innuimus,
1016 4185 1287 4257 constitutionum
1308 4183 1542 4258 viciffitudines
1556 4187 1624 4280 jani
1649 4185 1908 4266 introducendo,
1926 4186 1988 4260 de·

508 4285 680 4374 rogando,
703 4286 913 4364 renovando,
931 4283 1147 4378 ampliando,
1172 4280 1469 4378 confirmandoque
1485 4285 1585 4380 pleno
1605 4281 1638 4354 st
1659 4282 1988 4451 independentipute

509 4381 588 4456 ulos
607 4378 700 4456 fuisse
721 4381 973 4478 locupletisstno
988 4378 1175 4452 tellimonio
1194 4379 1346 4452 Historia
1365 4386 1561 4452 certioratus
1584 4381 1710 4460 reddit,
1732 4403 1788 4451 aut
1803 4384 1878 4477 quis
1918 4383 1987 4453 eni·

510 4504 580 4576 que
597 4478 764 4575 perfrilsae
786 4483 869 4551 adeo
885 4477 1024 4557 frontis,
1048 4482 1231 4549 nauseantis
1258 4501 1409 4559 natura,
1436 4478 1469 4548 dt
1492 4473 1724 4552 stomachantis
1746 4482 1873 4570 ingenii
1896 4478 1989 4550 dabi-

509 4601 591 4659 tur,
617 4584 673 4672 qui
695 4576 860 4671 injullitiae
876 4579 1099 4672 impietatisve
1117 4571 1258 4645 admissa·
1278 4570 1503 4646 sacratissimos
1529 4579 1824 4670 lutulentus.
1847 4570 1987 4654 salubri-

509 4697 565 4751 ter
581 4675 663 4747 adeo
687 4699 723 4744 ac
750 4677 891 4768 provide
916 4678 1131 4755 decernentes
1156 4697 1298 4770 arguere
1318 4668 1422 4756 aust,
1448 4672 1556 4776 &jus
1573 4697 1720 4760 corutn,
1748 4671 1878 4770 quoda
1901 4695 1988 4748 tran·

638 4769 763 4890 Turnus
789 4771 837 4851 V.
1323 4771 1395 4848 lii
1441 4851 1444 4856 ,
1902 4764 1990 4866 quil·
