5017 5592
603 618 757 701 oeno
779 616 929 719 Quoo
942 610 1257 718 Jus‘runtes‘r
1274 610 1425 690 curten
1442 611 1769 696 nnonrrznu.
1787 618 1856 700 uc.
1928 636 2000 729 711

522 812 575 880 idn
593 801 689 895 iura?
718 804 844 896 inquis..
878 798 1007 882 Ecclefin
1021 822 1080 868 nun
1093 797 1182 867 balet
1193 800 1308 898 juset
1320 803 1391 892 reip.
1420 799 1531 867 demna
1546 800 1761 892 &perniciem
1803 823 1840 887 nt.
1863 805 2000 883 Dumne

520 900 712 980 Adversarii
727 903 856 996 impetu
869 917 1068 993 praevertunt
1084 897 1247 965 rationem
1262 920 1298 966 oc
1312 896 1401 987 leges
1414 892 1568 966 modellae
1584 895 1722 976 cril'eos,
1742 899 1817 993 plus
1833 900 1997 991 drbimm,

518 1027 620 1099 quam
639 997 698 1095 ips,
721 1021 845 1096 perant.
894 997 1090 1064 lmmunitas
1117 999 1224 1074 realis,
1251 993 1360 1088 ajunt,
1395 993 1625 1089 &priuilegio
1647 993 1864 1070 Ecclestorum
1887 1003 1998 1075 inuol·

517 1122 602 1175 vunt
615 1097 861 1170 conditionem:
883 1095 940 1175 nifi
959 1096 1128 1162 redundent
1143 1117 1174 1160 tn
1191 1116 1350 1180 perniciem
1366 1097 1440 1187 reip.
1490 1091 1672 1163 Addimus:
1702 1096 1995 1174 Etiem'immnni·

520 1221 571 1271 tos
584 1198 743 1290 personalis
760 1187 908 1264 in'causts
924 1216 990 1261 non
1005 1189 1158 1260 civilibus
1174 1186 1299 1272 solum,
1324 1187 1379 1263 sed
1395 1191 1495 1260 etium
1510 1188 1738 1263 criminalibus
1754 1217 1917 1265 annexum
1935 1198 1997 1273 lte-¹.

519 1295 580 1369 pm
594 1293 840 1370 conditionem,
865 1290 924 1370 ma
935 1310 1048 1380 «vergat
1067 1294 1097 1357 in
1118 1293 1246 1358 exitium
1268 1292 1340 1380 reip.
1387 1292 1505 1383 Itaque
1525 1283 1550 1356 st
1572 1291 1679 1380 erigut
1700 1293 1786 1386 reip.
1808 1290 1997 1384 neeelsrtes,

517 1419 584 1465 noo
600 1389 667 1462 sola
680 1389 735 1461 ills
751 1385 886 1459 fucutltus
907 1386 1098 1479 acquirendi
1119 1385 1205 1476 bone
1222 1383 1364 1468 stabilia,
1391 1383 1446 1456 scd
1463 1408 1580 1456 cetero
1597 1411 1733 1482 quoque
1747 1390 1925 1485 privilegiu
1940 1420 1993 1467 re·

518 1490 744 1582 stringamur,
785 1484 1044 1579 suspendantur,
1083 1482 1378 1554 accommodentur
1398 1484 1506 1564 locis,
1550 1481 1725 1577 personis,
1768 1490 1995 1584 temporibus,
2028 1487 2033 1494 ⁸
2114 1565 2118 1574 .

517 1589 671 1686 quando,
699 1584 878 1680 quoties&
896 1603 1057 1678 quotenus
1073 1605 1156 1673 retp.
1176 1585 1306 1652 ruinam
1324 1582 1357 1653 dr
1373 1584 1545 1653 interitum
1562 1579 1699 1655 slruunt.
1750 1589 1832 1656 Non
1852 1586 1993 1664 reluble·

516 1710 613 1768 mum
638 1685 740 1755 mudo
757 1684 790 1753 id
808 1678 863 1752 fin
878 1678 1005 1749 ferrato
1018 1677 1104 1773 juris
1120 1680 1238 1750 ordine
1254 1678 1287 1751 dr
1303 1675 1370 1750 fori
1386 1703 1624 1776 prerogativa,
1647 1706 1747 1777 quam
1763 1683 1901 1757 clericis
1916 1711 1995 1762 con·

518 1786 642 1858 cedunt
656 1786 688 1852 in
705 1781 904 1874 personalibus
923 1780 958 1852 ld
972 1781 1190 1848 criminalibus·
1214 1800 1336 1868 negent
1348 1780 1382 1848 iu
1398 1783 1526 1848 realibus
1540 1778 1584 1848 ob
1600 1777 1786 1852 dominium
1803 1780 1924 1855 scilicet
1946 1787 1991 1860 ol·
2056 1855 2074 1863 -.

516 1905 609 1962 tnm3
637 1878 775 1973 perinde
792 1903 827 1948 tc
843 1874 991 1946 siminus
1007 1897 1124 1945 nocent
1139 1876 1225 1971 reip.
1244 1873 1341 1946 l'ucrae
1357 1874 1391 1947 dr
1406 1877 1569 1969 politice,
1594 1876 1763 1949 clericum
1778 1884 1992 1961 committere

516 1975 610 2052 furtu
633 1977 667 2049 br
687 1980 841 2073 repiurs3
875 1996 977 2069 quum
999 1969 1176 2047 Ecclefiom
1198 1972 1477 2066 emerelfundum
1497 1971 1726 2049 Tusculanum
1753 2000 1810 2051 rut
1824 1981 2019 2057 Cornelio-⁴

631 2274 900 2342 Tnnottrtntn
914 2268 984 2336 lll.,
1030 2266 1176 2354 Pontifex
1190 2267 1334 2335 indirtiie
1346 2264 1454 2355 saltem
1470 2267 1611 2357 judicare
1631 2265 1725 2361 poteri
1747 2267 1898 2358 detrusti
1919 2288 1997 2341 tent.

514 2369 666 2466 pmlibrrs
680 2370 752 2459 reip.
772 2369 843 2436 dutn
859 2369 893 2434 id
915 2367 1012 2455 exigit
1025 2365 1204 2454 gni-ernutir
1225 2364 1365 2443 Ectlrtiae.
1424 2366 1502 2434 Hoc
1517 2360 1625 2455 ipsum
1647 2367 1680 2433 in
1701 2361 1773 2435 crib
1792 2361 1856 2447 est;
1888 2369 1934 2438 uis
1958 2369 1994 2446 ur

515 2491 584 2563 quo
600 2466 735 2537 demum
752 2484 950 2555 argumento
967 2458 1154 2555 probetur?
1206 2480 1245 2545 te.
1272 2457 1412 2541 Vestro,
1436 2463 1511 2531 Viti
1529 2459 1722 2531 Clariffinti!
1754 2464 1811 2555 qui
1839 2463 1990 2560 Clericus

513 2560 677 2655 obllringi
692 2561 791 2633 vultis
806 2564 874 2631 LL.
890 2558 1064 2640 civilibus,
1095 2555 1153 2627 ubi
1173 2553 1321 2629 uersatur
1334 2556 1493 2628 domnum
1510 2561 1595 2651 reip.
1613 2560 1715 2655 idque
1732 2558 1809 2633 ideo
1832 2567 1904 2652 quia
1913 2578 1993 2653 sunt

512 2665 645 2733 tttetnbnt
669 2665 739 2753 reip.
761 2683 822 2728 cur
848 2681 913 2727 nnn
933 2657 1022 2727 Leici
1045 2650 1293 2745 obstringuntur
1313 2656 1381 2725 LL.
1403 2658 1580 2726 Canonicis
1601 2658 1634 2726 in
1657 2654 1757 2728 erulis
1779 2661 1991 2748 tangentibus

510 2756 709 2836 Ecclesiam,
733 2779 808 2825 eum
827 2755 916 2824 Luici
935 2750 993 2824 lunt
1007 2749 1158 2823 membre
1173 2749 1348 2823 Ecclefiae?
1383 2750 1472 2825 Clrr.
1489 2752 1619 2826 Glettle
1641 2752 1711 2826 fuse
1726 2777 1839 2830 eontra
1858 2759 1892 2826 P.
1908 2762 1991 2831 Cor·

511 2856 616 2927 denus
637 2850 775 2949 probat,
814 2850 989 2939 Pontificem
1009 2856 1040 2921 in
1059 2851 1192 2934 ferendis
1212 2853 1325 2942 legibue
1344 2874 1378 2921 at
1397 2854 1524 2921 decretis
1545 2852 1605 2936 (rtis
1625 2878 1682 2923 nnn
1704 2853 1759 2944 effe
1780 2854 1989 2943 infallibilem:
2064 2867 2065 2872 ’

512 2958 697 3027 Clementem
717 2957 755 3027 V.
773 2948 1023 3041 infamanda
1063 2972 1128 3018 curn
1149 2951 1346 3020 declaravit:
1370 2953 1533 3041 Imperium
1555 2955 1767 3022 Germanicum
1788 2951 1843 3042 effe
1861 2953 1991 3044 {endunt

513 3052 672 3141 Pontifiris
689 3051 751 3124 &u
802 3056 936 3141 Anceps
960 3042 1055 3117 nobis
1072 3045 1184 3116 themu
1200 3046 1350 3117 obtrudit
1365 3048 1417 3117 vir
1432 3042 1695 3129 Eruditiilimus,
1721 3053 1754 3117 in
1772 3071 1840 3142 quo
1857 3075 1916 3123 nec
1939 3051 1989 3124 lo·

512 3149 572 3242 qui
588 3146 685 3228 licet,
711 3145 791 3240 quin
807 3139 958 3213 offendis
972 3162 1081 3237 remp.
1097 3168 1158 3214 nce
1173 3141 1284 3224 filere,
1311 3148 1391 3238 quin
1407 3141 1536 3216 deseres
1554 3142 1681 3217 trusum
1701 3143 1861 3217 Ecclesrae.
1921 3152 1990 3222 Lu·

511 3243 603 3316 brien
620 3267 672 3314 res
688 3268 723 3311 ec
739 3240 895 3319 delicato,
919 3235 962 3310 ri
985 3234 1088 3325 Kitron
1110 3236 1165 3306 scu
1190 3235 1355 3309 summum
1378 3244 1412 3309 in
1435 3264 1578 3333 utruque
1603 3240 1679 3313 foro
1705 3246 1902 3336 imperium,
1931 3246 1988 3341 jus

511 3339 758 3436 Mejelleticttm
783 3334 1002 3428 ocsuptcmae
1024 3331 1380 3427 jurisdiilionisupen.
1444 3340 1585 3406 Norunt
1603 3341 1666 3406 viri
1690 3338 1987 3433 Sapientill.dtin
2085 3370 2092 3386 ·

510 3436 689 3533 omnijute
703 3436 858 3531 apprime
872 3428 1008 3512 versati,
1035 3428 1173 3524 quibun,
1199 3453 1368 3529 quumque
1390 3427 1564 3502 subtilibus
1580 3433 1726 3504 elateriis
1748 3457 1880 3507 rotetur
1907 3439 1986 3514 hine

508 3537 588 3609 inde
604 3532 689 3607 sollu
705 3534 775 3604 baec
789 3530 943 3602 machion
957 3529 1084 3625 politio
1099 3552 1169 3601 tum
1186 3525 1283 3599 lncrae
1303 3551 1373 3600 tum
1390 3524 1550 3624 profane.
1602 3534 1678 3603 Nee
1693 3535 1858 3630 Princeps,
1874 3537 1907 3605 in
1931 3560 1987 3608 ne·

496 3636 610 3728 ‘gotiis
626 3635 712 3728 reip.
728 3625 943 3709 Pontificem,
968 3651 1027 3699 nec
1045 3623 1102 3697 ille
1117 3629 1149 3696 in
1165 3625 1266 3697 cousus
1282 3626 1524 3722 temporalibus
1538 3626 1687 3700 Ecclesrae
1702 3630 1796 3702 illum
1812 3632 1988 3725 recognos-

509 3736 556 3804 cit
573 3735 802 3824 Superiorem.
854 3724 917 3797 Sed
931 3721 1015 3796 stlvu
1030 3748 1082 3795 ren
1098 3723 1155 3797 eli.
1197 3726 1342 3812 Pontifex
1357 3750 1413 3793 non
1428 3726 1470 3816 est
1485 3727 1652 3817 infallibilis
1666 3734 1697 3798 in
1711 3730 1898 3814 decifirnilnr
1914 3731 1986 3810 [rtis.

510 3833 589 3902 Nec
604 3831 762 3921 Princeps
782 3822 827 3895 est
851 3848 911 3893 nee
928 3822 1032 3893 ullum
1055 3818 1144 3892 forte
1167 3818 1386 3892 Dicullerium
1405 3818 1617 3918 supremum,
1649 3828 1701 3897 cui
1727 3850 1792 3897 non
1816 3829 1984 3901 interdum

511 3926 602 3998 lebes
623 3927 749 3997 erroris
765 3923 817 3994 rel
834 3926 933 3993 etiam
948 3918 1111 4014 injustitie
1128 3916 1332 4013 aspergatur.
1380 3925 1433 3989 An
1454 3922 1528 3990 iden
1545 3925 1702 4017 Princeps
1717 3926 1875 3995 continuo
1890 3951 1986 3998 excu-

508 4021 806 4101 tienduseclnuo,
835 4041 891 4088 eut
916 4016 962 4086 illi
980 4016 1168 4110 jurisdiilio
1182 4016 1356 4104 negando?
1404 4020 1562 4111 Princeps
1578 4018 1738 4091 indireile
1754 4021 1858 4092 multo
1878 4020 1986 4118 potest
2044 4085 2056 4095 ,
2147 4001 2151 4008 ’

507 4123 542 4194 in
561 4117 756 4200 Ecclesium,
779 4118 869 4211 jurte
889 4116 1064 4198 Politicos;
1089 4140 1149 4186 cur
1165 4109 1317 4184 Pontifex
1332 4113 1415 4185 nihil
1432 4119 1608 4213 inremp.?
1636 4122 1760 4188 Demus
1781 4122 1986 4215 itaqucl’on·

483 4297 485 4304 ,
510 4217 611 4297 tifici,
637 4216 727 4311 qnod
747 4210 936 4287 Aduerl'orit
953 4215 1119 4306 Principi:
1156 4212 1250 4304 cujus
1271 4237 1403 4283 errores
1426 4238 1541 4303 tegunt
1565 4216 1598 4285 or
1621 4217 1793 4287 involvunt
1812 4241 1983 4315 purpurtt3
2039 4303 2043 4313 Ι

508 4344 576 4388 non
590 4340 699 4385 nutem
717 4314 813 4395 ideo,
840 4311 931 4407 quod
945 4334 1010 4380 noo
1029 4307 1065 4381 fit
1081 4306 1265 4379 infallibilis
1280 4334 1334 4379 out
1350 4310 1475 4380 lancem
1497 4312 1675 4382 Themidis
1697 4315 1848 4387 nonnihil
1871 4321 1903 4387 in
1926 4318 1985 4389 ob·

508 4414 639 4508 liquam
659 4408 747 4483 fleili
764 4416 951 4498 continget,
994 4404 1153 4503 potessute
1175 4403 1305 4477 ferendi
1329 4408 1418 4495 leges
1441 4409 1660 4500 &judicandi
1685 4410 1833 4483 excidille
1857 4415 1984 4487 dicunt.
2097 4489 2101 4498 .

508 4517 542 4586 st
559 4511 697 4582 candide
712 4506 785 4579 sunt
803 4506 999 4586 orthodoxi,
1025 4504 1067 4577 de
1082 4529 1149 4601 quo
1170 4500 1263 4576 nefus
1277 4503 1447 4587 dubitare,
1474 4505 1613 4580 llutuent
1636 4506 1804 4582 nobiscum
1832 4515 1985 4606 triparti-

507 4633 580 4688 tum
599 4632 715 4684 terum
733 4606 887 4680 ordinem
903 4602 935 4677 dr
950 4599 1079 4690 clullet,
1106 4608 1140 4675 iu
1157 4627 1298 4700 quarum
1318 4606 1429 4700 ptime
1442 4608 1532 4682 Deus
1552 4604 1761 4697 &Ecclellt3
1788 4611 1822 4680 io
1841 4607 1996 4806 secppssn.
