5017 5592
687 596 694 710 ζ
783 650 852 725 oe
890 631 1072 724 raonis
1109 603 1516 728 ECCLEsmsTlCIS.
1827 693 1897 767 751

411 834 733 931 interpretationem
754 833 864 929 potins
882 825 1080 903 institorem
1099 829 1246 902 Ecclelrae
1270 831 1464 927 capiendam
1482 826 1563 914 cll‘e,
1590 828 1642 903 scd
1667 835 1720 909 bic
1744 819 1898 936 praelnin·

409 937 570 1031 ptionem
588 933 666 1003 elidi
684 958 721 1001 ex
742 957 800 1012 co,
827 930 917 1025 quod
934 930 1022 1024 apud
1039 928 1226 1000 llilloricos
1248 930 1320 1025 poll
1338 929 1468 1000 Urbani
1491 930 1757 1005 conllirutioneni
1781 941 1899 1042 sapiu,

409 1029 597 1105 feudorum
620 1030 810 1100 oblatorum
828 1030 953 1098 mentio
974 1025 1046 1106 liar,
1069 1028 1298 1100 denominatio
1321 1053 1463 1098 autema
1482 1033 1603 1120 potiori
1627 1031 1826 1111 dcliimenda
1850 1041 1889 1115 lit

411 1128 495 1212 All,
523 1130 614 1225 qnod
633 1134 685 1199 vir
702 1124 908 1219 gratillinius
924 1125 1115 1197 inmedium
1133 1122 1285 1220 profert,
1309 1125 1498 1225 quaelltonis
1514 1126 1569 1197 ell.
1622 1134 1805 1230 Qidquod
1821 1165 1900 1212 con.

413 1226 478 1305 stet
494 1228 579 1298 bona
594 1253 612 1297 a
627 1228 774 1298 Prelaris
791 1220 962 1319 saepillimc
979 1226 1011 1296 in
1035 1219 1174 1294 feudum
1195 1226 1290 1306 data,
1317 1250 1418 1321 atque
1436 1220 1717 1299 infeudationrlins
1741 1239 1899 1324 patrimo·
1976 1253 1980 1266 ¹

413 1330 511 1398 nium
529 1323 677 1398 Ecclesia
695 1324 778 1393 adeo
800 1345 1012 1393 extenuatum
1026 1317 1106 1401 effe,
1132 1345 1169 1392 ut
1184 1321 1242 1419 ipfi
1261 1321 1418 1393 Praesulea
1434 1327 1485 1391 vix
1499 1347 1679 1416 congruam
1697 1325 1901 1407 l'ullentarioa
2011 1393 2024 1406 ,

416 1427 496 1497 ne'rn
516 1423 689 1496 baberent.
737 1426 789 1500 Sic
807 1418 1344 1513 Hetttttcofipiscipaspttenfi,
1366 1425 1445 1512 qnod
1464 1426 1604 1513 plerique
1626 1433 1734 1515 pradia
1755 1436 1898 1503 miltiibus
1994 1481 1999 1490 ·
2088 1461 2091 1470 ·

414 1523 559 1616 mgaffet
576 1549 606 1592 tn
623 1522 762 1607 beneficia
778 1544 839 1590 vix
854 1524 894 1589 ad
911 1516 1155 1589 dimidiatarum
1171 1524 1286 1589 reditus
1302 1518 1441 1610 luffecnle
1455 1519 1623 1609 leguntur.
1637 1527 1667 1610 l)
1720 1528 1835 1597 Simile
1853 1553 1898 1602 te·

413 1619 542 1693 llantur
559 1621 661 1691 literae
676 1617 920 1715 capitularium
936 1616 975 1685 ad
989 1611 1177 1685 Pascbalem
1194 1621 1237 1690 ll.
1259 1640 1402 1688 exaratae·
1419 1618 1460 1687 de
1484 1615 1649 1689 Abbatilla
1673 1623 1899 1698 Gandcrsbei·

412 1718 517 1792 menfi
533 1719 660 1790 Saeculo
678 1721 737 1791 Xl.
752 1737 928 1806 regnante:
957 1714 1042 1806 quafi
1053 1715 1155 1807 pitfilla
1167 1741 1246 1807 grex
1260 1741 1313 1786 tter
1327 1723 1454 1786 villam.
1469 1740 1520 1785 mr
1535 1718 1736 1807 utstnmnta,
1753 1748 1803 1792 titt
1817 1733 1898 1798 tella

413 1823 543 1915 amplias
558 1820 698 1897 baltici,
721 1820 756 1889 ὅ
770 1819 825 1905 sal
839 1817 973 1906 plavia,
996 1813 1129 1883 amnibus
1142 1837 1245 1909 qnippe
1261 1818 1344 1885 bortis
1358 1815 1504 1884 militibus
1524 1819 1739 1910 datisjrttrtt.
1760 1816 1794 1915 t)

457 1991 494 2049 al
520 1983 568 2047 Dr
585 1983 674 2047 Fand.
693 1979 852 2061 Ecclesiast.
872 1999 939 2061 cap.
956 1997 985 2043 2.
1001 1979 1034 2062 ς.
1049 1997 1098 2060 14.

363 2099 368 2108 '
456 2104 489 2173 b)
509 2102 728 2166 Horrottrnr.
745 2102 895 2165 incontra.
909 2100 947 2161 ad
962 2097 988 2164 l.
1002 2098 1025 2164 f.
1043 2117 1071 2163 1.

454 2224 486 2304 r)
507 2221 580 2367 Vidi·
601 2220 852 2285 Litocrtratous
876 2240 905 2303 p.
920 2237 991 2303 279.
1015 2217 1180 2283 Saeniani<
1196 2215 1233 2280 tle
1246 2211 1457 2324 noenii‘Fettd.
1474 2207 1625 2297 ,Jurispn
1647 2214 1763 2302 Ht'jlar.
1784 2222 1812 2302 §.
1837 2222 1894 2292 Vl,

544 2324 554 2365 t
570 2346 578 2369 .
593 2322 626 2387 g.
1181 2329 1183 2333 >
1593 2335 1597 2345 ,

1049 2424 1084 2507 §-
1134 2414 1280 2490 exnt.
1375 2488 1378 2493 ,

534 2557 577 2624 Et
595 2525 701 2649 quidsi
717 2555 938 2639 transmittam
955 2548 1150 2647 frequenter
1162 2575 1257 2649 aque
1274 2548 1401 2631 oblata,
1428 2573 1529 2646 quarn
1545 2548 1618 2620 data
1634 2546 1729 2625 fuisse
1742 2548 1860 2639 feuda,
1875 2584 1895 2631 a

414 2650 534 2743 regula
554 2675 682 2732 tamen,
708 2654 798 2748 qnod
816 2677 881 2746 pto
897 2654 1047 2746 propriis
1062 2649 1328 2748 presumendum
1345 2648 1399 2729 fir,
1424 2673 1489 2718 non
1506 2650 1729 2722 recedendum
1751 2655 1894 2741 ridetur,
1987 2659 1990 2664 ’

370 2751 373 2756 ’
414 2743 1896 2922 i‘lla‘aliilbiawillidiiiliimpitlliii⁰dl5uilai,”illidigiliiii‘ii'.

416 2871 773 3027 sineremur’obla'ri,
797 2969 873 3016 cunr
897 2943 988 3040 juxta
1011 2943 1215 3017 adversarior
1237 2869 1269 3014 dr
1292 2869 1435 3014 lieminre
1456 2868 1630 3015 sticcederi
1650 2875 1833 3026 ‹leberenri
1859 2949 1895 3024 dt

365 3113 367 3118 ,
415 3039 460 3113 fic
477 3038 616 3113 Ecclesia
636 3042 811 3114 deterioria
825 3039 903 3114 ellet
917 3045 1135 3124 conditionis,
1166 3067 1266 3141 qoam
1286 3044 1423 3124 Laicut,
1448 3039 1503 3112 ubi
1520 3036 1618 3112 feodi
1635 3067 1772 3140 propria
1791 3046 1823 3117 dt
1840 3047 1910 3120 da··

415 3161 451 3211 ta
466 3137 529 3210 elle
548 3136 740 3222 censentur,
767 3145 874 3210 donec
883 3144 1057 3304 probetur
1078 3147 1297 3213 contrarium.
1367 3140 1468 3234 Quod
1490 3139 1642 3234 quadam
1663 3141 1811 3215 Ecclebae
1832 3145 1896 3222 fine
1981 3185 1991 3212 a
2062 3175 2065 3184 ·
2122 3133 2135 3186 .·

416 3241 592 3314 mitiores,
617 3260 717 3330 atque
736 3239 776 3304 ad
798 3236 879 3306 bene
908 3242 955 3304 cia
975 3239 1225 3332 propenliorea‚
1251 3241 1351 3304 etiam
1369 3235 1520 3304 firminae
1537 3237 1577 3304 ad
1592 3235 1818 3309 succellionem
1836 3270 1895 3314 vo·

416 3360 514 3417 cent,
541 3339 574 3405 in
590 3336 729 3403 aliarum
746 3333 861 3402 odium
878 3335 1066 3403 nullatenus
1086 3333 1279 3426 detorqueri
1300 3331 1415 3411 debet,
1448 3352 1508 3398 nec
1534 3331 1617 3421 juris
1641 3341 1727 3403 ratio
1748 3343 1893 3431 patitur,

414 3433 617 3505 liberalitate
634 3435 862 3502 uniuaTertio
876 3428 994 3501 inferri
1013 3430 1260 3525 prejudicium.
1287 3453 1343 3499 ant
1356 3425 1627 3497 consuetudinem
1645 3434 1894 3524 particularem,
1955 3459 1959 3466 ¹

416 3532 453 3605 dt
467 3529 707 3600 obl'ervanriam
724 3530 952 3620 benigniorem
972 3530 1047 3599 alibi
1065 3556 1099 3604 tn
1115 3527 1382 3621 consequentiam
1392 3527 1491 3595 trabi.
1539 3529 1577 3594 ln
1593 3524 1700 3598 nollra
1718 3535 1817 3601 etiam
1827 3539 1894 3605 Cu·

418 3632 470 3702 ria
485 3627 722 3720 salisburgensi
738 3654 828 3723 praxi
847 3629 927 3699 telle
942 3634 1054 3700 omnia
1070 3622 1171 3702 feuda
1185 3624 1431 3725 praeliimuntur
1447 3618 1511 3698 elle
1524 3650 1676 3723 propria,
1690 3637 1892 3725 usquedum

417 3730 623 3802 eontrarium
646 3729 686 3800 ab
708 3728 869 3821 allegante
887 3730 1062 3825 probetur.
1748 3763 1757 3780 ·
1820 3817 1830 3840 x

1060 3937 1091 4025 §.
1138 3930 1261 4006 Lxx,

535 4070 649 4150 Fenda
665 4068 815 4141 Eccleliae
836 4069 975 4140 ulterius
999 4068 1197 4140 dividuntur·
1214 4072 1247 4137 in
1273 4083 1499 4148 decante,
1534 4063 1567 4138 dt
1590 4092 1656 4137 non
1677 4087 1895 4154 nonam.

417 4174 628 4242 Relnxrn
640 4190 662 4239 G
674 4191 716 4239 itt
734 4190 784 4239 ns
801 4173 837 4260 a)
853 4170 891 4237 ad
908 4170 1042 4238 illorum
1060 4191 1213 4238 naturam
1231 4168 1298 4237 duo
1314 4172 1473 4258 requirit,
1496 4179 1534 4235 itt
1561 4168 1640 4258 r.)a
1662 4172 1815 4266 Principe
1829 4177 1895 4247 Ro.

418 4294 538 4349 mann,
562 4267 612 4338 vel
629 4268 694 4336 alio
710 4265 916 4364 superiorem
934 4291 1000 4335 nori
1016 4262 1269 4356 recognoscente
1284 4261 1517 4342 conterantur,
1548 4290 1579 4331 2.
1594 4291 1598 4326 :
1620 4287 1656 4332 ut
1702 4293 1751 4336 nrs
1775 4274 1895 4364 regali.

418 4367 501 4447 bus,
521 4371 559 4455 b)
585 4366 635 4436 rel
655 4368 758 4459 regali
775 4366 934 4457 dignitate
952 4387 1052 4434 ettam
1068 4361 1198 4433 summo
1212 4367 1357 4458 Principi
1374 4381 1586 4453 competente
1602 4292 1702 4434 iared

417 4488 529 4537 tamen
544 4464 674 4559 juribus
692 4488 854 4558 exceptis,
882 4487 955 4558 quae
972 4458 1133 4552 infignom
1149 4483 1407 4555 preeminentiae
1427 4459 1475 4527 illi
1496 4458 1726 4546 reservantur3
1752 4491 1820 4559 quo
1842 4493 1895 4540 re·

418 4558 534 4634 ferunt
551 4562 676 4660 ssnlinc
692 4568 761 4641 unb
779 4557 1026 4655 grptrtrdtlin.
1078 4560 1229 4627 advertit
1248 4580 1357 4627 tamen
1372 4560 1585 4642 ludewigius
1599 4564 1632 4649 c)
1650 4561 1740 4652 quod
1760 4562 1894 4636 testaris·

417 4658 583 4736 fimorum
594 4661 826 4760 exemplorum
839 4657 906 4732 lide
921 4657 1040 4733 vexilla
1054 4658 1137 4729 olim
1153 4661 1342 4730 notaverint
1355 4654 1612 4731 subtalillorutn
1629 4663 1803 4742 cobortes,
1827 4689 1895 4737 non

1800 4787 1896 4886 ΙΨ·

1705 4367 1809 4448 latur,
1825 4372 1892 4442 illia

1465 4867 1601 4909 A
1674 4883 1683 4892 ·
