5017 5592
481 555 483 562 J
607 555 813 709 '¹:240
903 636 908 649 ’
1049 549 1655 727 ¹DISSIi‘R'l’ll'l'lO

611 778 803 882 *versorum
823 795 996 869 indubium
1013 820 1148 893 quoque
1165 782 1240 879 ell,
1252 798 1433 881 rationem,
1453 794 1495 868 ob
1512 820 1612 891 quam
1626 801 1688 895 Joo
1712 796 1949 892 primariorum
1965 822 2111 897 precum

636 891 840 993 Imperatori
858 895 1038 993 competit,
1063 919 1101 967 cx
1121 894 1281 987 dignitate
1299 894 1449 991 ejusdem
1470 898 1661 970 Cononicali
1677 920 1745 969 non
1763 892 1825 972 else
1845 899 2079 995 repetendam·

1185 1140 1190 1148 -
1270 1100 1305 1203 q.
1354 1102 1480 1177 xxx.
1525 1044 1527 1047 ’

450 1221 554 1289 &ilfi
573 1222 623 1287 s0·
751 1241 816 1338 Jas
827 1242 930 1331 itaque
943 1241 1157 1332 primariorum
1172 1261 1291 1332 pretam
1310 1241 1394 1309 attice
1406 1242 1517 1308 aititur
1534 1242 1568 1308 ia
1582 1241 1710 1331 antiqua
1726 1242 1762 1316 ‘id
1776 1239 1945 1331 adprobare
1960 1240 2119 1330 tonsoratu-

449 1305 622 1459 ssffiue'
636 1333 804 1429 dinnjarr
821 1341 1003 1409 Advocatio
1018 1337 1151 1430 spetialis
1167 1338 1400 1431 imperatoribus
1412 1342 1442 1406 in
1462 1340 1627 1407 Germania
1642 1338 1776 1427 Eccleſsir
1790 1338 2066 1432 propriasaloixa

703 1522 705 1525 -
752 1475 815 1569 Jua
830 1473 937 1552 enirn,
961 1469 1054 1566 quod
1070 1494 1178 1566 neque
1194 1496 1233 1540 er
1248 1462 1482 1564 compaflatia,
1504 1491 1612 1562 neque
1628 1492 1666 1538 er
1683 1466 1756 1558 lege
1771 1465 1914 1560 quodam
1931 1490 1997 1538 tam
2012 1486 2115 1559 gene&

637 1567 700 1642 reli
715 1594 816 1668 quom
831 1565 984 1666 speciali,
1002 1592 1112 1664 neque
1126 1592 1164 1638 ex
1181 1568 1246 1636 olio
1262 1562 1355 1636 fonte
1377 1564 1599 1635 determinato
1614 1567 1721 1660 repeti
1737 1561 1863 1659 potest,
1885 1563 1918 1634 dt
1935 1574 2027 1660 quod
2051 1592 2116 1662 per

529 1670 533 1691 '
638 1663 732 1737 afim
754 1662 999 1763 frequentiores
1024 1667 1183 1736 diuturno
1201 1659 1363 1759 temporis
1379 1660 1484 1757 spatio
1505 1663 1715 1733 continuatos
1738 1659 1986 1743 introduflum,
2002 1664 2114 1757 cujus·

639 1786 706 1858 que
729 1767 879 1837 executio
901 1762 1031 1834 dudum
1048 1766 1176 1853 agnito,
1199 1763 1295 1831 unire
1315 1762 1349 1829 in
1372 1762 1506 1852 antiqua
1527 1761 1645 1829 nititur
1668 1756 1922 1840 consuetudine,
1945 1765 1992 1830 uti
2010 1786 2115 1833 nemo

638 1883 748 1952 negot.
797 1862 860 1933 Sed
877 1861 930 1955 jus
949 1863 1185 1955 primariorum
1203 1881 1342 1953 precum
1360 1880 1468 1950 neque
1481 1882 1518 1926 ex
1541 1856 1777 1949 compoilatis,
1792 1881 1900 1950 neque
1914 1883 1952 1926 ex
1966 1857 2039 1948 lege
2054 1882 2114 1930 aut

639 1958 840 2054 privilegio,
857 1982 1017 2053 nequeat
1037 1957 1103 2026 olio
1124 1952 1217 2027 fonte
1232 1950 1381 2049 expresso
1401 1955 1509 2048 repeti
1529 1950 1634 2046 potell
1661 1954 1713 2043 (ᾗ.
1731 1978 1784 2041 25.
1806 1963 1862 2024 26.
1881 1967 1934 2031 28.
1955 1982 2009 2041 29.
2013 1973 2053 2041 ),
2077 1956 2116 2028 aa

643 2078 706 2148 per
719 2053 811 2126 alins
830 2050 1076 2149 frequentiores
1092 2052 1131 2123 ob
1155 2052 1389 2123 immemoriall
1407 2075 1558 2145 tempore
1578 2049 1717 2132 inoluit,
1735 2055 1782 2120 nn
1804 2073 1874 2121 tum
1890 2075 1928 2120 ex
1942 2048 2118 2124 luccclsruo

637 2149 722 2245 juris
738 2154 976 2247 primariorum
993 2175 1130 2247 precum
1145 2152 1275 2241 origine
1302 2152 1349 2239 (b
1371 2152 1442 2237 18.)
1469 2171 1592 2216 rumex
1609 2144 1740 2238 lingulis
1758 2151 2117 2243 imperatorum,quoa

448 2267 451 2274 '
511 2284 519 2300 ·
641 2248 878 2345 interjamjom
897 2249 1095 2345 Rudolphua
1111 2252 1139 2319 l.
1156 2245 1312 2342 odjusab
1331 2242 1583 2315 ourccelsoribus
1599 2245 1698 2336 longo
1715 2243 1773 2317 ul'u
1788 2244 1973 2317 derivatum
1988 2269 2117 2341 provo·

642 2348 744 2428 cavit,
767 2345 936 2443 rescriptis
952 2371 988 2416 oc
1009 2369 1147 2444 precum
1170 2340 1325 2414 formulis
1342 2341 1471 2413 abunde
1492 2336 1644 2412 elucescit
1669 2344 1766 2434 (tros.
1790 2361 1873 2411 tut..
1894 2351 2053 2434 Autonoe
2075 2351 2117 2417 dt

639 2447 723 2541 Jare,
736 2450 825 2536 prim.
839 2468 916 2537 pret.
936 2454 1008 2537 Cap.
1029 2472 1056 2514 ι.
1075 2448 1111 2525 §.
1134 2439 1217 2537 ¹7·)·
1272 2441 1427 2509 Dubitari
1444 2442 1556 2533 itaque
1571 2442 1702 2531 nequit,
1718 2439 1768 2528 ius
1792 2443 2030 2531 primariorum
2040 2466 2121 2539 pre.

643 2562 720 2611 tum
735 2542 770 2610 in
790 2537 858 2611 solo
878 2536 1114 2611 consuetudine
1129 2544 1265 2632 antiquo
1288 2534 1540 2607 fundamentum
1558 2534 1742 2628 agnoscere.
1764 2560 1795 2631 q.
1814 2560 1841 2606 e.
1856 2560 1894 2632 p.

760 2676 943 2768 Quumque
964 2674 1190 2768 Imperatores
1208 2672 1302 2767 Juria
1327 2670 1565 2764 primariorum
1583 2694 1725 2764 precum
1750 2669 1837 2739 houd
1861 2668 1921 2744 lint
1941 2671 2118 2767 incapaces

645 2766 695 2859 (§.
715 2770 815 2860 20.);
843 2766 993 2864 liquitur
1018 2768 1183 2861 ejusmodi
1206 2764 1479 2841 consuetudinem
1502 2790 1569 2838 non
1587 2770 1674 2837 inter
1695 2767 1959 2853 irrationabiles,
1980 2766 2037 2843 sed
2061 2774 2121 2846 ad·

524 2901 526 2905 ·
643 2862 801 2962 probatos
815 2863 879 2938 else
900 2863 1122 2938 referendam.
1149 2890 1183 2959 q.
1197 2889 1225 2938 e.
1240 2890 1271 2940 e.

655 3005 658 3014 “
758 3000 928 3093 Quoniam
943 2997 1086 3093 denique
1097 2997 1152 3091 jus
1167 2998 1404 3092 primariorum
1420 3021 1557 3087 precum
1577 2998 1653 3069 inde
1669 3022 1802 3070 enatum
1819 2997 1883 3077 ell,
1899 2998 2032 3095 eoquod
2048 3003 2119 3074 lm·

643 3102 816 3191 perorares
839 3092 912 3191 poll
932 3092 1067 3190 paflum
1099 3096 1298 3166 Colixtinum
1322 3091 1506 3190 lapillimao
1536 3097 1839 3168 commendationes
1867 3094 1923 3167 sub
1953 3122 2119 3192 pretextu

644 3191 834 3263 Advocatio
850 3192 890 3262 ad
912 3193 1087 3263 collatores
1107 3192 1295 3262 ordinarios
1312 3193 1492 3263 direxerint
1519 3189 1693 3289 (b18·)3
1719 3190 2012 3287 probabiliffimum
2029 3220 2120 3291 quo·

644 3314 712 3388 que
729 3288 823 3359 nobis
846 3288 994 3369 videtur,
1018 3286 1309 3370 consuetudinem,
1330 3314 1506 3383 perquam
1528 3290 1582 3385 juo
1606 3294 1841 3385 primariorum
1867 3316 2003 3386 precum
2024 3297 2120 3366 iuva·

643 3387 724 3468 luit,
744 3385 819 3481 jure
839 3386 1029 3458 Advocatio
1045 3382 1193 3485 specialia
1216 3385 1434 3458 Ecclestorum
1453 3389 1643 3470 Germaniae
1659 3384 1753 3459 fuisse
1768 3386 1944 3461 subnixam.
1970 3414 2003 3487 q.
2019 3415 2050 3462 e.
2065 3414 2090 3467 t.

687 3555 834 3624 SCHOL.
866 3555 963 3632 Quod
980 3570 1060 3617 vero
1081 3550 1293 3635 Imperatores
1309 3554 1341 3616 in
1358 3552 1417 3617 luis
1434 3554 1668 3638 Diplomatibna
1695 3557 1775 3638 laepe
1795 3573 1928 3617 numero
1949 3565 2014 3619 torn
2035 3556 2121 3639 juris

763 3657 855 3719 quom
875 3636 1108 3700 consuetudinis
1131 3639 1468 3699 commemorationem
1489 3637 1623 3711 fanianu
1647 3641 1691 3702 ito
1709 3638 1948 3719 intelligendum
1964 3637 2047 3701 haud
2061 3639 2120 3716 est,

679 3756 681 3759 -
764 3720 848 3802 quafi
864 3742 905 3781 ex
928 3722 996 3803 lege
1019 3718 1127 3799 scripto
1150 3717 1213 3783 hoc
1230 3718 1282 3799 jus
1303 3732 1514 3802 competetet.
1536 3720 1585 3782 sed
1610 3721 1710 3782 senlua
1732 3722 1854 3813 exordiar
1878 3721 2122 3800 interpretatio·

642 3846 646 3854 ·
763 3805 813 3863 nio
831 3801 948 3881 regulis
971 3803 1188 3894 conveniens,
1214 3802 1299 3880 quod
1319 3804 1369 3895 ius
1392 3805 1603 3881 primariorum
1627 3821 1754 3885 precum
1767 3801 1852 3896 posto
1871 3802 1969 3862 modo
1989 3799 2025 3863 be
2044 3805 2121 3884 qui·

763 3885 835 3945 dam
858 3880 1197 4027 exqconstetudinelrt
1219 3884 1429 3966 adquilttum:
1454 3886 1524 3967 quio
1544 3885 1626 3948 eninr
1645 3884 1747 3948 variae
1763 3886 1842 3965 jurio
1869 3880 2120 3966 significationen

762 3966 904 4047 ignorat·

1263 4086 1298 4169 ξ.
1348 4083 1493 4168 XXXI,

464 4201 524 4267 Cui
540 4220 607 4266 n0n
766 4210 1031 4307 Antiquiffimam
1048 4211 1171 4287 illhonc
1192 4212 1462 4289 consuetudinem
1479 4219 1630 4310 legitimo
1653 4214 1821 4290 subnixam
1844 4216 1941 4288 titulo
1964 4239 2027 4313 pet·
2041 4242 2122 4292 eund

465 4286 612 4450 effi}
653 4305 788 4379 cordato
815 4314 973 4382 Nationis
997 4316 1206 4386 Germanico
1237 4319 1544 4389 Fxtnuutcunt
1568 4321 1631 4387 111.
1671 4322 1916 4413 Imperatorem
1938 4316 2051 4397 inter,
2084 4317 2123 4391 ὅ(

465 4468 603 4511 concor·
653 4410 692 4476 N
704 4427 714 4476 ι
727 4424 917 4477 courum
938 4415 982 4478 V.
1009 4415 1132 4506 Papam
1152 4417 1593 4509 onn01448.initopenitus
1610 4414 1820 4506 abrogatam,
1840 4435 1876 4482 oc
1892 4412 2035 4506 proinde
2047 4439 2126 4512 pre.

465 4531 541 4593 dot,
563 4530 630 4596 Νι.
654 4526 708 4576 ees
730 4506 969 4598 imperatorias
984 4510 1121 4579 omnino
1139 4505 1201 4581 else
1223 4508 1362 4581 sublatas
1384 4515 1475 4581 omni
1496 4536 1615 4583 conatu
1638 4509 1864 4583 demonstrare
1885 4509 1992 4584 voluit
2011 4515 2127 4587 Cora.

417 4609 419 4616 '
465 4613 566 4675 clonia
656 4620 805 4679 aanor
832 4602 1098 4679 Ottonntua
1123 4610 1157 4679 ia
1180 4608 1259 4701 viff.
1281 4613 1318 4680 de
1338 4614 1463 4708 primur.
1477 4633 1558 4706 pret.
1579 4616 1734 4709 Imperial.
1755 4616 1788 4704 §.
1805 4634 1863 4699 3⁰·
1879 4606 1946 4704 seq.
1997 4618 2130 4684 cancor·

436 4692 632 4850 Ιξιὲἶιιιιιιί-
2033 4712 2130 4796 data,
