5017 5592
477 590 549 682 με
721 631 723 636 -
929 573 1517 656 otssnnrutro

444 751 448 770 ’
476 766 672 932 neptiquam
696 784 803 844 veto,
828 784 902 857 quae
929 723 1115 832 multorum
1138 760 1258 857 opinio
1285 754 1358 843 est,
1383 739 1504 832 eatum'
1523 751 1760 857 possessionem
1785 751 1968 854 approbate

476 887 522 934 ro
538 885 598 934 utr.

377 1058 388 1069 ·
518 1034 556 1110 o)
578 1028 680 1094 Coae.
704 1025 849 1094 Suessou.
871 1026 915 1093 ΙΙ.
935 1027 977 1092 da
998 1045 1083 1091 anno
1104 1037 1175 1112 853.
1199 1044 1268 1090 can.
1293 1042 1326 1108 9.

519 1147 554 1227 b)
575 1146 626 1211 De
647 1165 731 1210 anno
755 1160 827 1231 859.
849 1165 918 1212 can.
945 1155 994 1222 18.

1129 1310 1158 1392 ς.
1208 1296 1305 1372 ΧΗ.

455 1491 463 1502 .
599 1439 679 1508 Hoc
693 1434 798 1508 modo
813 1435 918 1509 multa
933 1434 1083 1509 Eccleste
1097 1433 1183 1507 bona
1206 1429 1358 1507 beneficii
1381 1431 1455 1526 lege
1472 1430 1512 1504 ad
1532 1431 1651 1504 Laieoe
1674 1429 1919 1514 dereoemot,
1936 1453 1974 1503 aa

482 1531 579 1631 jure,
601 1558 641 1604 an
658 1535 798 1629 injuria,
825 1536 944 1605 exinde
960 1535 1147 1631 dependet,
1173 1558 1253 1604 num
1279 1539 1506 1628 Imperatores
1525 1527 1581 1600 sisti
1594 1527 1647 1626 joa
1660 1530 1851 1628 'quoddam
1863 1530 1908 1604 de
1922 1527 1976 1602 bo·

485 1636 539 1702 oie
555 1629 704 1703 Ecclestae
728 1629 926 1729 disponendi
946 1657 1105 1724 arrogare
1119 1635 1304 1732 potuerint.
1354 1631 1541 1704 Audiamus
1561 1625 1708 1728 desuper
1730 1627 1852 1724 ipsum
1880 1633 1975 1702 Ceto·

481 1730 553 1802 lum
568 1733 621 1802 Μ.
636 1734 902 1827 Imperatorem:
928 1735 1106 1815 Novimus,
1130 1733 1259 1828 inquit,
1286 1733 1384 1801 meite
1400 1753 1511 1826 regne,
1531 1731 1568 1804 sd
1582 1735 1682 1822 Reges
1696 1753 1811 1799 errent
1819 1751 1974 1825 prepterea

481 1828 638 1919 tetidiffn
662 1836 735 1921 quie
756 1829 900 1920 Etciefiet
919 1827 1159 1925 spoliaverunt,
1185 1831 1291 1921 reique
1314 1851 1420 1898 eetutn
1438 1827 1674 1916 vastaverunt,
1698 1827 1974 1914 uptam-rem

362 1929 364 1938 '
480 1928 684 2022 prgtteettiut
707 1930 886 2000 dederuut:
916 1932 1086 2021 utiliterque
1103 1930 1150 1999 itit
1178 1928 1308 2017 Ectiefie
1332 1927 1419 1996 reiut
1445 1927 1561 1997 dittttt
1586 1945 1815 2020 teneaturque,
1848 1928 1971 2020 peredere

366 2081 384 2097 .
431 2042 443 2050 ·
482 2032 580 2116 tetegit
592 2029 767 2108 criminum,
783 2051 874 2118 quern
884 2029 985 2099 robore
1000 2027 1126 2111 hodium
1141 2029 1265 2098 obtritas
1274 2025 1387 2117 suiffe:
1411 2025 1549 2116 excidiffe
1562 2026 1637 2117 iples
1651 2046 1745 2116 regar
1761 2023 1893 2109 teseldi,
1916 2027 1972 2095 tei·

481 2121 645 2214 nuquesue
660 2142 813 2200 terrerent
827 2149 950 2220 regnunt
961 2125 1192 2219 peffurtdedtffe.
1242 2131 1434 2219 Quapropter
1452 2146 1506 2194 net
1512 2123 1614 2216 ferret
1631 2127 1663 2193 ie
1676 2122 1775 2204 bede,
1795 2146 1852 2195 trec
1873 2129 1906 2194 itt
1918 2122 1973 2212 fide

477 2219 602 2313 steiiiet
611 2221 762 2309 suerunt,
784 2246 835 2293 trec
848 2229 981 2296 videret
995 2230 1187 2297 extiteruntt
1204 2223 1257 2312 sed
1275 2247 1357 2316 terge
1373 2226 1462 2292 ntuiti
1474 2226 1634 2292 vulnerati
1651 2223 1688 2298 dd
1697 2224 1808 2314 piures
1824 2223 1972 2314 interscidi

479 2318 636 2409 fuerunt,
660 2315 809 2413 regnaque
832 2323 868 2397 dd
884 2329 1042 2418 regiones,
1070 2326 1104 2399 &
1124 2329 1205 2415 quod
1221 2325 1304 2416 pejor
1323 2319 1365 2412 est
1382 2344 1474 2418 tegete
1494 2316 1618 2408 coiessie
1636 2323 1866 2415 perdiderunt,
1884 2341 1971 2414 etque

481 2421 610 2510 propriis
628 2421 851 2491 hereditatibus
875 2443 1060 2504 uetuerunt,
1085 2426 1120 2498 [d
1135 2426 1276 2492 hedenus
1296 2439 1411 2492 retent.

1123 2636 1170 2739 p·
1205 2637 1325 2712 xttt.

603 2767 647 2841 Et
664 2793 828 2867 quintum
846 2767 944 2860 sacre
961 2777 1090 2871 pagine
1110 2773 1277 2872 ejusmodi
1299 2769 1548 2870 usurpationem
1571 2765 1781 2846 detestentur
1802 2757 1975 2850 riderecd

487 2864 576 2959 apud
599 2869 803 2942 Malachiam
820 2875 882 2945 ΙΙΙ,
906 2899 936 2946 ν.
952 2883 983 2954 8.
1013 2883 1077 2947 An'
1092 2875 1198 2966 {ptiiet
1217 2882 1303 2944 deme
1323 2881 1382 2944 DE
1390 2880 1493 2953 UM,
1519 2874 1773 2963 quemadmodum
1797 2899 1860 2945 ves
1873 2875 1974 2971 (pelit-

488 2968 529 3031 tit
550 2975 618 3034 mes
644 2971 679 3041 dd
698 2972 815 3050 dicitis,
840 2997 900 3061 qut
922 2977 954 3041 itt
974 2998 1006 3042 re
1026 2974 1183 3064 spolitmus
1204 2982 1258 3042 tei
1290 2977 1322 3042 itt
1347 2976 1465 3042 decimis
1488 2974 1523 3045 dd
1544 2971 1750 3041 tisutitnibus.
1805 2974 1895 3070 Joei.
1916 2976 1972 3044 111.

488 3058 573 3131 vers..
602 3085 633 3147 5.
655 3087 760 3156 quare
776 3068 814 3144 ¹in
830 3067 982 3139 Concilio
1006 3071 1158 3140 Romano
1172 3072 1235 3140 vt.
1254 3066 1466 3139 anathemate
1486 3061 1627 3164 perculsi
1644 3061 1735 3149 suot,
1761 3074 1826 3166 qui
1841 3072 1973 3143 oblatio·

489 3179 548 3226 net
570 3154 604 3229 dt
625 3159 711 3229 bona
738 3161 888 3235 Ecclefiae
913 3165 1097 3250 invadunt3
1126 3169 1287 3238 oblationes
1303 3170 1437 3257 fidelium
1451 3195 1470 3234 e
1494 3169 1611 3236 nemine
1634 3167 1860 3255 presentantur
1871 3173 1971 3262 eisque

489 3257 683 3344 censensu&
703 3265 869 3332 voluntate
885 3265 1014 3360 Epistopt
1035 3267 1085 3348 sub
1098 3264 1190 3359 specie
1212 3270 1369 3359 largitatis
1390 3271 1491 3360 regie,
1514 3268 1571 3334 oei
1591 3267 1794 3357 cujuscunque
1812 3269 1971 3361 peredeus.

405 3379 407 3384 ·
489 3349 640 3426 Mascula
659 3358 760 3428 etiarn
778 3358 870 3431 nullo
887 3387 952 3448 non
976 3384 1129 3461 tempore
1145 3360 1177 3435 se
1196 3360 1428 3458 opposuerunt
1447 3365 1501 3435 SS.
1521 3364 1633 3431 Patres
1655 3364 1911 3456 imperatorum
1929 3360 1970 3437 st·

432 3457 438 3468 '
489 3446 571 3560 iiia,
589 3455 743 3549 exemplo
759 3454 797 3528 iit
815 3457 1027 3541 Ambrofius‚
1053 3464 1111 3557 qui
1126 3463 1353 3543 valentiano,
1378 3461 1459 3532 dum
1474 3485 1539 3558 pro
1560 3460 1693 3529 Arianis
1715 3460 1898 3533 Ecclesiam
1918 3462 1970 3535 de·

430 3569 434 3576 ·
488 3550 669 3643 poscebat,
697 3554 760 3624 hoc
782 3578 978 3641 attentatum
999 3557 1195 3631 severissime
1220 3559 1454 3653 exprobravit:
1482 3568 1551 3629 Nec
1570 3562 1660 3637 milri,
1685 3560 1755 3637 ait,
1774 3561 1835 3650 fet
1851 3561 1893 3651 est
1913 3585 1969 3633 tte·

489 3651 577 3728 dere,
601 3675 652 3720 tter
673 3654 726 3720 tibt
748 3660 917 3745 Imperator
936 3665 1056 3752 expedit
1077 3667 1224 3753 accipere:
1250 3668 1368 3727 domurn
1385 3669 1507 3753 privett
1528 3659 1606 3726 trudo
1626 3678 1709 3748 potet
1723 3661 1795 3744 jure
1814 3681 1968 3748 temerare,

490 3753 624 3818 Domum
638 3772 741 3819 autern
758 3760 840 3823 DEI
860 3756 1010 3844 extssirttes
1029 3758 1226 3847 auferendam
1245 3756 1261 3824 2
1286 3762 1346 3827 noii
1362 3779 1393 3828 te
1409 3780 1550 3849 gravere
1571 3761 1760 3847 imperator,
1778 3779 1819 3825 ut
1833 3781 1919 3850 putet
1943 3781 1969 3828 te

490 3847 522 3913 itt
545 3871 599 3926 ee,
624 3872 685 3938 que
707 3852 817 3920 divine
828 3852 927 3941 sunt,
953 3858 1106 3947 imperiale
1129 3859 1252 3947 estquod
1262 3859 1314 3946 jus
1329 3858 1462 3926 heberet
1486 3857 1546 3924 neii
1563 3873 1593 3922 te
1608 3855 1772 3935 extudere,
1799 3854 1855 3940 sed
1867 3858 1894 3942 fi
1908 3862 1968 3928 diu·

490 3946 553 4014 titre
566 3952 619 4016 vis
639 3952 808 4038 imperare,
828 3950 887 4034 elio
908 3960 1000 4023 DEO
1012 3953 1150 4041 [redditus
1165 3978 1179 4023 .·
1195 3961 1342 4044 seriptum
1357 3953 1421 4044 est3
1449 3978 1509 4043 que
1528 3955 1632 4031 DEI,
1659 3957 1776 4033 0130,
1804 3978 1868 4044 que
1886 3957 1969 4050 Cese-

489 4046 552 4126 tis,
578 4047 705 4134 celeri:
729 4047 771 4116 ed
794 4051 1011 4144 Imperatorem
1022 4056 1141 4147 peittie
1162 4059 1333 4149 pertinent,
1355 4055 1396 4122 ed
1411 4053 1602 4123 Sacerdotem
1616 4049 1760 4136 Ettielt'e.
1776 4048 1826 4148 e)

452 4205 456 4212 “
531 4209 686 4295 a)1·2pid
707 4232 759 4299 33.
782 4214 823 4280 ad
845 4213 1019 4282 Marcellin.

1133 4367 1162 4449 §.
1214 4358 1332 4431 xiv.

604 4486 653 4558 Ee
665 4482 718 4553 hia
736 4491 831 4581 patet‘
842 4495 966 4563 nemini
984 4488 1042 4562 niii
1057 4489 1231 4589 Episcopis
1257 4487 1535 4581 dispensationem
1549 4485 1715 4560 bonorum
1735 4490 1971 4566 Ecclesiastico·

488 4601 567 4655 tum
582 4606 775 4681 competere
788 4584 897 4683 poffe,
923 4591 956 4664 dt
974 4591 1051 4668 iicet
1064 4615 1183 4666 corum
1201 4615 1317 4664 curam
1329 4587 1610 4664 oeconomiaoiim
1631 4588 1878 4678 commiserint,
1892 4591 1973 4665 sum·

1920 4709 1972 4762 ma
