5017 5592
586 741 588 747 ,
644 682 718 759 nn
744 679 872 779 June
901 679 1168 757 ceraunio
1195 680 1566 808 rattruutanutt
1591 619 1812 769 terruit.
1921 718 1994 799 ις,

513 860 653 964 prefixa
674 860 811 933 historia
825 866 906 960 Cap.
925 866 952 933 1.
967 861 1074 935 adlata
1087 862 1249 962 cujusque
1263 863 1393 939 obtutui
1410 863 1582 941 manisella
1604 868 1653 947 lit.
1719 871 1775 945 Ad
1793 873 1874 971 quid
1896 877 1988 949 enim
2090 882 2093 886 ’

510 961 750 1055 sigismundus
768 986 786 1029 a
807 960 959 1031 Concilio
975 959 1143 1032 llastlcenst
1160 963 1250 1034 illius
1263 963 1349 1057 juris
1366 962 1603 1040 concellionem
1624 967 1832 1065 expetiisset?
1856 976 1890 1061 a)
1916 976 1987 1045 imo

509 1062 603 1133 idem
624 1059 803 1129 nonnullos
826 1055 1039 1129 antecessores
1056 1057 1132 1130 suos
1151 1059 1183 1133 dt
1201 1057 1233 1131 se
1248 1056 1372 1133 effebiu
1392 1087 1531 1159 precum
1555 1061 1618 1137 else
1639 1061 1831 1151 frustratos,
1854 1066 1987 1147 clarilii·v

510 1183 566 1230 mc
592 1155 795 1229 contestatus
817 1154 873 1227 cll.
899 1158 934 1243 b)
961 1154 1168 1229 Adserebaot
1189 1160 1303 1255 itaque
1326 1163 1571 1255 Imperatores,
1597 1186 1636 1234 ex
1658 1166 1792 1260 antiqna
1814 1164 1988 1240 consuetu·

512 1257 590 1328 dine
605 1255 640 1325 id
657 1255 745 1348 juris
763 1252 820 1324 sibi
841 1278 1054 1350 competere,
1077 1252 1213 1326 sednon
1229 1255 1318 1326 eaid
1338 1250 1496 1329 facilitate
1517 1257 1666 1332 Ecclesiae
1691 1262 1901 1334 Germanice
1915 1287 1987 1340 ere·

513 1353 630 1424 didere
643 1352 698 1423 vel
713 1348 934 1433 admiserunt;
956 1352 1050 1447 cujus
1060 1350 1191 1424 rursum
1207 1352 1274 1424 lide
1290 1350 1513 1446 dignillimum
1528 1352 1661 1454 profert
1677 1356 1903 1431 testimonium
1915 1364 1987 1434 Go-
2120 1403 2123 1410 ·

512 1450 643 1524 belinus
657 1446 800 1520 Persona
823 1453 857 1543 r)
882 1473 987 1545 quare
1000 1453 1114 1547 primo
1135 1449 1167 1521 dc
1185 1447 1327 1524 secundo
1339 1450 1457 1533 adlatia
1470 1458 1675 1546 argumentis
1695 1478 1813 1549 magna
1828 1457 1879 1539 id,
1894 1456 1988 1554 quud
2074 1457 2093 1476 ”

512 1547 658 1743 llll‘
673 1546 1883 1725 lllllu‘llll‘ll'll{tzillltllsslllbilbilis&
1902 1551 1990 1728 {iii

516 1748 624 1839 Igitur
644 1742 685 1813 ad
705 1739 890 1822 summum,
913 1743 1004 1840 quod
1027 1746 1061 1814 in
1082 1745 1300 1815 concordatis
1319 1745 1403 1817 nihil
1425 1745 1466 1819 de
1484 1770 1526 1819 eo
1545 1746 1622 1843 juce
1645 1746 1803 1820 statutum
1826 1677 1989 1843 legimur,

486 1928 493 1940 .
517 1844 549 1915 iu
570 1837 653 1912 sta'tu
676 1844 800 1937 prioris
821 1840 914 1911 dubii
937 1844 1111 1912 materiam
1129 1839 1252 1912 isthanc
1267 1838 1363 1913 fuisse
1384 1841 1551 1926 relieiam,
1577 1844 1777 1919 concludere
1797 1844 1865 1929 esi,
1887 1869 1993 1943 quan·

517 1942 636 2012 tumetis
654 1939 730 2034 plut
747 1938 834 2007 haud
856 1961 981 2009 temere
996 1942 1069 2031 quis
1096 1938 1174 2008 inde
1191 1963 1310 2010 eruere
1326 1941 1447 2022 valeat,
1469 1963 1546 2011 cum
1567 1945 1759 2037 Imperator
1779 1944 1833 2015 rel
1848 1942 1921 2037 ejua
1943 1943 1995 2017 le·

518 2040 582 2131 gari
598 2034 730 2108 filentio
746 2036 833 2104 haud
857 2031 1087 2129 preteriilsent
1108 2036 1159 2121 'ua
1181 2036 1347 2131 ejusmodi
1362 2033 1598 2120 cesareum,li
1623 2036 1729 2110 firmia
1742 2038 1810 2129 jam
1824 2039 1892 2135 jam
1914 2059 1994 2113 ante

518 2132 728 2208 Concordata
744 2132 818 2202 talis
833 2126 983 2213 sletilset,
1006 2061 1243 2229 cavilldntque,
1265 2155 1304 2204 ut
1319 2157 1361 2203 ne
1374 2156 1436 2230 per
1449 2131 1690 2208 reservationes
1705 2134 1894 2231 pontificias
1907 2134 1993 2210 inibi

520 2224 558 2331 ap*
584 2228 768 2301 robataadt
791 2229 1019 2300 alternativam
1035 2228 1195 2300 mensium
1217 2227 1411 2301 Pontificem
1427 2230 1515 2302 inter
1533 2230 1568 2301 dt
1586 2233 1777 2304 collatores
1800 2233 1996 2309 Germania

521 2331 552 2445 in
579 2333 587 2348 ’
622 2349 718 2441 oram,
737 2326 868 2441 talejua
888 2326 1121 2423 prejudicium
1137 2324 1289 2440 sentiret3
1312 2330 1382 2427 imo
1403 2323 1620 2440 sideeretum
1640 2329 1785 2441 Concilii
1805 2323 1997 2416 Balileenssa,

521 2423 1337 2617 {llllllllilllllltlldlltlt:
1350 2421 1995 2617 ,llllilltbill‘llfflllll
2068 2545 2078 2556 -

524 2621 609 2792 pund
625 2644 740 2694 aveto
756 2614 938 2710 longillime
954 2614 1075 2701 abelse,
1098 2639 1204 2690 textus
1220 2619 1510 2690 Concordatorum
1526 2618 1699 2714 perhibet,
1722 2619 1756 2690 dt
1777 2640 1815 2690 ut
1827 2619 1905 2691 inde
1918 2638 1998 2701 cond,

547 2721 648 2792 riatur
679 2737 912 2809 argumentum
937 2715 1027 2786 haud
1046 2717 1154 2807 exigui
1177 2717 1365 2798 momenti,
1386 2711 1578 2812 sequentem
1601 2715 1785 2787 illationem
1806 2713 1998 2813 expendere
2023 2800 2027 2806 ,

521 2816 627 2914 jurat:
650 2838 729 2910 eum
750 2816 839 2884 natio
855 2814 1057 2888 Germanica
1072 2813 1152 2883 aliaa
1169 2812 1310 2889 decretio
1324 2808 1576 2897 Bastleeosibus,
1600 2835 1674 2908 que
1692 2811 1764 2909 ejus
1783 2813 1997 2908 gravamina,

523 2911 674 2985 libertate
694 2908 993 2983 &eleslionumdr
1015 2910 1230 2983 collationum
1252 2907 1419 2993 restituta,
1440 2903 1604 2981 sublatum
1628 2908 1736 2993 ibant,
1761 2909 1934 2980 mordicus
1946 2910 1998 2985 iot!

524 3012 680 3092 hereret,
703 3032 840 3082 econtra
854 3006 944 3080 sedes
962 3007 1152 3101 Apollolica
1170 3010 1204 3077 in
1230 3009 1431 3080 contrariam
1448 3030 1578 3102 partem
1600 3010 1691 3079 omni
1714 3003 1785 3078 nisu
1810 3007 1999 3089 dimicaret,
2104 3080 2110 3094 ‚

524 3109 653 3182 nudem
668 3106 819 3201 quadam
836 3106 1042 3184 moderatio,
1061 3105 1237 3199 mediaque
1252 3107 1305 3174 via
1321 3106 1575 3199 temperamenti
1591 3103 1631 3174 ab
1647 3126 1787 3201 utraque
1800 3127 1898 3199 parte
1913 3106 2000 3175 inite

524 3204 603 3289 biit,
626 3228 663 3276 ut
677 3202 799 3275 seilicet
815 3203 1025 3277 decretorum
1042 3200 1267 3273 Bafilcenstum
1286 3226 1362 3295 pars
1381 3204 1482 3272 altera
1503 3201 1719 3297 abjiceretur,
1745 3198 1850 3272 altera
1865 3199 1998 3272 admitti

526 3301 677 3384 deberet,
700 3297 780 3373 telle
794 3305 899 3371 AEnea
913 3300 1045 3396 Sylvio,
1069 3302 1127 3395 qui
1140 3298 1361 3390 concordatis
1374 3295 1471 3369 affuit
1496 3300 1534 3388 d)
1558 3322 1634 3370 cum
1652 3323 1730 3369 vero
1756 3296 1841 3369 nihil
1857 3299 1890 3368 in
1909 3301 2000 3370 Cone

524 3401 666 3477 tardatis
682 3398 812 3493 dejure
828 3400 1065 3495 primariarum
1081 3420 1237 3493 precum,
1258 3420 1318 3469 nec
1334 3394 1468 3470 decreto
1483 3387 1651 3467 Badleenlr
1673 3392 1814 3490 desuper
1828 3393 2000 3492 publicato

525 3489 825 3580 commemoretur,
850 3495 884 3565 id
901 3492 1036 3591 abjeeiis
1055 3493 1088 3565 dr
1108 3491 1316 3590 reprobatis,
1337 3517 1393 3565 aut
1407 3491 1521 3564 saltem
1541 3518 1607 3563 non
1630 3490 1823 3587 adprobatis
1837 3490 1927 3565 illius
1939 3493 2003 3588 Syr

527 3598 603 3672 nodi
630 3592 921 3669 constitutionibus
942 3589 1195 3674 accensendum,
1219 3591 1369 3685 legitime
1390 3586 1546 3684 consequi
1561 3588 1708 3663 videtur.
1994 3605 1997 3609 ’

564 3766 600 3844 a)
621 3762 697 3829 Vid.
713 3761 795 3845 opud
809 3761 977 3844 Lunigiotn
991 3757 1084 3823 Tum.
1102 3756 1127 3826 1.
1143 3755 1251 3839 Splcil.
1265 3758 1353 3824 Eccl.
1368 3778 1398 3843 p.
1414 3759 1467 3823 clt.
1478 3765 1572 3821 tenor
1587 3756 1704 3820 decretl
1718 3751 1908 3818 Basileeol'ia.

564 3886 603 3971 b)
629 3877 1083 4028 {Slgssmundu‘ts‘st'nst
1103 3876 1217 3940 eodem
1232 3875 1393 3949 Decreto,
1419 3874 1502 3958 apud
1520 3873 1628 3940 Ptttca
1650 3871 1837 3937 belileensea
1860 3855 2002 3952 conque·
2119 3920 2122 3924 .

499 3981 510 3990 ·
666 3984 736 4026 osc

568 4082 599 4168 ⁹)
621 4073 1411 4246 &sarlatensibusulllt{uu
1431 4065 2004 4232 :ltletrultuttllbll

641 4245 798 4312 stativae:
820 4242 853 4306 dr
869 4243 921 4306 sub
937 4243 1067 4314 colore,
1086 4242 1173 4321 quod
1184 4240 1248 4321 ipse
1264 4240 1303 4300 de
1319 4237 1545 4300 consuetudine
1559 4238 1687 4317 antiqua
1703 4234 1833 4298 habetet
1843 4234 2005 4313 primariae

678 4347 751 4392 ecee
765 4328 798 4391 in
812 4326 949 4408 qualibet
960 4325 1134 4387 collatione
1143 4320 1371 4385 beneficiorum
1384 4320 1423 4381 ad
1434 4316 1654 4382 eccleliasticar
1667 4316 1815 4399 personae
1830 4314 2005 4397 speciantet
2101 4399 2104 4404 Ι

639 4348 971 4475 bilicetconsnetudo
987 4407 1040 4469 illa
1056 4404 1207 4468 memoria
1219 4401 1385 4464 hominum
1400 4402 1432 4462 iti
1446 4401 1629 4463 Alemanni·
1642 4397 1721 4464 bassa
1741 4396 1901 4467 nonfuit,
1932 4397 2004 4476 plu·

643 4512 695 4557 tea
719 4504 825 4556 temen
848 4490 955 4555 clerici
976 4508 1018 4552 co
1039 4488 1140 4549 modo
1160 4483 1313 4548 beneficia
1339 4482 1468 4567 suerunt
1486 4481 1646 4558 assecuti„
1662 4481 1746 4545 hone
1762 4488 1889 4543 textum
1904 4476 2006 4538 adfert

617 4569 623 4586 ¹
644 4575 796 4640 Stmviua
822 4575 857 4638 in
881 4572 1030 4660 Corpore¹
1042 4567 1182 4659 historie
1195 4564 1402 4631 -Gernaniaae
1420 4557 1558 4630 Petiodo
1576 4583 1662 4631 oona
1681 4561 1764 4629 See.
1782 4558 1841 4627 IX.
1867 4566 1893 4642 ς.
1912 4555 2004 4621 ΧΙΙΙ.

644 4666 855 4752 not-ae„
932 4729 940 4749 ‚
1547 4723 1553 4734 .
1632 4715 1642 4732 .
1743 4713 1746 4722 .

583 4752 713 4842 Tomtts
740 4751 788 4836 V·
1311 4745 1317 4758 ⁶
1361 4749 1398 4825 U
1896 4746 2009 4834 a)1t·
