5017 5592
393 659 413 690 ··
502 687 574 762 570
671 645 1032 730 nissumnrto
1052 645 1190 776 Jums
1215 643 1409 724 nuntiet
1433 607 1802 725 aeclesiastici

500 844 555 914 his
573 861 691 912 eorum
710 831 934 922 munificentia
953 833 1126 928 pietasque
1141 825 1283 922 agnosci.
1340 819 1659 998 Poriupnprofireor,
1692 825 1716 900 sl
1738 829 1910 923 Principes
1929 825 1971 902 su·

502 939 614 1038 premi
629 961 696 1006 non
714 928 904 1011 voluissent,
931 951 991 1000 nec
1007 931 1041 998 in
1056 927 1204 999 Ecclestae
1219 921 1379 1020 poteslate
1399 922 1448 998 fut
1476 951 1494 996 e
1509 922 1671 1014 positum,
1697 927 1838 998 eandem
1865 953 1924 1020 per
1937 929 1975 1002 le·

504 1062 562 1131 ges
579 1036 753 1131 proprias,
777 1051 897 1126 utpote
913 1026 1000 1098 ultra
1016 1024 1179 1122 spheram
1198 1024 1254 1095 stbi
1271 1029 1463 1122 propriam,
1488 1022 1707 1104 constituere,
1732 1049 1790 1097 aut
1808 1022 1890 1096 ausu
1911 1048 1977 1122 pru·

371 1159 375 1175 ·
504 1137 583 1232 prio
597 1130 655 1204 fibi
673 1129 815 1200 sumere.
865 1129 985 1206 Secus,
1006 1122 1243 1220 quiliaruunr,
1271 1121 1715 1218 inronclustonesquasdam
1735 1123 1976 1214 multolnngin·

505 1233 661 1329 quiores,
694 1250 794 1323 quam
818 1221 877 1320 ips
902 1222 1024 1310 velint,
1056 1222 1315 1320 protruduntur.
1378 1217 1525 1306 ¹Necesse
1551 1224 1640 1292 enirn
1670 1216 1764 1302 esset,
1790 1246 1851 1293 eos
1868 1217 1977 1304 fateri,

505 1325 703 1425 potestatem
720 1320 941 1419 temporalem
960 1317 1171 1416 inspirituali
1189 1323 1372 1402 contineri3
1399 1319 1541 1412 &qnod
1555 1315 1809 1390 conterraneum
1834 1316 1901 1401 cst,
1931 1321 1981 1391 Ee·

505 1422 636 1499 elehem
655 1418 873 1494 &Pontifices
890 1415 1078 1513 supremam
1096 1419 1130 1486 in
1145 1415 1299 1487 omnibus
1316 1415 1642 1508 RegnisChrislianis
1657 1417 1899 1488 authoritatem
1912 1438 1980 1492 tem·

400 1541 416 1558 ‘
505 1521 660 1622 poralem
676 1517 734 1590 stbi
753 1519 919 1588 vindicare
936 1512 1047 1611 posset
1075 1515 1197 1586 horum
1212 1537 1323 1586 autem
1342 1517 1508 1586 Dominus
1523 1515 1607 1584 nihil
1631 1511 1693 1583 else
1716 1513 1774 1584 nist
1798 1515 1980 1606 Delegato's,

483 1679 485 1684 .
507 1625 567 1717 qui
585 1616 641 1690 sub
658 1618 862 1689 authoritate
877 1610 1077 1684 Pontificum
1092 1635 1210 1682 eorum
1224 1609 1307 1707 jussa
1325 1636 1588 1708 exequerentur,
1611 1611 1704 1682 nullo
1727 1637 1811 1682 vern
1825 1610 1983 1707 suprema·

371 1727 373 1732 '
508 1741 545 1792 tu
563 1719 763 1808 potirentur.
812 1716 838 1781 Ii
856 1714 963 1790 enim,
989 1712 1047 1804 qui
1063 1713 1151 1781 eirca
1168 1733 1221 1780 res
1242 1711 1445 1808 temporales
1463 1735 1482 1778 a
1499 1711 1610 1800 legum
1625 1709 1836 1781 obseruantia
1849 1733 1983 1782 eximere

509 1811 660 1912 possunt,
685 1817 771 1882 circa
791 1834 845 1882 eas
860 1811 958 1878 etiam
977 1807 1067 1899 leges
1088 1805 1252 1888 condunt,
1277 1835 1351 1904 quae
1373 1807 1435 1878 hm
1455 1833 1572 1878 norma
1596 1810 1825 1902 populorum,
1858 1809 1893 1878 dr
1914 1829 1983 1904 quta

509 1916 659 2008 Imperia
674 1931 858 2000 eorumque
877 1909 1014 1975 Domini
1031 1929 1160 1976 mutare
1181 1928 1360 1999 nequeant.
1415 1907 1469 1986 li,
1495 1908 1650 2000 inquam,
1675 1907 1920 2000 proculdubio
1941 1928 1982 1974 rc·
2023 1897 2025 1934 ³

511 2033 589 2084 rum
615 2005 762 2101 supremi
782 2005 882 2074 ellent
904 2001 1184 2073 administratores
1208 2027 1264 2072 aut
1286 2005 1521 2076 Moderatores
1543 2029 1580 2072 ac
1602 2003 1797 2073 Dirrelnres
1826 2001 1985 2098 puteslttit
2022 2015 2025 2096 ξ

511 2106 721 2202 temporalis.
770 2104 847 2172 Alia
865 2106 994 2197 quippe
1011 2125 1179 2194 nunquam
1198 2095 1262 2170 snit
1279 2099 1441 2194 supreme
1467 2099 1635 2195 potestatis
1660 2101 1691 2171 dt
1713 2103 1892 2191 dignitatis
1913 2105 1984 2182 idea,

513 2205 619 2285 adeo,
641 2221 805 2274 utomnes
822 2202 930 2290 Reges
955 2203 1054 2269 etiam
1076 2193 1261 2269 l'an'clislimi
1284 2200 1316 2268 dt
1336 2197 1516 2270 zelnliffitnt
1540 2199 1624 2266 nthtl
1644 2199 1733 2268 ahud
1758 2195 1864 2270 essent
1885 2202 1919 2270 in
1939 2197 1984 2268 sut

513 2305 680 2380 Ditione,
709 2323 809 2392 quant
820 2296 917 2392 quod
930 2293 981 2384 esl
998 2298 1111 2366 Romae
1131 2295 1347 2368 Gubernator
1369 2298 1549 2367 aliarumve
1567 2296 1711 2366 Urbium
1730 2321 1788 2366 aut
1810 2301 1985 2368 Provincia·

514 2425 593 2472 rum
607 2392 778 2476 Praesesli,
805 2417 946 2488 quarum
962 2389 1114 2464 Pontifex
1132 2393 1175 2463 eil
1194 2397 1370 2464 Dominus.
1422 2396 1538 2487 Qttdi
1564 2397 1653 2486 quod
1670 2419 1706 2464 et
1724 2395 1852 2464 horum
1877 2395 1985 2489 princi·

515 2500 583 2595 pits
606 2494 771 2590 sequitur,
793 2489 933 2562 ¹nullum
954 2488 1018 2563 else
1045 2490 1231 2562 Concilium
1255 2494 1480 2572 Provinciale,
1511 2516 1619 2584 neque
1646 2497 1747 2562 etiam
1780 2491 1984 2589 Episcopum,

517 2597 628 2693 quiin
647 2589 822 2688 temporali
842 2584 1126 2660 administratione
1140 2615 1206 2658 non
1227 2589 1263 2660 lit
1277 2589 1373 2684 supra
1391 2593 1519 2680 Reges;
1546 2587 1674 2684 possent
1690 2588 1812 2681 singuli
1836 2589 1985 2682 abrogare
2023 2611 2025 2620 ·

389 2771 391 2778 ,
516 2693 608 2786 leges
627 2693 843 2785 Principum,
868 2712 1097 2782 unusquisque
1115 2688 1149 2756 itt
1165 2711 1221 2769 ea,
1245 2695 1300 2759 cut
1315 2687 1448 2782 praeesl,
1474 2691 1657 2783 provincia.
1709 2689 1865 2779 Sequelae
1880 2681 1984 2783 prosa·

518 2788 593 2874 slo,
621 2792 714 2884 queis
732 2782 911 2882 paucissimi
931 2788 1145 2882 Antipattonl
1162 2785 1328 2861 hodierno
1351 2783 1469 2857 soeculo
1486 2781 1678 2876 suffragari,
1701 2782 1871 2884 suumque
1896 2805 1984 2884 appu·

519 2913 600 2962 nere
618 2886 781 2959 calculum
800 2883 979 2956 audebunt.

1193 3013 1226 3113 q.
1275 3018 1321 3092 x.

637 3153 765 3243 Neque
793 3167 1281 3248 tamenmagnnmpropterea
1310 3151 1421 3243 legum
1445 3148 1765 3230 Ecclesaslicarum,
1804 3149 1986 3226 canonum,

522 3247 647 3348 partim
663 3247 917 3328 Conciliarium,
945 3255 1067 3342 partim
1087 3249 1368 3323 Conlliturionum
1385 3251 1651 3329 Pontificiarum,
1664 3249 1899 3318 Deereralium
1915 3269 1986 3340 pre·

523 3357 622 3442 cipue
637 3345 799 3416 moderno
816 3349 961 3438 Corpori
975 3349 1066 3441 Juris
1084 3345 1279 3418 inserturum
1295 3351 1417 3418 molem
1436 3375 1590 3443 tanquam
1611 3351 1733 3416 nudam
1756 3343 1928 3438 potestatis
1943 3341 1986 3412 sae·

489 3531 491 3536 Ι
524 3446 645 3517 culatis
662 3441 909 3536 usurpationem
927 3468 1084 3534 arguere,
1111 3469 1167 3514 aut
1183 3441 1272 3515 suam
1289 3451 1327 3514 iis
1343 3447 1510 3537 obligandi
1534 3453 1600 3515 vim
1621 3469 1720 3538 atque
1740 3441 1924 3512 ellit-aciem
1943 3440 1989 3508 de·

524 3566 647 3636 rogare
662 3546 790 3610 animus
809 3537 871 3622 esl,
898 3549 945 3611 uti
963 3566 1129 3612 nonnemo
1142 3568 1180 3612 ex
1202 3541 1266 3613 sola
1281 3543 1384 3613 Thasi
1406 3541 1585 3622 abslrttila,
1609 3547 1715 3636 priori
1739 3564 1888 3611 numero
1909 3534 1988 3609 asser·

524 3664 577 3722 ta,
602 3662 779 3734 perperam
794 3633 920 3710 inserte
936 3635 1030 3708 ausus
1053 3637 1115 3718 esl,
1141 3662 1196 3709 aut
1215 3638 1349 3732 posthac
1369 3636 1479 3712 forsan
1494 3641 1640 3710 auderet.
1691 3641 1845 3708 Omnino
1861 3641 1988 3709 veroin·

524 3761 578 3812 ter
598 3761 652 3808 eas
667 3733 915 3826 distinguimus,
955 3760 1028 3828 quae
1053 3737 1253 3833 quandoque
1274 3743 1466 3835 Principum
1492 3737 1727 3834 supremorum
1749 3735 1988 3808 eonsliturianea

525 3832 694 4005 lstiqssuper
708 3832 806 3904 rebus
826 3830 1071 3928 precesserant,
1098 3835 1130 3906 dr
1147 3838 1321 3924 intereas,
1346 3863 1420 3932 quae
1442 3837 1575 3910 easdem
1596 3836 1666 3930 jam
1685 3835 1838 3907 conditas
1865 3829 1988 3906 fuerunt

543 3961 563 4005 u
602 3955 715 4004 ecutae.

649 4065 782 4135 Priores
796 4059 950 4148 videlieet
965 4065 1021 4159 pia
1043 4061 1199 4134 duntaxat
1217 4061 1348 4135 consilia
1368 4061 1504 4138 fuerunt
1519 4093 1536 4136 a
1554 4064 1728 4150 Patribus,
1756 4065 1815 4158 qui
1842 4058 1991 4136 Conciliis

528 4158 730 4243 interfuere,
755 4165 880 4255 quique
895 4187 931 4232 ea
953 4160 1061 4232 media
1083 4163 1123 4232 ad
1140 4158 1288 4233 fidelium
1312 4161 1621 4247 sanclificationcm,
1652 4165 1692 4235 ad
1716 4163 1908 4254 Religionis
1925 4181 1992 4256 pro

529 4260 741 4355 pagarioncm
765 4258 1112 4341 &conservationem
1150 4259 1268 4331 Cultus
1292 4263 1404 4334 Dtvini
1429 4288 1661 4354 augmentum,
1694 4262 1932 4331 Mtnillrorum
1954 4277 1994 4326 re·

530 4361 712 4428 verentiam
731 4357 983 4452 &populorum
1004 4354 1140 4429 salutem
1159 4358 1252 4428 utilia
1269 4359 1451 4440 duxerunt,
1478 4361 1623 4448 Regibus
1642 4385 1697 4430 aut
1714 4365 1866 4428 Summis
1883 4354 1995 4427 Princi-

530 4450 631 4622 pibus
648 4451 815 4547 propofita
835 4479 876 4525 eo
893 4453 974 4537 fine,
999 4479 1035 4526 ut
1050 4452 1138 4525 suam
1155 4455 1203 4524 illi
1227 4457 1463 4528 authoritatem
1480 4463 1751 4554 impertirentur,
1779 4482 1883 4552 atque
1908 4480 1943 4524 ea
1966 4455 1995 4517 in

546 4576 621 4643 eges
643 4549 791 4645 publicas
811 4576 1058 4628 converterent,
1084 4552 1141 4623 nis
1158 4555 1281 4624 malunt
1307 4556 1474 4650 quoddam
1496 4559 1698 4635 imminens,
1717 4555 1810 4646 quod
1832 4555 1913 4624 inde
1929 4555 1997 4618 Res·

531 4648 666 4746 publiea
685 4643 807 4724 sentire
821 4648 944 4745 pollet,
967 4652 1139 4750 superaret
1163 4651 1305 4738 honum,
1335 4655 1427 4753 quod
1445 4653 1595 4734 Ecclestae
1614 4653 1693 4732 inde
1713 4651 1757 4728 etl
1782 4649 1889 4728 suem
1912 4649 1996 4721 lirum

1912 4741 1999 4822 essen·
