5017 5592
510 641 584 738 630
788 625 1125 714 utsssurnmo
1175 607 1705 708 ennomeo-rusttcn

1152 814 1186 912 q.
1235 810 1345 886 xix.

352 953 509 1080 ff
631 945 800 1025 collectae
822 949 1039 1022 territoriales
1061 946 1134 1022 sunt
1148 949 1293 1047 triplicis
1310 947 1459 1040 generis,
1477 943 1600 1018 scilieet
1618 943 1979 1044 wfia11e1,qneeper

515 1044 604 1122 sonis
618 1073 802 1144 earumque
819 1048 1002 1119 actionibus
1026 1055 1264 1216 im'ponuntur,
1287 1051 1335 1116 uti
1353 1039 1615 1140 SinpfaQteutt·
1654 1038 1890 1141 ‘Issttqaessuii
1908 1061 2005 1152 tert

518 1147 601 1218 alise
615 1152 727 1226 reales,
754 1173 838 1241 quae
855 1147 929 1242 ἱρῆς
949 1146 1047 1219 rebus
1077 1173 1127 1219 uve
1150 1147 1245 1217 bonis
1269 1143 1393 1240 ubsque
1417 1143 1531 1215 habito
1550 1168 1595 1241 po
1622 1137 1767 1213 efferum
1784 1139 1984 1238 respettuin·

516 1243 719 1341 junguntur,
736 1251 783 1340 uqi
802 1246 853 1324 [tie
874 1244 1197 1338 Qirunbafftrurt'
1219 1243 1301 1315 uliae
1325 1243 1470 1339 denique
1490 1239 1565 1314 sunt
1583 1249 1716 1318 mixtae,
1735 1263 1825 1335 quoe
1842 1241 1885 1315 de
1905 1245 1984 1316 utris

518 1367 585 1438 que
606 1341 697 1415 simul
716 1347 910 1435 exiguntur,
935 1347 983 1415 uti
1006 1344 1197 1437 verttgalia,
1221 1345 1392 1442 porturis,
1416 1341 1556 1428 telonia,
1583 1337 1755 1414 &finilia
1770 1341 1811 1432 r)
2016 1371 2019 1384 ·

561 1513 596 1581 o)
618 1507 688 1576 Vru
708 1505 810 1593 Espen
832 1520 911 1593 prrt.
935 1529 967 1579 a.
989 1513 1040 1578 tit.
1063 1532 1114 1596 35.
1136 1533 1165 1578 c.
1182 1529 1213 1578 2.
1230 1530 1262 1578 n.
1283 1529 1333 1594 19.
1353 1509 1387 1574 ἂ
1411 1508 1494 1594 seqq.
1579 1509 1582 1513 ’

1180 1712 1211 1800 §-
1265 1705 1349 1782 xa.

640 1840 822 1912 hnmanitas
839 1863 855 1907 a
871 1837 1019 1912 collefiis
1035 1841 1081 1914 est
1099 1840 1235 1914 libertas
1252 1842 1294 1914 ab
1315 1840 1520 1934 obligatione
1538 1835 1685 1913 solvendi
1702 1836 1851 1920 tributa,
1875 1860 1986 1936 proque

502 1931 646 2006 ·hurum
669 1932 852 2008 diverfitate
868 1941 918 2010 vel
939 1937 1120 2033 personalis
1135 1940 1198 2020 est,
1217 1943 1269 2014 uel
1285 1940 1401 2024 realis,
1421 1939 1473 2011 vel
1490 1941 1608 2020 mixta,
1625 1961 1730 2037 prout
1748 1942 1915 2011 nimirum
1929 1937 1988 2036 quit

524 2057 544 2103 o
567 2033 698 2106 tributis
713 2033 765 2106 vel
786 2036 1017 2133 personalibus
1034 2041 1086 2114 vel
1101 2039 1247 2116 realibus
1265 2042 1316 2114 vel
1331 2041 1443 2112 mixtis
1457 2036 1546 2110 liber
1557 2034 1613 2118 est.

1165 2247 1199 2352 q.
1258 2251 1366 2326 xxt.

519 2441 526 2470 ,
645 2380 731 2448 Cum
755 2377 888 2453 inuesso
911 2383 1009 2458 semel
1033 2383 1114 2459 statu
1139 2390 1352 2484 imperioque
1377 2383 1466 2455 civili
1489 2379 1651 2473 obligatio
1679 2379 1919 2456 contribuendi
1937 2375 1994 2478 ipio

527 2468 665 2568 jsm'sm
687 2473 776 2548 futla
792 2481 822 2551 ἃ
837 2483 914 2576 jure
934 2485 1088 2557 omnibus
1111 2488 1144 2561 ar
1168 2485 1301 2579 singulis
1323 2481 1472 2579 personis
1495 2506 1530 2552 ae
1555 2478 1655 2552 rebus
1670 2483 1705 2550 in
1729 2485 1908 2552 territorio
1926 2483 1996 2574 reip.

466 2645 469 2654 ,
529 2497 740 2647 exttbennbus
757 2579 908 2676 imposita
927 2581 989 2657 eise
1005 2587 1226 2679 inteliignrur,
1252 2583 1467 2676 (obligarent
1489 2583 1578 2651 enim
1594 2578 1634 2649 od
1658 2575 1783 2661 finem,
1803 2601 1889 2676 pura
1902 2575 1996 2654 salutis

522 2668 685 2765 'publicae
709 2674 1012 2770 conservationem,
1034 2711 1096 2782 per
1120 2685 1151 2758 i'e
1170 2686 1237 2780 jam
1259 2679 1341 2755 inest
1364 2678 1526 2772 obligatio
1541 2677 1582 2747 ad
1604 2677 1743 2759 medie,
1770 2673 1997 2774 consequenter

529 2772 571 2838 od
596 2770 877 2869 contributiones)
902 2779 1105 2881 consequens
1121 2783 1184 2867 est,
1208 2784 1454 2854 immunitatem
1470 2801 1487 2846 a
1503 2772 1635 2847 tributis
1649 2778 1681 2847 in
1703 2771 1790 2848 stetu
1811 2775 1877 2848 hoc
1894 2775 1997 2846 adero·
2035 2775 2038 2806 ¹

528 2869 607 2936 titio
631 2871 781 2956 exulare,
803 2882 983 2976 omniaque
1004 2885 1038 2956 ἃ
1064 2880 1188 2978 singulo
1214 2880 1299 2952 bons
1313 2882 1347 2950 in
1367 2878 1541 2950 territorio
1559 2877 1645 2972 reip.
1663 2872 1720 2947 stra
1735 2874 1852 2948 eidem
1866 2869 1931 2948 effe
1945 2869 1999 2946 cul·

529 2960 707 3038 lessabilia.

650 3107 763 3198 Atque
777 3128 815 3175 er
830 3105 893 3177 hoc
908 3109 1076 3203 principio
1092 3108 1176 3179 bona
1192 3108 1274 3180 adeo
1286 3104 1522 3190 Ecclestcrum,
1540 3104 1562 3179 ii
1579 3103 1715 3204 praedia
1731 3104 1790 3178 illo
1803 3105 1999 3194 aiiodirlirr)

535 3187 578 3263 ab
604 3196 755 3289 ingenuis
775 3209 973 3294 germanicis
998 3208 1166 3302 quondam
1189 3204 1321 3298 puffeffa
1343 3207 1451 3302 abque
1473 3207 1522 3277 his
1547 3212 1580 3277 in
1605 3202 1764 3278 Ecclestas
1794 3207 2002 3280 Germanicos

534 3295 718 3368 transmissa
737 3307 896 3396 excipies,
922 3306 1041 3376 iisdem
1067 3312 1221 3386 omnino,
1245 3307 1366 3402 quibus
1392 3308 1476 3377 bons
1497 3305 1676 3386 laieorum,
1698 3304 1924 3401 Reipublicae
1936 3303 2006 3400 juri·

533 3387 595 3461 bus
612 3419 711 3493 atque
726 3401 885 3473 oneribus
899 3405 1067 3499 quondam
1080 3431 1180 3502 utque
1194 3404 1235 3476 ab
1250 3408 1345 3476 initio
1361 3399 1535 3488 subfuisse,
1552 3426 1680 3474 cerrum
1696 3399 1763 3486 est3
1790 3405 1929 3474 Etenim
1943 3421 2005 3475 tom

533 3486 619 3562 bunt
635 3501 830 3593 temporalia
847 3501 971 3574 trullum
984 3508 1122 3576 omnino
1133 3530 1171 3576 ex
1184 3502 1238 3574 sua
1254 3527 1371 3574 nutura
1386 3527 1462 3573 cum
1482 3502 1679 3598 adquirente
1695 3523 1732 3570 sc
1747 3497 2006 3594 poffrfforecuo·

535 3614 711 3664 nextonem
739 3591 906 3682 h'abeant,
931 3602 1070 3674 eundem
1098 3601 1230 3698 semper
1262 3601 1489 3672 conditionem
1511 3602 1680 3679 retinent,
1711 3598 1751 3668 ad
1780 3623 1953 3695 quemeun
1975 3617 2006 3668 ur

532 3687 746 3780 potirisorem
766 3707 985 3790 perveniant:
1012 3725 1088 3772 eum
1106 3704 1210 3794 igitur
1227 3698 1312 3771 bona
1332 3697 1560 3795 ecclesiastica,
1582 3697 1662 3766 dum
1684 3697 1795 3768 sdhuc
1809 3701 1845 3767 in
1870 3623 2008 3770 munibat

535 3789 713 3861 Laicurum
728 3797 1098 3896 extiteranrqcolietiis
1121 3799 1264 3894 publicis
1286 3798 1477 3868 radicaliter
1497 3793 1609 3867 saltem
1633 3795 1665 3864 ἃ
1689 3793 1946 3892 praesumptive
1964 3790 2010 3865 ub·

533 3891 631 3958 noxie
648 3885 800 3964 fuerunt.
817 3892 984 3989 sequitur,
1001 3898 1202 3970 eademeum
1217 3894 1582 3993 hucipsoetiamoncre
1593 3893 1632 3962 ad
1649 3890 1809 3963 Ecclefius
1825 3889 1991 3965 tranfiiffe.

578 4057 617 4139 a)
634 4055 733 4123 Erant
754 4060 869 4144 quippe
885 4061 962 4126 haee
975 4066 1196 4147 uriginetenus
1211 4085 1253 4129 ex
1268 4066 1374 4128 avitae
1389 4085 1425 4128 rc
1438 4066 1566 4129 nativre
1581 4063 1734 4127 libertatis
1749 4062 1961 4129 Germanicae
1970 4081 2012 4126 re·

651 4140 758 4222 liquiis
775 4143 806 4206 ἃ
823 4149 965 4211 motibus
986 4148 1037 4211 sub
1060 4151 1068 4210 i
1094 4149 1130 4211 fis
1156 4151 1237 4211 adeo
1254 4147 1391 4230 Regibus
1414 4163 1509 4230 etque
1529 4147 1778 4229 imperatoribus
1796 4151 1837 4210 rb
1855 4152 1945 4212 omui
1961 4147 2009 4210 tri·

651 4224 801 4291 buturum
819 4248 935 4309 genere
950 4230 1045 4293 libera
1108 4245 1254 4301 exemts3
1286 4251 1356 4294 cum
1381 4233 1421 4294 itt
1447 4251 1486 4293 ue
1507 4230 1576 4312 jura
1596 4231 1688 4293 rebus
1710 4229 2011 4295 inhaerentiaetitn

652 4325 724 4368 curn
738 4309 809 4392 ipiis
824 4313 967 4376 rebusad
982 4333 1190 4396 quoscunque
1201 4333 1308 4375 esrum
1325 4251 1509 4396 posteriores
1524 4312 1696 4382 transeunt.
1724 4312 1846 4377 allodis
1870 4314 1926 4378 ista
1950 4330 2010 4375 cum

652 4385 713 4448 hnc
729 4392 789 4470 ipsa
809 4397 902 4456 etiam
918 4396 1115 4458 immunitate
1130 4395 1330 4458 adEeriestas
1352 4396 1553 4459 Germanicas
1577 4393 1751 4475 petveuiffe
1772 4407 1870 4458 extra
1895 4398 2010 4461 dubium

652 4470 706 4533 est.
751 4473 878 4537 Confer.
898 4480 1004 4540 Autot
1023 4479 1243 4542 celeberrimus
1266 4477 1496 4542 Dissettationis
1524 4479 1562 4540 de
1587 4479 1707 4542 allodio
1729 4476 1835 4541 stante
1853 4478 2010 4564 superiori·

654 4561 720 4614 tute
746 4554 879 4620 statuum
906 4564 1029 4645 imperii
1052 4562 1235 4628 territorisli
1258 4564 1363 4645 quood
1383 4560 1666 4648 praesumptionem
1692 4561 1793 4626 hodie
1817 4561 2011 4648 imaginatio.

653 4636 889 4723 sss&4

1866 4745 1899 4837 q.
1921 4737 2015 4815 xxti.
