5017 5592
438 725 447 738 ,¹
502 613 573 731 656
779 631 1117 710 nissnnriirio
1169 630 1699 710 cnuouico··ruunicn

1113 819 1146 902 ἕ.
1195 805 1358 888 LVsls.

619 950 723 1017 Nune
744 947 843 1018 etiam
862 945 902 1016 nd
918 943 1112 1041 injustitiam
1140 945 1302 1039 effugium
1328 946 1420 1016 suuni
1439 943 1540 1017 sumis
1561 939 1814 1022 Locbsteinius,
1828 939 1866 1030 a)
1887 967 1977 1041 atque

511 1045 737 1115 immunitates
748 1051 917 1116 Bonorum
935 1042 1255 1116 ecclesassicorums
1270 1046 1504 1116 iinninvalidas
1520 1044 1707 1114 iurandis,
1724 1038 1844 1112 saltem
1857 1044 1977 1116 inicius

504 1165 603 1236 arque
622 1139 755 1236 injussos
774 1139 835 1213 esse
861 1147 923 1221 ait,
948 1167 1017 1213 tum
1035 1143 1123 1238 quod
1150 1147 1181 1213 in
1207 1143 1277 1237 ejus
1301 1147 1461 1238 opinione
1483 1166 1586 1220 onus,
1614 1143 1703 1235 quod
1725 1137 1826 1208 bonis
1842 1139 1977 1212 ecelesia·

503 1235 590 1308 dicia
608 1245 701 1333 prius
724 1239 936 1318 incubuerat,
961 1263 1075 1309 contra
1098 1266 1232 1310 oniiicm
1259 1264 1459 1338 aequitatem
1482 1236 1688 1332 &justitiam
1712 1236 1753 1306 ad
1772 1235 2005 1311 Laieosesset'

506 1336 720 1416 devolutum,
749 1336 865 1431 idique
882 1340 921 1404 od
943 1333 1054 1407 fiscum
1077 1341 1238 1434 principii
1255 1338 1492 1432 publicumque
1511 1339 1676 1406 aerarium
1692 1333 1976 1428 indemnisandum

505 1431 659 1503 colle-edos
677 1437 752 1504 iude
770 1435 911 1522 maiores
928 1436 958 1505 di
973 1461 1142 1525 grauiores
1159 1461 1309 1530 recipere
1330 1439 1363 1506 in
1386 1434 1417 1506 se
1440 1431 1641 1515 debuissent,
1673 1455 1746 1502 tum
1766 1435 1863 1528 quod
1880 1436 1978 1512 Eceseij

505 1530 567 1600 stae
585 1536 822 1626 participarent
840 1533 881 1602 de
896 1533 1049 1602 omnibus
1072 1534 1102 1605 de
1122 1531 1253 1624 singulis
1274 1533 1488 1628 Reipublicae
1504 1531 1708 1609 commodis,
1733 1535 1920 1629 praecipue
1932 1532 1978 1606 de·

506 1624 652 1700 fensione
669 1629 884 1700 &securitate
898 1631 1047 1724 publica,
1064 1631 1152 1700 nulia
1171 1655 1281 1702 autem
1296 1635 1329 1701 in
1345 1629 1377 1703 se
1393 1629 1603 1702 incommoda
1616 1629 1739 1699 veilent
1756 1627 1937 1725 suscipere.

634 1786 715 1851 Non
734 1781 887 1872 indignae
912 1774 1065 1874 profesio
1085 1776 1197 1850 forent
1220 1781 1358 1876 hujusce
1380 1781 1513 1854 convitii
1532 1773 1711 1858 Ecclesiae,
1736 1775 1763 1848 si
1780 1803 1842 1864 eae
1857 1780 1890 1852 se
1906 1781 1979 1879 ipsis

508 1877 709 1948 authoritate
724 1886 861 1973 propria
885 1883 1064 1948 etinicrea
1087 1875 1235 1948 eollesiis
1253 1905 1399 1972 uuquam
1419 1875 1643 1956 attentassent,
1665 1900 1721 1946 aut
1742 1901 1883 1971 partem
1898 1879 1978 1954 suam

507 1977 712 2045 tributorum
731 1977 770 2046 ad
788 1977 887 2046 laicos
914 1976 1092 2047 devoivere
1112 1974 1200 2072 ipsae
1219 1973 1496 2072 praesiinisisseiit3
1520 1972 1573 2044 sed
1596 1997 1677 2058 vero
1691 1997 1772 2046 cum
1797 1977 1840 2047 de
1866 1977 1932 2074 ipsa
1946 1981 1979 2049 li·

508 2071 588 2142 bera
610 2077 759 2164 gentium
776 2075 964 2154 voluntate,
987 2075 1035 2143 uti
1052 2071 1148 2169 supra
1169 2071 1198 2171 d
1224 2100 1278 2163 55.
1302 2073 1334 2144 dr
1354 2082 1407 2164 56.
1431 2072 1658 2150 ostendimur,
1683 2067 1780 2142 suant
1799 2073 1979 2149 libertarent

510 2169 583 2240 sunt
603 2170 812 2254 consecutae,
836 2197 902 2242 nnn
926 2172 1039 2250 video,
1064 2196 1132 2266 quo
1155 2175 1278 2242 meriro
1300 2170 1381 2244 hoec
1400 2173 1542 2241 convitia
1558 2171 1591 2237 in
1616 2191 1670 2239 eae
1694 2168 1821 2263 conjici
1848 2196 1979 2266 queant,

509 2264 627 2359 sponte
645 2271 789 2362 populus
811 2294 940 2364 partein
964 2269 1167 2340 tributorum
1187 2270 1226 2338 ab
1251 2265 1400 2341 Eccsefiis
1424 2268 1502 2337 alias
1526 2263 1765 2336 solvendorum
1783 2272 1818 2338 in
1839 2269 1875 2341 se
1890 2269 1980 2344 susce·

508 2367 578 2459 pit,
604 2363 719 2461 sponte
738 2367 882 2462 populus
898 2368 1117 2438 incommodis
1135 2368 1174 2437 ab
1198 2365 1336 2438 ucetefii
1356 2367 1434 2439 asias
1450 2361 1597 2436 serendis
1612 2360 1678 2438 sese
1692 2361 1858 2459 subjecit,
1881 2371 1980 2442 Ecde-

510 2459 638 2555 siasque
655 2463 694 2532 ab
712 2464 798 2535 hisee
811 2464 966 2535 omnibus
983 2469 1121 2546 eremit,
1137 2490 1211 2534 cum
1226 2488 1308 2554 ergo
1325 2465 1447 2536 roseiiii
1462 2489 1527 2534 non
1544 2459 1582 2532 sit
1597 2462 1735 2556 injuria,
1755 2464 1889 2536 nullam
1900 2491 1979 2540 certe

508 2563 655 2655 populus
673 2562 713 2632 de
731 2562 815 2634 bisce
832 2562 1096 2634 immunitatibus
1113 2563 1337 2657 conquerendi
1355 2562 1453 2632 hibet
1467 2565 1648 2641 rationem;
1667 2561 1862 2651 recogitent
1879 2587 1978 2656 portua

509 2679 641 2748 gentes,
667 2661 779 2733 multis
798 2669 896 2732 etiam
920 2662 1077 2732 oneribus
1103 2659 1372 2730 &incommodis
1387 2683 1451 2756 pro
1466 2659 1611 2752 populo,
1635 2680 1707 2725 rutn
1729 2662 1821 2728 cirea
1840 2657 1978 2734 officiunt

510 2755 679 2839 divinum,
707 2781 777 2829 tuin
801 2764 885 2830 circo
901 2764 1085 2829 animarum
1109 2782 1239 2837 euram,
1266 2757 1396 2852 aliaque
1415 2761 1547 2848 negotia
1572 2751 1749 2824 subeundis
1772 2755 1901 2830 subesse
1919 2762 1979 2832 Mi·

509 2851 628 2924 nisstos
647 2856 881 2938 ecclesiarum,
907 2880 982 2925 cuin
1000 2860 1110 2950 itaque
1131 2855 1214 2923 nibil
1237 2851 1274 2924 sit
1294 2858 1449 2949 aequius,
1474 2877 1574 2948 quain
1598 2853 1818 2924 incommoda
1842 2881 1920 2928 curu
1939 2860 1979 2928 in.

510 2953 713 3034 commodis,
734 2957 824 3023 lucra
839 2977 913 3022 eum
936 2956 1035 3021 lucris
1051 2949 1278 3043 compensari,
1304 2947 1532 3045 aequissimum
1553 2974 1642 3020 certe
1657 2972 1746 3031 erni,
1782 2977 1917 3046 partem
1933 2957 1979 3026 tri·

509 3044 668 3118 butoruni
685 3050 724 3117 ab
740 3048 888 3117 Ecclesiis
904 3049 981 3115 alias
999 3046 1268 3142 praesinndorum
1287 3072 1303 3113 a
1320 3052 1425 3118 [nicia
1451 3044 1543 3119 fuisse
1566 3045 1768 3140 susceptam,
1805 3050 1916 3146 abque
1935 3043 1977 3124 bia

509 3141 643 3211 illarum
667 3144 740 3213 loeo
761 3150 942 3214 etiamnum
969 3142 1134 3239 pensitari.
1188 3150 1402 3237 Aequitatem
1429 3147 1510 3215 banc
1534 3143 1602 3242 ipse
1625 3144 1780 3236 jamdum
1807 3147 1978 3244 Apostolus

510 3249 661 3326 agnovit,
679 3242 757 3310 duni
780 3270 804 3310 r.
820 3244 859 3313 ad
875 3244 1038 3336 Co'rynrh.
1057 3266 1088 3333 9.
1105 3245 1166 3310 aii:
1194 3248 1225 3314 Si
1240 3268 1292 3314 iiis
1306 3247 1393 3315 visis
1406 3245 1577 3340 spiritualia
1585 3245 1833 3337 seminavimus,
1852 3272 1981 3346 megum

508 3337 567 3429 est,
582 3338 676 3428 striis
694 3347 828 3412 carnalia
843 3342 948 3425 vidie
966 3350 1134 3412 riciarius?

551 3509 590 3588 a)
612 3504 692 3573 Part.
715 3525 744 3573 2.
770 3530 798 3576 c.
824 3529 872 3574 12.
896 3507 921 3594 s.
947 3510 997 3576 16.
1019 3509 1052 3573 δι
1079 3530 1107 3573 c.
1126 3529 1174 3593 13.
1197 3510 1229 3592 §.
1252 3519 1282 3583 8.

1145 3710 1181 3794 ᾗ.
1233 3702 1339 3776 LlX.

625 3835 745 3906 Saltem
762 3837 871 3931 pergit
885 3834 1131 3910 Lochdeinius:
1145 3840 1186 3931 a)
1214 3840 1294 3909 haec
1310 3837 1557 3908 immunitatum
1578 3835 1755 3933 privilegia
1776 3863 1848 3911 non
1871 3842 1984 3918 debent

508 3931 660 4029 prodesse
683 3933 848 4012 Ecclesiis,
879 3933 937 4004 nisi
964 3939 997 4003 in
1021 3959 1166 4018 tantum,
1194 3940 1226 4005 in
1251 3959 1412 4030 quantuni
1436 3934 1520 4005 bona
1541 3959 1655 4005 eorum
1674 3941 1714 4005 ad
1731 3940 1982 4030 Evaiigesicam,

508 4035 555 4101 uri
572 4033 632 4108 air,
661 4030 693 4102 dr
711 4055 890 4122 congruam
908 4031 1141 4104 Ministrorum
1156 4031 1422 4104 sustentationem
1442 4033 1590 4127 aliasque
1604 4031 1761 4129 expensas
1783 4039 1820 4105 in
1840 4038 1983 4112 Ministe-

507 4128 596 4194 rium
613 4126 738 4200 sacrum
753 4126 917 4200 faciendas
932 4126 1005 4198 sunt
1018 4126 1192 4199 necessaria
1207 4123 1525 4223 atquesufficientia,
1545 4127 1586 4200 sie
1599 4140 1687 4200 enini
1702 4134 1984 4226 attingiturtnena

509 4221 543 4291 dr
560 4225 698 4294 intentio
715 4228 922 4321 principum,
949 4228 1024 4322 qui,
1051 4226 1129 4297 duni
1147 4226 1311 4321 ejusmodi
1333 4228 1559 4297 immunitates
1582 4226 1811 4313 indulserunt,
1837 4234 1985 4328 respexe·

508 4340 586 4388 runt
602 4324 697 4390 unice
711 4322 749 4389 ad
765 4348 945 4416 congruam
962 4321 1187 4394 ministrorum
1204 4322 1490 4408 sustentationem,
1515 4349 1557 4395 ne
1570 4323 1692 4396 scilicet
1709 4328 1741 4396 hi
1761 4332 1856 4400 euris
1872 4337 1908 4402 in
1925 4357 1982 4404 tei·

507 4439 622 4486 renam
639 4413 683 4484 sui
709 4416 971 4492 susscntadonem
997 4421 1191 4491 adhibendis
1210 4447 1227 4490 a
1247 4424 1417 4490 vocatione
1436 4419 1507 4500 sua,
1531 4423 1564 4491 id
1589 4421 1652 4500 est,
1677 4423 1718 4492 ab
1738 4421 1855 4499 officio
1876 4431 1983 4502 divino

507 4536 564 4583 aut
581 4540 659 4583 eura
680 4516 862 4584 animarum
882 4516 1160 4595 distraherentur,
1190 4543 1291 4610 ergo,
1318 4521 1441 4612 inquit,
1468 4517 1552 4591 bona
1568 4517 1789 4596 ecclesiarum
1806 4531 1920 4623 quoad
1934 4528 1982 4610 id,

507 4610 599 4708 quod
615 4636 795 4706 congruam
812 4612 905 4686 istun
920 4617 1065 4702 excedit,
1088 4613 1237 4691 coiieffls
1252 4612 1375 4690 subesse
1390 4615 1521 4693 debent.
1788 4632 1795 4646 ·

1951 4719 1983 4804 si
