5017 5592
464 644 466 648 -
534 597 546 713 j
603 623 711 721 350·
758 613 761 622 ·
883 608 1221 694 otssanrarto
1247 607 1551 688 utsronrco-
1570 611 1808 710 JURlchA

597 795 639 872 lis
654 794 850 869 criminibus
867 794 1014 877 delntus,
1038 788 1124 886 sugit
1138 793 1177 864 ad
1194 790 1388 877 Eccleliam,
1413 819 1452 868 ex
1464 819 1528 892 qun
1554 819 1630 867 eum
1649 797 1776 869 extrahi
1791 801 1859 868 Rex
1877 792 1985 891 jussit:

600 898 735 994 perium
751 919 860 966 tamen
876 891 970 964 suum
985 918 1024 962 er
1039 894 1182 963 aliorum
1200 891 1354 983 gravibus
1374 894 1692 967 commonitionibus
1713 899 1892 968 revocarit.
1943 899 2001 964 llu

599 1018 653 1067 tus
671 992 715 1065 ob
730 1015 880 1089 patentes
898 994 999 1083 Regis
1020 993 1147 1063 Literas
1162 987 1313 1060 securum
1329 987 1361 1061 se
1376 991 1532 1074 credens,
1567 995 1632 1063 iter
1658 996 1801 1092 arripuit
1823 991 1862 1064 a'd
1886 997 1920 1066 S.
1935 993 2001 1062 Edi

599 1093 694 1170 dum.
745 1095 785 1161 In
804 1094 875 1176 vic,
900 1092 1038 1162 audiens
1055 1087 1111 1160 sibi
1129 1086 1248 1160 instare
1265 1087 1375 1160 missos
1396 1117 1414 1159 a
1435 1093 1526 1182 Rege
1543 1085 1723 1172 satellites,
1758 1099 1791 1161 in
1815 1089 1982 1162 Sacellum

599 1185 710 1284 fugit:
735 1189 846 1261 indes
865 1188 1027 1260 militibus
1041 1190 1074 1259 vi
1090 1184 1273 1271 extrallus3
1312 1187 1511 1259 Londinenfi
1533 1211 1642 1258 tamen
1666 1187 1833 1286 Episcopo
1856 1211 2001 1261 excomm

599 1293 765 1362 cntionem
783 1289 976 1370 minitante,
1001 1283 1169 1357 restitutus
1186 1282 1243 1358 ell.
1296 1283 1392 1382 juffit
1405 1309 1514 1357 autem
1531 1289 1617 1369 Rex,
1642 1288 1804 1359 Sacellum
1820 1288 2001 1375 milite'cirt

601 1386 697 1470 dari,
721 1411 762 1457 ne
777 1385 953 1456 Hubertus
966 1385 1140 1464 evaderet,
1166 1408 1226 1456 nec
1242 1412 1259 1454 a
1275 1409 1444 1480 quoquam
1461 1384 1571 1458 cibum
1589 1388 1765 1480 acciperet.
1807 1388 1876 1455 Hic
1892 1409 2001 1481 praeop

602 1486 707 1576 Regis
724 1482 987 1555 misericordiam
1007 1483 1174 1578 experiri,
1199 1508 1299 1577 quam
1322 1479 1411 1554 farne
1436 1486 1565 1578 perire,
1603 1481 1719 1577 sponte
1745 1484 1787 1553 de
1809 1484 1938 1554 Sacello
1957 1508 1996 1555 ex

604 1581 707 1680 seque
725 1581 913 1653 cullodibus
929 1580 1086 1653 tradidit:
1108 1577 1237 1651 vittblus
1260 1582 1336 1652 dein
1358 1579 1417 1653 sub
1436 1579 1526 1654 arlia
1545 1579 1692 1652 culludio
1714 1585 1747 1652 in
1771 1585 1857 1652 turri
1885 1580 2001 1651 Londit

450 1753 452 1758 ,
605 1678 733 1776 positus
747 1678 809 1753 ell':
836 1679 973 1750 demum
993 1700 1112 1774 poento
1127 1680 1279 1750 nonnihil
1294 1673 1403 1772 Rege,
1429 1683 1463 1750 in
1481 1677 1624 1760 Cullello
1640 1678 1816 1752 deuictus
1833 1678 1891 1751 sub
1904 1681 2001 1750 libert

376 1823 380 1832 ·
608 1777 714 1851 slodia
728 1765 951 1850 servabatur.'
977 1774 1210 1850 Infidiantibus
1225 1800 1335 1848 sutem
1350 1779 1425 1848 vite
1444 1769 1515 1874 ejus
1532 1779 1694 1858 inimicis,
1714 1780 1772 1874 pia
1794 1764 1915 1849 fraude
1937 1777 2001 1848 dun

511 1927 513 1932 -
607 1875 782 1952 cullodum
798 1901 835 1948 ex
852 1871 995 1948 castello
1017 1875 1056 1945 ad
1070 1873 1246 1945 Ecclestam
1263 1875 1350 1947 ville
1368 1876 1596 1972 parochialem
1619 1875 1748 1947 delatus
1771 1873 1833 1948 cll:
1867 1874 1945 1948 inde
1971 1900 1990 1946 a

456 1971 460 1980 '
633 1977 685 2046 uis
703 1970 892 2046 culludihus
908 1975 1071 2044 violenter
1086 1969 1286 2054 abllrablus,
1309 1967 1592 2070 conquerentibus
1609 1973 1722 2045 multis
1740 1969 1931 2070 Episcopia,
1960 1973 1998 2042 in

608 2000 687 2146 dem
702 2069 880 2145 Ecelclicm
897 2071 1099 2144 eoncedente
1111 2073 1203 2165 Rege
1217 2066 1368 2143 remissus
1380 2070 1439 2145 cll.
1487 2075 1556 2145 Rex
1573 2094 1682 2143 tumen
1698 2073 1819 2154 iratus,
1844 2074 1949 2142 Vice·
1960 2075 2001 2142 C<

581 2171 584 2176 ’
608 2171 793 2244 Provinciae
808 2169 898 2242 illius
920 2169 1014 2241 dedit
1033 2194 1094 2266 per
1109 2169 1221 2240 literas
1240 2171 1277 2242 in
1297 2171 1481 2255 mandatis,
1503 2194 1550 2250 ,ut
1572 2166 1749 2240 Ecclesta'm
1768 2166 1949 2250 obsideret,
1981 2167 2001 2240 d

609 2263 765 2361 confuga
784 2270 820 2340 io
839 2292 876 2340 en
891 2292 929 2340 ex
944 2263 1221 2340 ciborum'inedir
1237 2292 1438 2341 moreretur.
1489 2273 1575 2340 Cum
1593 2293 1703 2340 autem
1718 2261 1925 2363 co'tempnre
1941 2258 2001 2337 ser*

611 2362 777 2438 diffidium
793 2369 881 2438 inter
898 2369 1026 2456 Regem
1047 2365 1079 2437 dt
1103 2371 1279 2458 Magnetes
1294 2371 1421 2458 Regni,
1447 2365 1625 2438 Hubertus
1638 2391 1752 2462 raptus
1773 2365 1871 2438 estex
1888 2361 2001 2435 Ecclel

609 2461 733 2536 Divisrs
750 2467 862 2535 evitis
878 2468 1032 2545 armatis,
1059 2467 1172 2533 amicis
1187 2461 1271 2546 suis,
1297 2467 1466 2560 armisque
1479 2462 1681 2536 militaribus
1700 2465 1853 2543 indutus,
1876 2465 1911 2534 in
1931 2462 2001 2532 Wal

610 2561 774 2633 addublus
790 2560 854 2642 ell,
879 2589 914 2634 ac
931 2565 1030 2654 Regis
1045 2560 1193 2636 hostibus
1207 2560 1367 2642 sociatus,
1392 2561 1567 2659 poslquam
1586 2567 1653 2632 Rex
1673 2561 1743 2656 ejus
1761 2559 1953 2635 fidelitatem
1971 2559 2001 2630 ἃ

571 2703 578 2718 ·
610 2663 677 2733 rite
694 2682 762 2731 tam
783 2660 869 2733 male
883 2656 992 2732 suisset
1013 2684 1257 2732 remuneratus.
1304 2665 1451 2733 Demum
1470 2685 1554 2757 pace
1573 2657 1753 2758 composita
1776 2659 1952 2730 Huberrus
1968 2660 2001 2728 in

611 2759 694 2830 tiam
710 2761 811 2852 Regia
831 2758 942 2832 rediit.
991 2762 1039 2829 Ex
1061 2760 1113 2829 his
1129 2758 1237 2830 elucet
1254 2762 1365 2850 gravis
1390 2783 1500 2856 pugna
1522 2761 1609 2831 inter
1623 2759 1792 2836 flammam
1813 2757 1882 2829 odii
1900 2780 1919 2828 a
1935 2755 2001 2830 dela

611 2853 675 2928 bus
691 2861 882 2940 excitatam,
909 2857 1045 2927 &inter
1064 2853 1236 2927 scintillam
1253 2849 1438 2952 Religionis
1458 2863 1492 2931 in
1513 2861 1604 2947 Rege
1626 2847 1841 2942 emicantem3
1868 2856 1927 2951 qui
1946 2853 2001 2925 lice

613 2975 739 3026 tentem
754 2957 788 3024 in
804 2954 956 3050 Templo
972 2955 1227 3052 impieeoeeare
1245 2949 1417 3050 sumerton
1434 2950 1631 3040 horruisset,
1649 2953 1710 3054 ipsr
1731 2978 1841 3030 tamen
1856 2948 2001 3028 Ecclesia

464 3069 481 3090 ”
560 3061 565 3074 “
613 3046 743 3130 inferre
761 3047 908 3126 nonfuit
923 3046 1031 3127 rusus.

1190 3175 1238 3267 -§·
1290 3170 1487 3256 cxxut.
1575 3262 1577 3268 ,

428 3316 509 3388 oa„
524 3321 566 3394 v,
665 3319 671 3332 '
732 3305 861 3378 Pariter
877 3299 910 3378 in
926 3301 1088 3379 Historiis
1102 3309 1309 3381 Francorum
1326 3302 1439 3404 paffim
1455 3304 1529 3379 sunt
1541 3300 1639 3378 obvia
1653 3300 1833 3403 specimina
1856 3302 2001 3401 religios

426 3398 512 3470 Etru
524 3407 600 3476 Gal·
613 3399 785 3477 servantia
799 3423 880 3498 erga
893 3407 1143 3479 Immuuitatem
1153 3403 1383 3482 Ecclelicrum.
1433 3402 1564 3498 Insigne
1575 3404 1764 3501 exemplum
1779 3409 2001 3478 Guntrnmnil

426 3481 481 3565 ἣν
616 3501 717 3598 supra
731 3501 874 3576 relatum
891 3499 937 3574 est
958 3503 1007 3597 (r.
1025 3531 1059 3597 3.
1075 3506 1212 3594 §.·⁶2.):
1239 3507 1299 3600 qui
1318 3502 1459 3576 eundem
1476 3505 1697 3576 reverentiam
1714 3499 2001 3600 prodiditinterfu

621 3603 735 3685 tellus,
761 3599 794 3674 dt
812 3599 1010 3672 immodicos
1024 3601 1230 3674 crudelitatis
1250 3607 1396 3699 impetus
1414 3606 1459 3696 t).
1509 3605 1603 3672 Nam
1618 3610 1714 3673 Anno
1724 3606 1800 3676 XV.
1813 3601 2001 3675 Childeber

620 3724 697 3870 lh
713 3694 2001 3889 lllllllhlhlssgllhllssllssl‘illel?ffll‘tsgllllll‘lhl'

619 3895 823 3992 prehendit:
849 3915 924 3963 cum
952 3917 994 3963 ue
1009 3890 1178 3966 custodem
1194 3892 1280 3968 stlvae
1295 3891 1417 3967 srllius
1433 3896 1629 3988 stringeret,
1657 3900 1731 3991 quis
1753 3897 1822 3967 haec
1839 3899 1872 3967 in
1893 3896 1999 3989 regali

623 4015 742 4086 gerere
765 3916 1039 4087 presumpltll'et,
1058 3992 1281 4064 chundonem
1306 3993 1547 4065 cubicularium
1571 3995 1672 4088 Regis
1693 3994 1863 4091 prodidit,
1901 4019 2001 4091 quem

527 4106 532 4116 ’
585 4089 831 4192 Ιψρτεῑιετιάἰ
854 4085 1051 4160 &virbium
1068 4088 1485 4188 Cabillonemducijussrt.
1534 4096 1711 4163 Comuter
1736 4091 2001 4188 ueinpraesenti

616 4189 669 4280 gis
686 4183 801 4268 sister,
819 4186 1011 4259 &Chundo
1024 4183 1210 4259 constanter
1222 4210 1376 4282 negaret,
1392 4189 1453 4262 ase
1466 4188 1667 4288 presumpta
1681 4119 1759 4274 elle,
1773 4214 1846 4288 quae
1861 4190 2001 4288 objicere

618 4287 857 4379 Rexecmpum
875 4283 1077 4376 (Ducllum)
1094 4310 1158 4379 pro
1173 4311 1270 4359 more
1287 4288 1376 4359 illius
1401 4291 1564 4384 temporis
1588 4290 1770 4364 ineundum
1789 4291 1997 4386 pronuntiat.

548 4407 553 4413 ·
619 4379 802 4453 bicularius
817 4380 986 4452 cooslituit
1000 4407 1064 4479 pro
1080 4381 1112 4457 se
1127 4407 1304 4482 nepotem,
1338 4390 1396 4482 qui
1417 4410 1493 4457 cum
1514 4383 1597 4456 stlvae
1621 4386 1754 4459 custode
1774 4384 1983 4480 congressus,

620 4478 734 4555 lancea
748 4481 870 4579 pedem
883 4477 955 4573 ejus
970 4478 1154 4577 transfigit:
1181 4483 1262 4557 dum
1277 4485 1333 4557 hic
1350 4509 1389 4558 ex
1404 4484 1540 4561 vulnere
1553 4482 1728 4584 resupinus
1745 4488 1830 4572 ruit,
1851 4510 1938 4588 puer
1951 4509 2001 4565 cst

352 4775 508 4885 Α
664 4745 700 4826 r)
720 4707 992 4816 durannus
1019 4745 1200 4838 Twomfir
1222 4748 1736 4843 Hspor.rlanror.rn.1ce.1o.
