5017 5592
679 685 681 696 .
819 633 891 712 na
919 597 1217 715 invocaris
1242 634 1646 720 EchEStAsthtS·
1770 571 1773 576 ⁵
1890 653 1965 741 4⁸:

1909 757 1927 796 t

493 813 613 986 Capite
631 813 805 916 spirituali
826 837 898 889 toto
917 816 1055 916 pellore
1079 820 1204 893 edixit:
1229 841 1307 889 cum
1331 820 1478 892 exercitu
1501 821 1537 891 in
1557 817 1690 891 ltaliam
1705 840 1770 915 pro
1784 812 1889 890 salute
1906 821 1971 890 Bo·

493 917 525 986 ni
546 919 607 985 acii
634 919 729 1012 l’apoe
752 917 807 994 lX.
832 914 939 998 alacer
961 921 1077 990 venit:
1105 920 1266 1010 Gregorii
1290 920 1365 987 ΧΗ.
1390 914 1518 988 causam
1545 940 1661 990 contra
1684 917 1889 1013 Antipapam
1914 919 1971 986 Pe·

494 1037 586 1086 trum
602 1012 642 1084 de
666 1015 759 1084 Luna
781 1013 935 1097 Gallum,
959 1014 1017 1088 sub
1039 1022 1173 1089 nomine
1198 1011 1369 1086 Benediili
1393 1017 1450 1085 Xl.
1478 1012 1533 1088 seu
1554 1018 1647 1088 Xlll.
1674 1014 1705 1085 le
1726 1038 1791 1112 pro
1818 1017 1971 1086 Romano

494 1109 655 1182 Pontifice
676 1134 847 1201 gerentem
867 1111 1008 1186 mascula
1031 1111 1204 1187 defendit:
1230 1116 1269 1181 ln
1287 1114 1470 1186 Germania
1493 1114 1789 1185 schismaticorum
1809 1113 1972 1183 tumultur

495 1207 527 1280 dr
551 1205 776 1279 subitul'centes
793 1233 924 1280 errores
941 1210 1079 1284 sollicite
1094 1207 1300 1308 compressit,
1322 1209 1363 1278 ab
1378 1209 1533 1282 omnibu:
1557 1209 1735 1282 virtutibus
1750 1212 1883 1302 Regiis,
1900 1233 1972 1303 pre·

494 1329 561 1378 tate
594 1311 809 1403 praeprimis,
831 1304 1015 1402 sapientia,
1046 1312 1221 1383 clementia
1245 1306 1435 1382 &solertia
1464 1304 1800 1385 commendatitiarum
1824 1310 1974 1381 Advoca-

494 1425 548 1476 tus
570 1429 647 1477 cum
662 1411 805 1476 marimo
832 1407 979 1480 Ecclesia
1003 1406 1095 1481 tutta
1118 1405 1261 1483 decellit.

723 1571 841 1636 Annnl.
866 1572 991 1664 Odoriu‘
1008 1573 1164 1656 Rayrtoldi
1178 1576 1221 1639 ad
1239 1593 1291 1640 art.
1310 1594 1402 1657 1401.

599 1725 604 1734 ·
732 1690 911 1772 Onrtplrrites
924 1690 965 1752 ad
981 1708 1052 1755 aaa.
1071 1710 1159 1766 ¹400·
1179 1691 1218 1756 8
1235 1714 1327 1778 1410.

729 1807 761 1873 C.
784 1809 901 1871 Boron.
922 1806 963 1868 od
981 1807 1219 1876 rosaemannus.

615 1939 694 2013 XX.
728 1946 1058 2012 storsttnnnus
1095 1944 1281 2034 Hungariae
1308 1946 1379 2014 Rex
1406 1946 1668 2016 Rurak'runr
1697 1943 1729 2012 in
1762 1943 1912 2037 imperio
1944 1939 1978 2012 dt

499 2038 688 2110 Universali
715 2036 862 2108 Eccleliae
885 2039 1008 2107 Tutela
1030 2035 1159 2107 secutus
1181 2066 1197 2108 a
1221 2038 1473 2137 preclartllimis
1494 2040 1541 2112 sui
1563 2047 1593 2109 in
1622 2065 1770 2132 utroque
1791 2036 1980 2112 Antecelso·
2049 2089 2054 2096 -

499 2143 546 2209 ris
565 2140 652 2208 haud
674 2133 799 2207 recellit
819 2136 988 2227 exemplis.
1038 2138 1227 2207 Advocattn
1252 2137 1476 2209 Ecclesialltcte
1501 2139 1649 2208 ritulo&
1676 2134 1787 2208 officio
1811 2164 1877 2208 non
1902 2160 1981 2210 raro

502 2237 642 2327 gloriari
669 2236 798 2303 auduus
815 2233 879 2313 eli,
904 2241 958 2303 cui
979 2231 1108 2301 abunde
1131 2261 1265 2328 quoquc
1288 2233 1457 2310 satisfecit.
1519 2239 1610 2306 lntcr
1633 2235 1797 2344 plurimo,
1822 2261 1895 2333 qna:
1921 2239 1981 2307 Ec·

499 2333 603 2404 cleliae
629 2333 777 2427 pretltnt
801 2330 1017 2427 protetlionts
1043 2333 1161 2398 auxilia
1178 2335 1257 2402 illud
1281 2339 1488 2428 precipuum
1512 2333 1654 2405 retultlie
1673 2332 1719 2404 sat
1734 2341 1815 2414 erit,
1837 2334 1928 2422 quod
1946 2339 1980 2402 in

501 2431 716 2502 convocando
742 2431 772 2500 dt
804 2431 927 2498 tuendo
952 2433 990 2496 C.
1014 2425 1248 2500 Conllontienst
1277 2433 1307 2500 dt
1332 2435 1479 2500 tollcndo
1501 2457 1622 2524 magno
1641 2432 1825 2501 schismate
1842 2435 1983 2523 Regiam

500 2553 641 2624 operam
659 2539 689 2598 dt
708 2530 819 2596 omnia
841 2527 1001 2596 Advocati
1024 2529 1237 2619 imperatorii
1255 2554 1366 2598 munta
1390 2527 1574 2600 seliciffinto
1600 2555 1720 2601 eventu
1741 2553 1925 2600 novaverit:
1948 2531 1984 2600 itt

500 2624 737 2700 conllitutione
752 2623 894 2719 desuper
908 2624 994 2693 edita
1011 2627 1079 2693 ait:
1108 2633 1174 2695 Nes
1195 2647 1341 2718 tanquam
1365 2636 1501 2698 Romane
1526 2631 1655 2710 Ecclefiae
1678 2632 1884 2710 Advortite,
1910 2623 1984 2696 diiii

504 2730 633 2797 Cantilia
660 2725 807 2814 Μαίων
839 2769 947 2794 ....
979 2727 1283 2794 :terminationem
1309 2727 1407 2802 i'novi
1435 2723 1583 2820 Ecclesiae
1613 2722 1820 2794 Universalia
1847 2720 1984 2793 Antisti·

502 2825 568 2912 tis)
591 2823 661 2911 sare
683 2843 781 2889 turam
805 2823 980 2894 liberam&
1003 2828 1146 2902 laturam.
1206 2827 1244 2892 Et
1265 2822 1481 2919 posteaquam
1508 2827 1676 2912 Eugenius
1694 2825 1756 2894 lV.
1808 2820 1982 2916 Synodum

502 2914 720 3020 Basileensem
744 2915 916 2986 dillolvere
931 2914 1103 2999 statuerat,
1123 2921 1242 2992 Eidem
1258 2919 1469 2994 Avtsamenra
1485 2947 1571 2991 anno
1593 2949 1634 3015 ¹4
1641 2952 1653 3012 3
1663 2946 1694 3013 3.
1712 2915 1891 3012 transmisit
1905 2941 1984 2993 cum

503 3014 664 3115 epistola,
689 3017 721 3085 in
737 3041 801 3108 qun
827 3018 937 3104 legere
953 3014 1014 3083 cll:
1389 3015 1394 3024 “

547 3157 619 3221 Nos
639 3145 757 3210 accensi
772 3147 870 3214 Zeln,
895 3167 986 3220 quem
1010 3146 1149 3226 gerimus
1166 3147 1204 3208 ad
1230 3149 1419 3232 religionem
1441 3149 1538 3226 fidei,
1557 3149 1591 3212 dr
1614 3149 1728 3214 afiestu
1750 3147 1864 3222 filiali,
1891 3168 1986 3231 quent

625 3231 775 3292 hatemus
790 3231 826 3289 ad
845 3228 982 3294 Vestram
1005 3229 1228 3298 sanctitatem,
1254 3235 1292 3291 ad
1318 3233 1567 3295 satisfaciendum
1580 3244 1716 3313 'quoque
1735 3234 1843 3296 debito
1856 3232 1986 3306 Nostro,

627 3315 712 3394 quod
738 3312 838 3375 Nobis
862 3324 1007 3388 tanquam
1038 3313 1250 3372 Romanorum
1279 3313 1374 3393 Regi,
1399 3313 1629 3377 Advocato&
1653 3315 1813 3378 llefensori
1836 3313 1987 3377 Ecclesia:

627 3397 795 3466 incumbit,
817 3393 1037 3476 praemittimus
1052 3392 1172 3458 Vestrae
1187 3392 1353 3458 Sanffitati
1373 3396 1425 3459 hie
1444 3398 1560 3460 inclusa
1577 3411 1661 3459 certa
1678 3395 1891 3460 Avisanrenta.

707 3515 806 3596 Apud
826 3512 958 3607 (ioldojl.
980 3511 1074 3596 Consi.
1098 3512 1176 3596 imp.
1199 3520 1271 3575 tora.
1284 3529 1315 3593 3.

627 3631 721 3704 xxi.
769 3637 1061 3704 Fntnattcus
1083 3635 1145 3703 lll.
1181 3630 1293 3704 Aullr.
1321 3627 1481 3727 patruelia
1510 3635 1722 3702 Autenti
1753 3633 1811 3709 ll,
1833 3629 1887 3698 cui
1911 3622 1985 3723 poll

507 3732 611 3803 unius
629 3734 705 3800 anni
730 3734 891 3822 Regimen
909 3730 1086 3800 demortuo
1106 3727 1271 3814 luceelsit,
1295 3752 1411 3799 verum
1433 3753 1469 3797 ac
1490 3725 1666 3799 sollicitum
1691 3728 1901 3799 Advocatum
1926 3729 1987 3794 Ec·

507 3826 615 3901 clcsrae
638 3828 677 3897 ab
699 3830 785 3898 inno
814 3854 915 3912 ¹440·
937 3827 1103 3922 usquead
1124 3852 1246 3897 annum
1270 3852 1380 3920 1493,
1404 3851 1473 3920 quo
1495 3851 1672 3898 commune
1696 3849 1819 3897 naturae
1839 3822 1989 3893 debitum

508 3922 693 4024 persolvit,
716 3923 747 3996 se
769 3925 1025 4020 comprobavit:
1053 3922 1131 3998 telle
1154 3925 1299 4017 Mageto
1320 3924 1456 4022 publico
1473 3921 1595 4022 scripto
1617 3925 1779 3997 Advocati
1797 3943 1918 3993 munus
1933 3917 1991 3991 sibi

508 4023 706 4098 incumbere
729 4020 941 4093 contestatus:

532 4159 635 4232 ,cnm
653 4158 818 4227 omnibus,
839 4157 994 4237 inquiens,
1018 4152 1165 4217 Eccleliia
1187 4156 1218 4217 in
1241 4153 1379 4235 Imperio
1397 4153 1515 4217 Nostro
1537 4153 1717 4216 constitutis
1743 4153 1910 4214 debeamus
1936 4171 1990 4232 pa·

631 4241 801 4305 trutinari.
824 4233 1036 4300 Sactnt'anslae
1059 4237 1209 4298 Romanae
1232 4237 1379 4300 Eccleiiae
1399 4251 1491 4297 tanto
1519 4236 1686 4319 impanlina
1709 4238 1857 4298 debemus
1882 4235 1993 4318 provi·

631 4323 725 4391 dere,
752 4333 872 4402 quanto
899 4318 993 4399 ipsius
1009 4338 1083 4380 cura
1102 4340 1139 4381 ae
1163 4319 1305 4382 defenlio
1330 4341 1347 4381 a
1370 4321 1480 4382 divina
1507 4319 1708 4401 providentia
1733 4319 1870 4400 creditor
1893 4316 1994 4380 Nobis

633 4401 694 4467 elle
713 4400 873 4465 commissa
889 4400 1062 4483 specialius.
1748 4401 1755 4410 '

515 4529 569 4604 Eo
589 4528 724 4594 nomine
746 4529 821 4593 Pius
848 4527 934 4617 Papa
958 4526 999 4591 ll.
1024 4507 1312 4591 celebrariffimum
1336 4513 1548 4586 Fridericum
1572 4514 1659 4588 hunc
1679 4513 1827 4588 noslrum
1845 4509 1995 4609 impense

514 4624 674 4716 rogavit,
692 4646 728 4694 ut
743 4619 935 4693 Christiano
957 4622 1170 4694 exercituin
1194 4612 1421 4782 erpegitiones
1438 4613 1617 4688 orientales
1644 4639 1760 4690 conua
1784 4615 1998 4777 Mahumctas·

1317 4733 1381 4810 pp
1409 4736 1430 4782 2
1936 4729 1979 4779 no
