5017 5592
474 589 476 598 '
508 579 520 604 ⁸
552 637 627 724 οε
644 622 1635 722 nouorumrecutitorum-uomitum
1653 595 1899 704 couerci.
1924 629 1996 733 ⁶39

632 779 815 917 Negan'nr
835 815 916 895 liceo
938 813 980 891 ob
1001 809 1170 899 Ecclefiic,
1190 835 1296 914 quoe,
1323 833 1363 888 ut
1386 812 1551 912 mojorem
1572 789 1642 887 sui}v
1664 783 1931 902 immunicctlbus
1951 815 2001 888 in·

507 921 773 998 violabilitutem
796 918 990 998 concilient,
1013 915 1121 1010 adjus
1144 938 1211 985 tom
1233 914 1386 986 divinum
1405 937 1505 1010 quom
1528 909 1778 985 eccleliullicum
1800 935 1999 1009 provocent,

509 1025 620 1121 ioque
637 1041 784 1116 utroque
797 1016 1036 1116 temporalium
1052 1010 1191 1088 suorum
1215 1014 1444 1088 immunitates
1469 1007 1625 1086 fundatos
1639 1006 1942 1088 else'conteodunt.

1149 1235 1187 1323 5.
1237 1230 1364 1307 XXX.

638 1370 773 1445 Acriter
798 1368 860 1440 hnc
884 1363 985 1464 super
1003 1387 1042 1440 re
1063 1366 1236 1463 utrimque
1254 1365 1391 1464 jamjam
1413 1387 1577 1441 certorum
1595 1363 1661 1448 ell,
1688 1387 1790 1463 etque
1817 1365 2002 1441 etiamnum
2041 1375 2044 1380 ’

516 1489 685 1551 certetur,
709 1491 749 1541 ut
772 1462 908 1539 difficile
929 1466 1070 1538 omnino
1092 1460 1149 1547 fic,
1167 1468 1256 1538 circo
1276 1488 1350 1539 rem
1371 1466 1454 1539 odeo
1476 1459 1718 1539 momentosom
1739 1463 1882 1536 delicato
1903 1488 2003 1561 prce·
2102 1499 2109 1512 1

517 1570 643 1670 primis
658 1568 761 1652 hocce
776 1563 907 1638 soeculo
926 1562 1009 1660 quid
1027 1557 1185 1649 definire3
1205 1563 1306 1656 longe
1328 1568 1428 1636 etiem
1448 1561 1560 1636 obsum
1582 1566 1790 1636 intentantes
1807 1566 2004 1635 Pcrcestcu·

515 1691 641 1764 tosque
661 1667 957 1762 utriusquepartis
977 1657 1178 1742 Coullidicos
1192 1663 1368 1759 quidpiam
1389 1662 1544 1736 decidere
1561 1685 1571 1749 3
1592 1663 1729 1756 interim
1745 1685 1826 1734 vero
1841 1662 2002 1757 quonium
2113 1709 2117 1714 -

485 1851 488 1858 ,
517 1763 659 1846 ubertas
676 1760 838 1836 sentiendi
852 1760 907 1857 jus
927 1758 1098 1858 quoddam
1120 1758 1277 1833 omnibus
1293 1781 1472 1832 connotum
1488 1757 1553 1843 cll,
1603 1759 1661 1832 uid
1676 1760 1737 1832 hnc
1752 1760 1793 1834 de
1809 1783 2003 1834 controver-

509 1863 567 1942 Ἧι
587 1859 747 1946 seutiam,
769 1856 858 1932 selvo
882 1856 1294 1969 cujuscunque-meliori,
1320 1862 1433 1953 paucis
1449 1858 1587 1955 explenti
1648 1882 1659 1935 ι
1687 1862 1775 1930 Cum
1790 1879 1900 1931 tomen
1915 1857 2002 1930 mul·

520 1985 599 2038 tum
618 1955 745 2033 intersit
787 1953 944 2040 crescite,
966 1979 1007 2029 er
1022 1980 1091 2053 quo
1112 1979 1208 2052 Jure,
1226 1980 1268 2027 cn
1290 1954 1404 2028 divino
1417 1980 1459 2027 en
1480 1956 1653 2040 humano,
1679 1955 1761 2029 hoec
1779 1953 2001 2029 Ecclestccum
2112 2045 2116 2054 Ι

518 1983 822 2156 intemporalilut
844 2053 1039 2128 immunitos
1056 2053 1206 2136 fluxerit,
1225 2050 1371 2143 (firmius
1391 2055 1520 2152 quippe
1533 2051 1580 2127 cll
1593 2053 1668 2147 juo,
1694 2054 1786 2150 quod
1800 2057 1834 2125 in
1856 2055 1932 2148 lege
1955 2052 2006 2125 di·
2036 2053 2044 2074 ¹
2111 2139 2124 2160 l

520 2159 621 2239 vina,
643 2179 744 2253 quom
758 2153 850 2251 quod
865 2155 899 2226 in
916 2175 1009 2224 mere
1024 2152 1170 2225 humano
1189 2152 1352 2244 nititur),
1376 2151 1458 2223 hoec
1471 2155 1566 2250 ptius
1582 2147 1770 2226 definiendo
1783 2149 1830 2226 est
1844 2148 2004 2254 qucellio,

522 2277 705 2354 cutequcm
719 2251 761 2326 cd
776 2247 882 2350 iplcm
894 2252 1005 2324 Lirem
1030 2248 1253 2350 principalem
1271 2249 1456 2324 deveniam.

943 2453 1008 2476 ··
1154 2466 1189 2554 q
1234 2457 1386 2535 xxxt

517 2613 522 2622 ·
646 2594 763 2669 Solent
781 2592 978 2670 Cononillne
1005 2589 1160 2694 plerique
1182 2596 1232 2668 uti
1260 2591 1449 2669 universnm
1471 2583 1717 2667 immunitatem
1741 2590 2008 2682 ecclelinllicnm,
2134 2631 2137 2638 ·

523 2698 574 2771 ite
594 2692 629 2768 dr
646 2696 791 2766 maxime
811 2691 903 2765 illem
924 2692 1091 2767 bonorum
1109 2689 1401 2767 eccleliesticorum
1423 2718 1442 2764 a
1469 2690 1622 2775 tributis,
1648 2693 1775 2789 exjure
1799 2714 1867 2765 tem
1890 2693 2007 2768 divino

524 2817 628 2893 quum
640 2788 854 2865 ecclesiastico
871 2792 1041 2878 detincre,
1065 2814 1211 2889 eumque
1224 2794 1260 2864 in
1275 2787 1378 2864 finem
1391 2794 1543 2884 ingentes
1556 2814 1595 2863 ex
1610 2809 1755 2887 utroque
1767 2790 1844 2886 jure
1855 2814 2009 2866 textuum
2079 2833 2087 2864 c

513 2891 679 2966 cumulos
694 2887 840 2975 offerre3
865 2886 920 2963 sed
940 2914 1022 2963 vero
1043 2913 1120 2962 cum
1130 2885 1333 2980 ¹Cenonillce
1354 2892 1560 2963 recentiores
1580 2890 1674 2985 iique
1688 2889 1839 2962 nb‘omni
1858 2893 2010 2988 portium

523 2988 635 3064 studio
659 2989 861 3101 remotioree
887 2990 1067 3104 venitatem
1095 2987 1261 3085 ejusmodi
1291 3011 1567 3104 crpumentorum
1591 2983 1667 3058 sotis
1687 2987 1839 3106 jamdum
1862 2985 2018 3086 exploso-i

523 3109 609 3260 ill:
622 3088 704 3269 lli,
720 3081 2011 3285 zilllllilitlsstitlllllillssissssttl‘lllllsqllllll

524 3306 642 3381 neque
656 3278 887 3363 eccleficllito,
914 3277 971 3352 sed
987 3303 1025 3352 er
1040 3276 1110 3351 solo
1122 3280 1199 3376 jure
1213 3280 1303 3375 cicili
1321 3277 1386 3354 else
1402 3281 1609 3384 derivandae.
1741 3369 1747 3382 ι

565 3447 606 3533 ι)
629 3446 754 3523 Unum,
773 3445 828 3529 qul
842 3444 920 3508 loco
933 3444 1077 3509 omnium
1090 3441 1151 3515 est,
1173 3442 1285 3511 testem
1297 3445 1423 3530 eppello
1437 3442 1713 3510 eminentillimum
1723 3444 1920 3512 Cerdinnlem
1932 3448 2010 3512 Bel·

643 3531 832 3603 luminum,
851 3530 907 3611 qui
919 3528 1090 3592 acerrimus
1106 3536 1180 3589 utut
1197 3526 1235 3591 lit
1246 3529 1481 3594 immunitetum
1497 3526 1772 3592 eccleficnieamn
1789 3529 1945 3604 defensor,
1961 3547 2011 3594 ta-

644 3631 720 3677 men
741 3613 774 3673 in
785 3611 839 3675 lib.
849 3631 878 3676 1.
892 3612 933 3675 de
944 3610 1056 3676 Cleric.
1071 3630 1098 3677 c.
1112 3620 1164 3684 28.
1180 3619 1260 3676 tom.
1276 3629 1305 3676 1.
1325 3622 1477 3677 controv.
1490 3631 1521 3696 5.
1537 3610 1671 3685 latetur,
1691 3610 1854 3689 Clericus,
1872 3625 2014 3696 praeter·

645 3714 740 3778 quom
758 3694 845 3774 quod
857 3693 971 3759 Clerici
986 3694 1065 3770 fint,
1100 3690 1162 3755 elle
1181 3694 1278 3758 etiem
1291 3698 1382 3760 cives
1397 3692 1431 3759 dc
1447 3707 1551 3778 pettee
1570 3694 1720 3775 quendem
1744 3693 1833 3778 Reip.
1849 3696 2033 3778 politiones
2151 3731 2157 3755 t

644 3777 723 3841 ltine
740 3785 808 3837 nod
822 3788 973 3842 exemtos
987 3774 1049 3841 elle
1066 3774 1208 3839 Clericoc
1228 3778 1297 3841 ullo
1323 3777 1422 3841 modo
1434 3779 1473 3840 cb
1494 3777 1693 3859 obligatione
1713 3777 1822 3862 legum
1846 3777 2013 3851 civilium,

647 3859 868 3924 exemtionem
884 3860 1081 3925 clericorum
1098 3860 1131 3922 iu
1144 3859 1239 3922 rebus
1276 3860 1414 3933 oliticie‚
1433 3870 1498 3922 tem
1516 3859 1622 3942 quood
1638 3857 1786 3943 personne
1797 3879 1891 3940 quom
1908 3861 2014 3942 quood

497 3951 501 3958 '
646 3943 752 4017 bona,
771 3940 842 4020 jure
856 3937 1222 4008 homnoointtodustem
1236 3880 1317 4021 elle,
1337 3942 1372 4007 de
1384 3943 1508 4008 nullum
1524 3942 1659 4027 proiecti
1674 3940 1762 4026 polle
1782 3941 1844 4007 Dei
1867 3945 2013 4026 verbum,

647 4044 714 4109 quo
731 4023 787 4093 ille
805 4028 952 4090 executio
970 4025 1189 4092 confirmetur.

1143 4210 1185 4300 t·
1228 4181 1408 4279 xxxii.
1555 4247 1558 4254 -

651 4337 696 4410 Et
734 4336 849 4414 uidem
870 4337 963 4436 quod
976 4335 1030 4434 juo
1053 4335 1204 4411 divinum
1221 4340 1357 4422 ettinet,
1390 4335 1434 4409 cd
1454 4334 1545 4433 quod
1567 4357 1658 4409 cuuto
1677 4331 1876 4411 confidentia
1892 4364 2017 4437 provo·

530 4453 630 4517 nent,
645 4361 731 4507 illul
746 4460 958 4535 nequequam
973 4440 1202 4534 patrocinatur
1215 4460 1333 4508 eorum
1348 4437 1544 4520 intentioni3
1570 4459 1789 4531 quoscunque
1804 4440 1894 4508 enim
1908 4461 2016 4509 textus
2035 4497 2045 4514 ,

530 4556 575 4608 ex
587 4554 732 4630 utroque
742 4532 910 4633 'scripture
923 4531 988 4605 live
1000 4538 1107 4606 veteri
1123 4531 1187 4608 lite
1200 4558 1287 4606 novo
1302 4528 1476 4613 adferunt,
1497 4536 1521 4604 ii
1534 4557 1650 4604 omnes
1663 4533 1738 4629 plus
1754 4534 1838 4608 nihil
1853 4533 2017 4631 probunt.

531 4654 639 4735 quem
660 4632 812 4710 elericos
832 4635 963 4709 ratione
981 4630 1066 4708 secti
1084 4628 1189 4710 officii
1207 4629 1260 4707 sui
1280 4629 1338 4709 seu
1356 4626 1532 4708 ministerii
1554 4630 1660 4712 divini
1677 4632 1719 4712 eb
1740 4637 1836 4710 omni
1852 4629 2017 4732 potestate

1908 4727 2019 4807 lacco·

681 4863 691 4905 l
