5017 5592
443 590 515 727 ur
536 642 800 722 sonorum
823 636 1526 721 accrrstnsrtco-uorastuu
1541 643 1787 730 corrues.
1813 660 1882 735 aar
1918 733 1922 740 ,

404 856 443 906 co
470 826 660 907 conciliari,
688 826 737 896 uti
759 822 799 896 ab
819 822 972 896 omnibus
996 821 1069 893 aliia
1090 819 1379 896 constitutionibus
1399 822 1619 903 ecclesiasticis
1642 831 1729 906 circa
1751 839 1884 931 negotia

400 930 602 1023 Principum
626 924 825 1019 temporalia
839 924 912 993 latis
932 921 1041 995 valide
1057 919 1088 994 dr
1105 919 1193 995 licite
1209 922 1390 997 receditur.
1404 924 1445 1019 a)
1775 939 1778 944 ·

445 1098 484 1181 a)
501 1091 628 1241 Jqseph.
648 1092 733 1158 Paul.
750 1093 789 1156 de
806 1089 942 1173 Riegger
960 1088 993 1153 in
1011 1086 1112 1156 lustit.
1134 1088 1196 1170 jur.
1219 1091 1329 1159 eccles.
1351 1100 1430 1177 part.
1452 1112 1481 1162 1.
1502 1093 1585 1161 Sest.
1603 1116 1632 1165 1.
1655 1098 1692 1167 C.
1709 1101 1740 1169 6.
1761 1102 1794 1187 ς.
1811 1124 1884 1195 393,

591 1195 660 1259 eqq.

1033 1294 1067 1381 5.
1114 1289 1262 1365 LXIX.

525 1433 707 1507 Caeterum
721 1451 820 1512 vero,
843 1428 893 1500 uti
914 1451 1058 1521 aequum
1079 1424 1142 1509 esl,
1171 1422 1347 1509 Ecclesiae,
1372 1425 1615 1522 repraesentata
1635 1432 1677 1506 iis
1699 1434 1887 1515 necesitate
2019 1455 2023 1460 '

402 1530 541 1635 Publica
562 1529 803 1625 qualicunque,
822 1550 980 1597 unacum
1003 1528 1108 1596 Laicis
1131 1524 1172 1594 nd
1194 1526 1361 1596 aerarium
1385 1523 1556 1621 publicum
1577 1533 1814 1618 contribuere,
1839 1543 1885 1612 ita

406 1634 511 1707 etiam
525 1627 648 1724 julium
666 1626 729 1707 eil,
747 1630 781 1697 in
801 1622 995 1715 colligendis
1013 1623 1105 1695 hisce
1130 1621 1431 1694 contributionibus
1454 1647 1589 1699 omnem
1612 1654 1651 1703 er
1672 1658 1767 1728 parte
1789 1639 1888 1706 Prind

407 1730 496 1826 cipis
514 1724 617 1799 abesse
632 1729 698 1797 vim
716 1724 748 1795 dr
767 1719 993 1804 coaslinnem,
1015 1744 1115 1817 atque
1130 1720 1227 1802 binc,
1254 1724 1412 1816 quoniam
1427 1716 1517 1795 facili
1533 1727 1635 1799 morlo
1657 1729 1761 1826 posset
1775 1737 1885 1806 eveni-

404 1853 463 1908 re,
485 1849 523 1897 ut
539 1850 601 1920 per
616 1820 802 1898 exasiiones
819 1818 1021 1891 tributorum
1039 1842 1184 1910 congrua
1207 1814 1437 1890 ministrorum
1455 1817 1662 1911 suslcotatio,
1685 1854 1770 1925 quae
1785 1834 1825 1902 iis
1844 1858 1885 1918 ex

404 1921 630 2023 ipsojampm
646 1925 729 2018 Jure
747 1921 872 1988 Divino
892 1915 976 1988 salva
992 1912 1055 1989 else
1069 1915 1189 1997 debet,
1215 1917 1488 2000 imminueretur,
1509 1920 1758 2010 laedereturve,
1779 1932 1885 2004 amica
2028 1941 2031 1945 ’

405 2026 506 2122 priua
526 2021 745 2093 conventione
760 2041 836 2087 cum
851 2000 1002 2087 Ecclesia
1021 2010 1098 2110 ipsis
1116 2011 1215 2111 super
1231 2015 1414 2110 quantitate
1430 2014 1463 2087 dr
1477 2012 1604 2091 summa
1629 2024 1888 2101 contribuendo.

407 2143 487 2195 rum
503 2116 711 2189 trailandum
727 2112 773 2186 esl
788 2137 886 2210 atque
904 2108 1152 2209 paciscendum,
1170 2136 1234 2207 qua
1251 2108 1351 2184 semel
1367 2136 1639 2212 contentamque
1655 2120 1885 2211 determinata,

405 2216 480 2315 ipsa
501 2215 621 2287 deinde
637 2213 822 2285 sleurarum
836 2205 990 2283 collesiio
1013 2233 1079 2279 non
1094 2206 1139 2278 esi
1162 2206 1359 2281 insliruenda
1372 2234 1434 2306 per
1454 2207 1625 2286 Officiales
1641 2220 1815 2316 Principis,
1828 2223 1885 2298 sed
1909 2271 1912 2276 .

435 2311 570 2386 u'oniam
592 2309 753 2384 Ecclefiae
769 2309 808 2381 ab
830 2311 922 2379 omni
944 2305 1185 2404 Jurisdisiionc
1206 2304 1367 2380 saeculari
1383 2332 1530 2380 etemtac
1543 2310 1641 2402 sunt,
1669 2340 1767 2391 curae
1785 2344 1886 2417 atque

406 2342 623 2488 sollicitudini
646 2408 889 2506 Episcoporum
912 2403 1150 2477 committenda
1163 2401 1220 2476 esi.
1274 2409 1338 2477 Cui
1361 2406 1512 2478 alterutri
1527 2405 1625 2503 siquis
1641 2415 1799 2512 Princeps
1815 2428 1884 2491 lm.

368 2585 371 2592 ,
407 2512 499 2609 perii
514 2510 758 2580 contraveniret
768 2555 779 2602 ,Ι
793 2508 844 2576 via
860 2499 940 2575 fasli
957 2501 1081 2599 absque
1096 2504 1187 2574 omni
1205 2501 1280 2596 jure
1292 2502 1476 2600 procedere
1490 2507 1670 2580 censendus
1684 2508 1770 2595 essct,
1787 2516 1886 2590 adeo·

405 2607 654 2780 qntqpquerplaq
663 2603 895 2772 mandgtorum
911 2605 944 2675 S.
955 2604 995 2674 C.
1010 2604 1045 2673 in
1062 2599 1223 2675 alterutro
1240 2598 1397 2700 suprema
1419 2603 1560 2701 lmperii
1580 2606 1717 2704 Judieio
1741 2609 1884 2711 desuper

406 2733 421 2782 a
475 2729 566 2779 rtuen
593 2728 630 2776 ac
657 2726 737 2776 ocus
780 2721 903 2777 aretur.

1063 2800 1096 2889 a.
1145 2796 1268 2870 LXX.

529 2940 642 3029 Atque
656 2934 741 3005 banc
757 2930 861 3029 ipsam
881 2931 1045 3003 rationem
1069 2926 1298 3027 antiquislimis
1319 2929 1470 3027 jamdum
1493 2934 1703 3033 temporibus
1725 2942 1811 3015 circa
1825 2942 1885 3020 bo·

406 3058 532 3109 norum
555 3029 844 3104 ecclebaslicorum
867 3026 1134 3102 collesiationem
1151 3026 1244 3100 fuisse
1262 3028 1489 3124 observatam,
1513 3036 1644 3107 annales
1667 3042 1808 3134 Imperii
1827 3068 1886 3116 no·

408 3132 470 3205 slri
492 3129 676 3212 testantur}
701 3131 885 3201 cumcuim
908 3131 977 3198 Rex
1001 3130 1207 3197 Francorum
1232 3129 1371 3200 Carolus
1389 3130 1567 3201 Marcellus
1593 3133 1633 3203 ad
1657 3136 1885 3234 depellendos,

412 3229 537 3326 quibus
558 3226 701 3298 obsessus
715 3250 786 3297 erar
800 3233 818 3304 ,'
830 3222 938 3293 ballea
954 3271 964 3303 ,
990 3221 1074 3290 bona
1092 3222 1309 3293 Ecclcbarum
1325 3224 1483 3298 invasisset
1497 3276 1505 3308 ,
1532 3228 1615 3299 adeo
1630 3256 1667 3302 ut
1682 3259 1795 3306 earum
1814 3243 1887 3317 Mi·;

408 3324 522 3400 nislria
539 3351 579 3396 ne
604 3320 796 3396 sufficientia
818 3319 954 3414 quidem
971 3317 1048 3388 inde
1065 3318 1218 3387 alimenta
1239 3318 1477 3401 remanfilsenr,
1498 3346 1614 3413 graves
1638 3327 1780 3426 desuper
1804 3356 1887 3429 que.

409 3426 502 3498 celae
523 3423 563 3494 ab
585 3419 734 3492 Ecclcsris
749 3415 821 3489 sunt
839 3440 965 3497 motae,
987 3439 1095 3510 neque
1110 3419 1204 3510 prius
1229 3412 1374 3511 sopitae,
1395 3414 1453 3487 nist
1471 3440 1606 3490 mortuo
1629 3425 1737 3515 Rege,
1763 3427 1820 3499 ubi
1835 3433 1887 3502 ni·
1918 3426 1921 3430 ’

410 3525 538 3595 mirum
554 3519 625 3614 ejus
641 3519 719 3589 Filii
736 3519 898 3611 Pippinus
915 3512 947 3583 dr
970 3514 1234 3583 carolomannus
1250 3516 1285 3583 in
1303 3513 1462 3585 Conciliis
1484 3518 1666 3611 Liptinenfi
1681 3524 1719 3614 a)
1746 3521 1888 3600 &sugit

409 3615 548 3693 sionensr
562 3618 601 3711 i)
624 3641 700 3686 cum
722 3609 879 3686 universis
900 3614 1004 3703 Regni
1028 3608 1178 3681 Ecclesiis
1203 3607 1343 3707 ipsoque
1365 3615 1403 3685 P.
1418 3616 1471 3686 M.
1492 3615 1653 3688 Zacharia
1675 3616 1775 3715 super
1796 3648 1888 3699 certa

410 3714 699 3791 contributionum
722 3714 904 3808 quantitate
926 3732 1175 3800 transegerunt,
1208 3733 1308 3804 quam
1329 3734 1481 3782 normam
1505 3715 1606 3784 etiam
1629 3718 1786 3789 Carnium
1813 3721 1887 3793 Cal·

409 3839 493 3888 vum
510 3814 725 3908 reliquosque
740 3813 847 3900 Reges
861 3812 1067 3878 Francorum
1084 3810 1117 3876 in
1133 3805 1345 3877 colleslandis
1363 3807 1457 3878 bonis
1472 3808 1691 3884 ecclesiaslicis
1710 3816 1802 3888 nullo
1816 3844 1885 3891 non

411 3934 569 4007 tempore
594 3906 721 3980 secutos
742 3905 803 3978 esse
821 3903 955 3977 tellatur
976 3900 1156 3975 Thomass.
1173 3902 1214 3974 de
1237 3927 1303 3978 vet.
1324 3905 1358 3978 dr
1381 3931 1459 3982 nov.
1485 3910 1574 3980 Eccl.
1598 3912 1736 4008 Discipl.
1749 3937 1835 4009 part.
1853 3941 1888 4004 3.
1921 3903 1931 3910 ”

409 4014 452 4082 L.
475 4035 505 4079 2.
525 4012 564 4079 C.
585 4033 639 4095 5²·
657 4006 688 4077 dr
704 4004 796 4102 seqq.

531 4141 730 4233 Quanquam
747 4135 829 4230 quid
848 4129 972 4206 necesse
989 4129 1051 4216 esi,
1071 4131 1111 4205 ad
1130 4158 1283 4230 tempora
1298 4139 1480 4210 remotiora
1495 4139 1624 4221 redire,
1643 4165 1718 4213 cum
1736 4146 1887 4242 exempla

409 4238 601 4312 recentiora
627 4233 833 4329 suppetant?
859 4229 1032 4312 Consulat,
1062 4236 1116 4303 cui
1142 4236 1264 4328 volupe
1287 4235 1358 4315 est,
1386 4235 1458 4308 alla
1485 4242 1708 4311 Comitiorum
1730 4243 1770 4312 de
1794 4250 1888 4317 annis

415 4359 522 4426 ¹47¹·
543 4358 646 4421 1500.
669 4357 770 4420 1512.
797 4346 898 4424 ¹54²·
921 4354 1024 4418 1544·
1041 4328 1073 4400 d·
1090 4327 1130 4400 stc
1176 4357 1273 4410 orto,
1300 4331 1422 4404 videbit
1438 4333 1501 4415 ibi,
1521 4337 1561 4405 ad
1584 4341 1781 4421 Saracenos,
1798 4347 1889 4415 Tur.

412 4455 490 4513 eas,
509 4429 659 4525 aliosque
674 4430 706 4499 d<
723 4428 881 4498 Ecclesiae
898 4428 929 4498 dr
946 4429 1086 4593 imperii
1101 4356 1208 4499 hodes
1226 4428 1455 4522 profligendos
1472 4430 1627 4504 Ecclcsras
1642 4438 1889 4533 earumquebo·
2004 4457 2008 4462 '

410 4556 453 4602 na
468 4529 552 4600 adeo
569 4527 691 4598 dotalia
706 4528 745 4596 ad
761 4521 916 4597 colleslas
934 4524 1001 4618 pub
1017 4528 1100 4605 icas,
1122 4526 1261 4619 perinde
1277 4552 1313 4598 ac
1330 4531 1465 4614 Laicos,
1485 4527 1539 4607 sed
1562 4557 1629 4607 non
1644 4534 1708 4607 alia
1721 4540 1820 4608 etiam
1837 4559 1888 4606 ra·

406 4632 522 4713 tione,
545 4650 644 4723 quam
658 4620 847 4722 praedisia,
869 4619 963 4700 suisle
983 4620 1162 4721 pertraila.
1368 4709 1373 4719 1

449 4733 453 4742 ’
1167 4729 1355 4815 Oooog
1632 4731 1635 4736 “
1700 4777 1709 4794 ,,
1754 4734 1890 4820 a)c,1,
