5017 5592
513 633 831 762 nnnoouon
847 629 1752 732 Justuntnsrctncnnttonnznme.
1817 642 1891 737 aa,
1980 675 1983 684 ·

411 814 532 892 ilatum
548 814 735 913 quallionic
751 818 783 887 in
799 817 936 888 modum
955 814 1172 912 problematis
1186 812 1408 899 illustremus,
1432 841 1472 888 an
1494 817 1703 918 &quatenus
1718 818 1887 917 opinionis
2021 828 2026 837 “

411 921 589 1014 uttiutque
604 913 819 989 fundamenta
835 917 886 992 vel
903 911 1069 989 asserendo
1084 914 1260 990 videantur
1275 917 1327 989 vel
1338 914 1537 1015 respuenda.

1070 1166 1108 1252 ὃ.
1159 1164 1215 1241 11.

414 1320 717 1427 Definitiones,
757 1317 984 1415 axiomata,
1019 1315 1289 1428 hypotheses,
1318 1344 1420 1429 quas
1446 1321 1645 1435 systemati
1670 1320 1890 1411 amortizass

786 1475 791 1481 ·
951 1432 1062 1504 tionis
1089 1431 1351 1506 substernimus.

529 1593 582 1667 Ut
603 1617 732 1673 autem,
758 1615 823 1688 qua
838 1589 879 1664 de
902 1614 938 1661 re
958 1584 1105 1685 suscepto
1129 1583 1166 1659 sit
1189 1583 1247 1658 isla
1271 1586 1511 1671 controversia,
1540 1588 1665 1664 constet
1683 1589 1888 1686 legentibus.

411 1690 618 1793 praefigimus
634 1692 856 1761 Theoremati
873 1687 985 1760 nollro
1000 1688 1166 1784 principia
1181 1686 1333 1783 quaedam
1351 1687 1391 1758 alt
1405 1688 1611 1761 Orthodoaia
1626 1715 1759 1787 recepta
1777 1689 1809 1762 dr
1827 1691 1889 1786 hy·

412 1789 585 1890 potheses‚
612 1815 685 1884 quae
707 1790 815 1858 lucem
839 1785 1012 1858 offundere
1034 1782 1151 1881 pollint
1172 1782 1362 1881 questioni,
1386 1784 1419 1857 dr
1439 1786 1702 1860 moderationem
1722 1788 1890 1882 quandum

411 1914 450 1960 ac
465 1892 662 1983 temperiem
679 1887 857 1956 concilient
877 1882 1040 1956 sententia:
1063 1880 1199 1963 uostrae,
1219 1906 1258 1953 ut
1274 1883 1383 1979 palam
1403 1881 1480 1965 fiat,
1506 1881 1645 1980 systema
1664 1888 1890 1959 amortizatio·

409 1984 463 2057 nis
473 2037 482 2072 ‚
508 1986 605 2082 quale
620 2011 637 2056 a
653 1984 747 2054 nobis
761 1978 929 2067 asseritur,
955 1977 1105 2075 prodesse
1121 1977 1288 2063 laeetana,
1314 1982 1413 2078 Reip.
1429 2005 1495 2052 nou
1509 1978 1629 2055 obesse.

525 2116 605 2190 Def.
623 2123 651 2190 l.
702 2128 837 2189 Manui
854 2136 972 2187 mortua
988 2115 1109 2186 dicitur
1127 2124 1238 2210 Corpus
1250 2116 1305 2205 seu
1323 2119 1483 2210 Collegium
1496 2116 1562 2200 five
1574 2117 1695 2207 sactum
1702 2120 1775 2209 five
1784 2119 1888 2214 prose·

409 2242 499 2300 num,
531 2222 610 2313 quod
633 2220 773 2287 bonitum
799 2216 841 2314 est
863 2239 968 2308 capax.
1017 2212 1128 2283 Fluxit
1150 2238 1188 2285 er
1209 2237 1250 2283 eo
1267 2214 1386 2284 modua
1402 2211 1461 2283 ille
1476 2213 1652 2307 loquendi,
1677 2216 1784 2310 quod,
1808 2239 1888 2289 eum

411 2319 568 2413 Corpora
582 2312 639 2385 isla
655 2311 775 2385 fundos
793 2308 891 2384 semel
908 2334 1021 2403 partos
1038 2311 1069 2382 dt
1088 2308 1262 2405 acquisitos
1284 2309 1411 2383 nonnisi
1432 2335 1519 2403 aegre
1543 2309 1575 2382 dt
1598 2335 1672 2384 cum
1691 2310 1887 2387 solennitate

410 2413 522 2486 denuo
537 2414 680 2485 alienent
696 2411 729 2484 dr
746 2414 779 2482 in
796 2413 1035 2481 commercium
1057 2409 1155 2480 civile
1177 2411 1364 2494 remittant,
1399 2412 1575 2482 imitentur
1596 2435 1714 2483 manua
1731 2431 1885 2495 mortuas.

410 2537 485 2611 quae
507 2513 674 2608 accipiunt
690 2510 840 2606 quidvis,
866 2508 1010 2579 reddunt
1026 2506 1122 2581 nihil.

527 2639 608 2714 Des.
626 2646 670 2712 11.
721 2644 943 2713 Amortizatio
961 2639 1006 2713 cll
1016 2642 1153 2732 facultas
1168 2642 1339 2732 acquirendi
1352 2641 1426 2710 bona
1440 2642 1601 2712 immobilia
1617 2644 1728 2734 corpori
1741 2643 1885 2734 ejusmodi
1986 2725 1993 2738 ¹
2095 2695 2100 2706 .

400 2766 429 2826 ‚a
445 2746 584 2833 Principe
598 2739 736 2828 toncrffa.
785 2741 988 2811 Facultatem
1007 2735 1098 2809 illam
1114 2733 1272 2809 illustriss.
1294 2737 1488 2819 Caranon,
1515 2737 1642 2812 Glettle
1659 2739 1721 2811 dic.
1745 2742 1885 2813 omnino

406 2842 537 2935 requiri
555 2836 670 2907 volunt
683 2836 723 2905 nd
738 2836 880 2908 validam
899 2838 1132 2909 alienationem
1148 2835 1314 2905 bonorum
1330 2831 1493 2905 stabilium
1510 2838 1543 2906 in
1562 2834 1719 2909 Ecclesiae
1737 2836 1800 2908 dte.
1824 2836 1884 2911 ubi

407 2936 517 3036 probe
541 2928 721 3005 notandum
746 2938 827 3026 Legi
852 2937 1112 3013 amortizationis
1135 2931 1420 3030 amphibologiam
1444 2934 1609 3029 quandam
1633 2930 1760 3030 aspergi
1782 2959 1820 3006 ex
1836 2934 1885 3007 di·

408 3032 505 3106 terso
523 3030 580 3103 usu
600 3031 697 3125 hujus
713 3036 813 3106 vocis.
851 3035 884 3106 si
903 3036 990 3104 enim
1006 3039 1057 3105 lex
1071 3036 1314 3109 amortizaticnis
1330 3031 1418 3100 idem
1434 3028 1542 3107 sonet,
1561 3032 1651 3129 quod
1667 3032 1886 3130 privilegium

409 3128 561 3203 Ecclefiis
579 3154 595 3197 a
613 3134 765 3224 Principe
778 3128 981 3216 concellum¹
998 3154 1035 3200 ut
1051 3134 1223 3220 acquirere
1238 3129 1368 3201 valeant
1384 3123 1505 3204 fundos
1522 3128 1753 3202 &immobilia
1769 3130 1885 3203 vendi·

411 3223 522 3310 tione,
547 3225 759 3305 testamento,
786 3227 895 3315 legato
910 3226 972 3295 dcc.
990 3251 1057 3294 non
1072 3225 1135 3304 est,
1161 3223 1267 3294 curse
1283 3225 1652 3319 opponantCanonislae
1669 3252 1744 3297 cum
1763 3219 1886 3300 Theu-
1911 3231 1923 3245 '

384 3331 389 3338 ’
410 3328 516 3417 logis,
541 3328 599 3421 qui
611 3326 702 3394 omni
719 3346 838 3392 conatu
853 3322 935 3391 laone
952 3321 1058 3413 legem
1076 3342 1226 3399 tuentur,
1256 3319 1288 3389 dr
1307 3344 1370 3388 una
1385 3343 1460 3389 cum
1476 3320 1552 3412 jure
1567 3325 1708 3393 civitatis
1727 3322 1791 3393 hoc
1814 3327 1886 3419 pri·

409 3425 570 3515 vilegium
587 3426 619 3491 in
633 3417 789 3492 Ecclefias
807 3413 1007 3489 transfusum
1025 3417 1159 3498 volunt,
1185 3438 1221 3486 ut
1235 3415 1318 3486 adeo
1332 3440 1419 3488 novo
1434 3414 1608 3497 consensu,
1628 3443 1712 3488 nova
1724 3413 1883 3504 facultate
1968 3497 1970 3501 ,

409 3522 576 3613 Principis
591 3519 629 3588 ad
645 3518 678 3588 id
693 3541 796 3609 genus
812 3515 1041 3589 venditionum
1056 3515 1117 3586 dic.
1134 3537 1218 3609 opus
1235 3539 1300 3585 non
1318 3509 1365 3583 stt.
1413 3515 1469 3583 Sin
1486 3535 1596 3586 autem
1611 3520 1884 3593 lexamortizetit·

408 3625 457 3695 nis
473 3615 667 3690 definiatur:
692 3620 875 3696 Statutum,
903 3617 934 3687 vi
951 3615 1043 3708 cujus
1060 3611 1177 3686 subditi
1195 3608 1407 3704 Magistratus
1423 3611 1554 3687 Politici
1576 3610 1799 3707 prohibentur
1815 3610 1884 3690 sine

408 3712 565 3791 consensu
590 3716 751 3807 Principis
774 3713 918 3783 alienare
933 3716 965 3783 in
989 3708 1144 3783 Ecclesiae
1167 3709 1252 3779 bona
1269 3706 1411 3788 llabilia,
1440 3731 1530 3802 patet
1553 3708 1612 3781 hac
1630 3715 1693 3803 lege
1709 3714 1885 3800 amortiza-

407 3818 508 3889 tionis
532 3818 724 3905 privilegium
744 3807 1005 3881 amortizationii
1027 3808 1078 3879 vel
1104 3807 1175 3878 tolli
1191 3807 1243 3878 vel
1265 3804 1414 3899 ejusdem
1438 3806 1530 3885 ulum
1554 3804 1707 3898 restringi
1733 3832 1769 3878 ac
1784 3805 1883 3882 reddi

365 3907 367 3912 ’
408 3907 591 3984 difficilem.
642 3915 741 3979 Certe
764 3912 851 3978 enim
875 3909 1090 4004 privilegium
1112 3906 1235 3976 deterit
1254 3929 1291 3974 ac
1312 3906 1450 3982 minuit,
1477 3906 1622 3997 quiine
1645 3906 1702 3974 illu
1717 3900 1815 3999 pollio
1830 3906 1882 3980 uti
1983 3955 1988 3964 .

404 4009 474 4088 ΕΜ
488 4033 575 4080 '¹⁰⁹⁰
591 4006 787 4102 Psllllessl⁰i
813 4029 901 4078 vetat
916 4007 949 4077 dt
963 4004 1114 4101 impedit.
1171 4004 1358 4074 Atteximus
1373 4000 1395 4071 lt
1423 3999 1575 4094 potheses
1589 4001 1767 4097 quasdam,
1780 3999 1881 4102 supra
1998 4001 2000 4006 '

404 4131 489 4209 quaa
505 4102 668 4177 exstruere
687 4100 790 4175 solent
805 4099 1017 4178 Ecclefiaslici
1033 4095 1258 4175 defensionem
1274 4095 1376 4174 causac
1392 4025 1476 4182 dae,
1493 4097 1551 4174 ubi
1565 4100 1606 4173 de
1622 4100 1686 4174 hoc
1701 4123 1883 4198 tegumen!

404 4229 443 4281 to
460 4204 720 4277 amortizatiunis
739 4204 858 4295 agitur.
1867 4244 1870 4250 .

522 4334 731 4433 Hypothesta
751 4340 777 4410 1.
828 4333 966 4423 Ecclefie
979 4334 1014 4406 ld
1028 4352 1148 4426 torpere
1163 4329 1252 4420 ficeta
1269 4330 1454 4421 facultatem
1476 4333 1648 4420 acquirendi
1671 4334 1746 4404 bona
1759 4334 1879 4420 stabilia

402 4438 534 4512 habuere
548 4443 635 4515 olim,
660 4456 831 4526 quacunque
847 4434 967 4499 demam
982 4431 1083 4497 titulo.
1133 4423 1199 4522 lpfi
1216 4423 1406 4496 Adversarii
1428 4428 1562 4519 egregie
1580 4426 1777 4502 confirmant
1793 4431 1880 4516 hanc
1984 4499 1988 4506 .

402 4530 625 4631 hypothesim
651 4539 779 4628 quippe
793 4523 944 4598 Ecoleliae
961 4549 1026 4595 non
1049 4524 1145 4594 aliter
1160 4520 1200 4591 ad
1220 4546 1298 4593 eum
1320 4521 1340 4590 s
1360 4522 1549 4607 lendorem‚
1575 4533 1759 4624 potentiam
1777 4553 1813 4598 ac
1830 4529 1881 4601 di·

400 4636 502 4715 vitias
519 4625 655 4700 fuerunt
674 4627 815 4714 eiecta,
839 4620 899 4700 nisi
913 4621 1136 4720 acquirend03
1164 4642 1200 4687 ac
1213 4610 1315 4712 prose
1349 4616 1879 4726 osidernomnemsuperat.1m·

374 4749 378 4753 ·
456 4720 658 4807 TonusV.
1145 4717 1268 4792 ⁵⁸⁸⁸
1785 4741 1881 4820 perat
