<?xml version="1.0" encoding="UTF-8"?>
<!DOCTYPE html PUBLIC "-//W3C//DTD XHTML 1.0 Transitional//EN"
    "http://www.w3.org/TR/xhtml1/DTD/xhtml1-transitional.dtd">
<html xmlns="http://www.w3.org/1999/xhtml" xml:lang="en" lang="en">
 <head>
  <title>
</title>
<meta http-equiv="Content-Type" content="text/html;charset=utf-8" />
  <meta name='ocr-system' content='tesseract 3.04.00' />
  <meta name='ocr-capabilities' content='ocr_page ocr_carea ocr_par ocr_line ocrx_word'/>
</head>
<body>
  <div class='ocr_page' id='page_1' title='image "./thesavrvsivrise01schmgoog_0244.png"; bbox 0 0 5017 5592; ppageno 0'>
   <div class='ocr_carea' id='block_1_1' title="bbox 535 576 1926 727">
    <p class='ocr_par' dir='ltr' id='par_1_1' title="bbox 535 576 1926 727">
     <span class='ocr_line' id='line_1_1' title="bbox 535 576 1926 727; baseline -0.009 -23"><span class='ocrx_word' id='word_1_1' title='bbox 535 621 604 705; x_wconf 81' lang='lat' dir='ltr'>ut:</span> <span class='ocrx_word' id='word_1_2' title='bbox 635 576 902 702; x_wconf 72' lang='lat' dir='ltr'>camnnao</span> <span class='ocrx_word' id='word_1_3' title='bbox 930 618 1301 699; x_wconf 82' lang='lat' dir='ltr'>antmanmnnm</span> <span class='ocrx_word' id='word_1_4' title='bbox 1329 615 1536 702; x_wconf 78' lang='lat' dir='ltr'>rancun</span> <span class='ocrx_word' id='word_1_5' title='bbox 1566 627 1705 724; x_wconf 79' lang='lat' dir='ltr'>Jnnt.</span> <span class='ocrx_word' id='word_1_6' title='bbox 1809 595 1877 727; x_wconf 68' lang='lat'>2&#39;3,</span> <span class='ocrx_word' id='word_1_7' title='bbox 1923 683 1926 692; x_wconf 90' lang='lat'><em>.</em></span> 
     </span>
    </p>
   </div>
   <div class='ocr_carea' id='block_1_2' title="bbox 462 791 2016 1304">
    <p class='ocr_par' dir='ltr' id='par_1_2' title="bbox 517 791 1883 893">
     <span class='ocr_line' id='line_1_2' title="bbox 517 791 1883 893; baseline -0.001 -19"><span class='ocrx_word' id='word_1_8' title='bbox 517 826 592 876; x_wconf 81' lang='lat' dir='ltr'>men</span> <span class='ocrx_word' id='word_1_9' title='bbox 602 817 770 870; x_wconf 76' lang='lat' dir='ltr'>ocrnmte</span> <span class='ocrx_word' id='word_1_10' title='bbox 784 796 1001 868; x_wconf 62' lang='lat' dir='ltr'>observatam,</span> <span class='ocrx_word' id='word_1_11' title='bbox 1043 791 1128 866; x_wconf 86' lang='lat' dir='ltr'>Illud</span> <span class='ocrx_word' id='word_1_12' title='bbox 1143 803 1316 877; x_wconf 77' lang='lat' dir='ltr'>videlieet,</span> <span class='ocrx_word' id='word_1_13' title='bbox 1345 801 1563 887; x_wconf 80' lang='lat' dir='ltr'>lifigniliratn</span> <span class='ocrx_word' id='word_1_14' title='bbox 1584 805 1883 893; x_wconf 71' lang='lat' dir='ltr'>strictiotiarcipiu·</span> 
     </span>
    </p>

    <p class='ocr_par' dir='ltr' id='par_1_3' title="bbox 462 880 2016 1304">
     <span class='ocr_line' id='line_1_3' title="bbox 462 880 1882 969; baseline 0.003 -17"><span class='ocrx_word' id='word_1_15' title='bbox 462 961 465 968; x_wconf 27' lang='lat'>¹</span> <span class='ocrx_word' id='word_1_16' title='bbox 518 903 587 960; x_wconf 84' lang='lat' dir='ltr'>tur,</span> <span class='ocrx_word' id='word_1_17' title='bbox 609 885 749 952; x_wconf 78' lang='lat' dir='ltr'>consistit</span> <span class='ocrx_word' id='word_1_18' title='bbox 770 887 802 950; x_wconf 88' lang='lat' dir='ltr'>in</span> <span class='ocrx_word' id='word_1_19' title='bbox 823 887 894 968; x_wconf 86' lang='lat' dir='ltr'>jure</span> <span class='ocrx_word' id='word_1_20' title='bbox 918 880 1098 966; x_wconf 73' lang='lat' dir='ltr'>defigocadi</span> <span class='ocrx_word' id='word_1_21' title='bbox 1117 884 1292 969; x_wconf 72' lang='lat' dir='ltr'>subjectum</span> <span class='ocrx_word' id='word_1_22' title='bbox 1312 885 1417 952; x_wconf 86' lang='lat' dir='ltr'>habile</span> <span class='ocrx_word' id='word_1_23' title='bbox 1438 889 1476 950; x_wconf 87' lang='lat' dir='ltr'>td</span> <span class='ocrx_word' id='word_1_24' title='bbox 1496 890 1682 954; x_wconf 85' lang='lat' dir='ltr'>beneficium</span> <span class='ocrx_word' id='word_1_25' title='bbox 1700 890 1882 956; x_wconf 81' lang='lat' dir='ltr'>ecclelialii·</span> 
     </span>
     <span class='ocr_line' id='line_1_4' title="bbox 516 966 2016 1051; baseline 0.001 -14"><span class='ocrx_word' id='word_1_26' title='bbox 516 990 608 1037; x_wconf 87' lang='lat' dir='ltr'>eum:</span> <span class='ocrx_word' id='word_1_27' title='bbox 630 971 696 1033; x_wconf 90' lang='lat' dir='ltr'>hoc</span> <span class='ocrx_word' id='word_1_28' title='bbox 716 970 921 1051; x_wconf 85' lang='lat' dir='ltr'>veroinjute</span> <span class='ocrx_word' id='word_1_29' title='bbox 939 966 1102 1049; x_wconf 80' lang='lat' dir='ltr'>personant</span> <span class='ocrx_word' id='word_1_30' title='bbox 1121 970 1317 1033; x_wconf 79' lang='lat' dir='ltr'>nominatum</span> <span class='ocrx_word' id='word_1_31' title='bbox 1337 968 1495 1034; x_wconf 86' lang='lat' dir='ltr'>Collttntl</span> <span class='ocrx_word' id='word_1_32' title='bbox 1517 972 1680 1036; x_wconf 78' lang='lat' dir='ltr'>ordinario</span> <span class='ocrx_word' id='word_1_33' title='bbox 1698 972 1882 1049; x_wconf 85' lang='lat' dir='ltr'>exhibendi,</span> <span class='ocrx_word' id='word_1_34' title='bbox 1955 989 1961 998; x_wconf 86' lang='lat'><strong>·</strong></span> <span class='ocrx_word' id='word_1_35' title='bbox 2010 971 2016 986; x_wconf 89' lang='lat'>&#39;</span> 
     </span>
     <span class='ocr_line' id='line_1_5' title="bbox 516 1045 1882 1140; baseline 0.002 -22"><span class='ocrx_word' id='word_1_36' title='bbox 516 1068 552 1118; x_wconf 92' lang='lat' dir='ltr'>ut</span> <span class='ocrx_word' id='word_1_37' title='bbox 574 1056 676 1140; x_wconf 75' lang='lat' dir='ltr'>ejdem</span> <span class='ocrx_word' id='word_1_38' title='bbox 696 1050 884 1116; x_wconf 85' lang='lat' dir='ltr'>beneficium</span> <span class='ocrx_word' id='word_1_39' title='bbox 908 1045 1100 1114; x_wconf 84' lang='lat' dir='ltr'>conletatur.</span> <span class='ocrx_word' id='word_1_40' title='bbox 1141 1048 1204 1114; x_wconf 86' lang='lat' dir='ltr'>Sed</span> <span class='ocrx_word' id='word_1_41' title='bbox 1224 1072 1321 1134; x_wconf 89' lang='lat' dir='ltr'>quum</span> <span class='ocrx_word' id='word_1_42' title='bbox 1340 1054 1411 1117; x_wconf 84' lang='lat' dir='ltr'>haec</span> <span class='ocrx_word' id='word_1_43' title='bbox 1429 1052 1604 1119; x_wconf 75' lang='lat' dir='ltr'>differentia</span> <span class='ocrx_word' id='word_1_44' title='bbox 1625 1056 1664 1117; x_wconf 81' lang='lat' dir='ltr'>ad</span> <span class='ocrx_word' id='word_1_45' title='bbox 1684 1057 1882 1138; x_wconf 79' lang='lat' dir='ltr'>propositum</span> 
     </span>
     <span class='ocr_line' id='line_1_6' title="bbox 515 1124 1882 1220; baseline 0.002 -20"><span class='ocrx_word' id='word_1_46' title='bbox 515 1137 656 1200; x_wconf 87' lang='lat' dir='ltr'>nostrum</span> <span class='ocrx_word' id='word_1_47' title='bbox 675 1155 783 1218; x_wconf 84' lang='lat' dir='ltr'>parum</span> <span class='ocrx_word' id='word_1_48' title='bbox 804 1148 858 1197; x_wconf 82' lang='lat' dir='ltr'>aut</span> <span class='ocrx_word' id='word_1_49' title='bbox 873 1134 951 1198; x_wconf 82' lang='lat' dir='ltr'>nihil</span> <span class='ocrx_word' id='word_1_50' title='bbox 969 1130 1084 1202; x_wconf 78' lang='lat' dir='ltr'>iaciat,</span> <span class='ocrx_word' id='word_1_51' title='bbox 1106 1124 1158 1213; x_wconf 73' lang='lat' dir='ltr'>lua</span> <span class='ocrx_word' id='word_1_52' title='bbox 1181 1134 1386 1215; x_wconf 84' lang='lat' dir='ltr'>praesentaudi</span> <span class='ocrx_word' id='word_1_53' title='bbox 1408 1136 1442 1199; x_wconf 69' lang='lat' dir='ltr'>dt</span> <span class='ocrx_word' id='word_1_54' title='bbox 1462 1138 1645 1201; x_wconf 88' lang='lat' dir='ltr'>nominandi</span> <span class='ocrx_word' id='word_1_55' title='bbox 1666 1132 1720 1202; x_wconf 88' lang='lat' dir='ltr'>sub</span> <span class='ocrx_word' id='word_1_56' title='bbox 1741 1139 1882 1220; x_wconf 79' lang='lat' dir='ltr'>genettli</span> 
     </span>
     <span class='ocr_line' id='line_1_7' title="bbox 515 1213 1224 1304; baseline -0.004 -20"><span class='ocrx_word' id='word_1_57' title='bbox 515 1217 694 1304; x_wconf 79' lang='lat' dir='ltr'>fignificttu</span> <span class='ocrx_word' id='word_1_58' title='bbox 709 1215 1039 1301; x_wconf 84' lang='lat' dir='ltr'>comprehendendum</span> <span class='ocrx_word' id='word_1_59' title='bbox 1060 1213 1224 1282; x_wconf 78' lang='lat' dir='ltr'>duximus.</span> 
     </span>
    </p>
   </div>
   <div class='ocr_carea' id='block_1_3' title="bbox 1066 1402 1223 1501">
    <p class='ocr_par' dir='ltr' id='par_1_4' title="bbox 1066 1402 1223 1501">
     <span class='ocr_line' id='line_1_8' title="bbox 1066 1402 1223 1501; baseline 0 -20"><span class='ocrx_word' id='word_1_60' title='bbox 1066 1404 1100 1501; x_wconf 79' lang='grc' dir='ltr'>ς.</span> <span class='ocrx_word' id='word_1_61' title='bbox 1150 1402 1223 1482; x_wconf 84' lang='lat' dir='ltr'>vt.</span> 
     </span>
    </p>
   </div>
   <div class='ocr_carea' id='block_1_4' title="bbox 412 1533 2037 2327">
    <p class='ocr_par' dir='ltr' id='par_1_5' title="bbox 412 1533 2037 2327">
     <span class='ocr_line' id='line_1_9' title="bbox 516 1533 2037 1641; baseline 0.003 -23"><span class='ocrx_word' id='word_1_62' title='bbox 516 1538 740 1625; x_wconf 77' lang='lat' dir='ltr'>Beneficium,</span> <span class='ocrx_word' id='word_1_63' title='bbox 764 1536 879 1640; x_wconf 84' lang='lat' dir='ltr'>quudli</span> <span class='ocrx_word' id='word_1_64' title='bbox 895 1542 980 1614; x_wconf 79' lang='lat' dir='ltr'>vela</span> <span class='ocrx_word' id='word_1_65' title='bbox 997 1537 1090 1613; x_wconf 90' lang='lat' dir='ltr'>nullo</span> <span class='ocrx_word' id='word_1_66' title='bbox 1107 1541 1157 1614; x_wconf 85' lang='lat' dir='ltr'>vel</span> <span class='ocrx_word' id='word_1_67' title='bbox 1176 1567 1241 1613; x_wconf 89' lang='lat' dir='ltr'>non</span> <span class='ocrx_word' id='word_1_68' title='bbox 1254 1537 1331 1635; x_wconf 82' lang='lat' dir='ltr'>jure</span> <span class='ocrx_word' id='word_1_69' title='bbox 1353 1533 1553 1637; x_wconf 81' lang='lat' dir='ltr'>poliiderur,</span> <span class='ocrx_word' id='word_1_70' title='bbox 1573 1569 1689 1618; x_wconf 81' lang='lat' dir='ltr'>vacans</span> <span class='ocrx_word' id='word_1_71' title='bbox 1706 1571 1871 1641; x_wconf 75' lang='lat' dir='ltr'>nuncupa</span> <span class='ocrx_word' id='word_1_72' title='bbox 1906 1555 2037 1634; x_wconf 83' lang='lat' dir='ltr'>Quotu-</span> 
     </span>
     <span class='ocr_line' id='line_1_10' title="bbox 414 1636 1971 1741; baseline -0.003 -25"><span class='ocrx_word' id='word_1_73' title='bbox 414 1667 469 1716; x_wconf 80' lang='lat' dir='ltr'>nt.</span> <span class='ocrx_word' id='word_1_74' title='bbox 519 1648 690 1741; x_wconf 79' lang='lat' dir='ltr'>Quoniam</span> <span class='ocrx_word' id='word_1_75' title='bbox 704 1646 817 1736; x_wconf 90' lang='lat' dir='ltr'>itaque</span> <span class='ocrx_word' id='word_1_76' title='bbox 840 1637 997 1711; x_wconf 85' lang='lat' dir='ltr'>benefitia</span> <span class='ocrx_word' id='word_1_77' title='bbox 1013 1642 1102 1713; x_wconf 82' lang='lat' dir='ltr'>inter</span> <span class='ocrx_word' id='word_1_78' title='bbox 1143 1640 1232 1711; x_wconf 82' lang='lat' dir='ltr'>luces</span> <span class='ocrx_word' id='word_1_79' title='bbox 1248 1636 1397 1709; x_wconf 80' lang='lat' dir='ltr'>dilitiltui</span> <span class='ocrx_word' id='word_1_80' title='bbox 1417 1666 1607 1737; x_wconf 82' lang='lat' dir='ltr'>nequeunt,</span> <span class='ocrx_word' id='word_1_81' title='bbox 1628 1642 1724 1715; x_wconf 83' lang='lat' dir='ltr'>salvia</span> <span class='ocrx_word' id='word_1_82' title='bbox 1743 1640 1971 1739; x_wconf 73' lang='lat' dir='ltr'>legibusnlex.</span> 
     </span>
     <span class='ocr_line' id='line_1_11' title="bbox 413 1666 1874 1840; baseline 0 -25"><span class='ocrx_word' id='word_1_83' title='bbox 413 1742 476 1815; x_wconf 85' lang='lat' dir='ltr'>lieri</span> <span class='ocrx_word' id='word_1_84' title='bbox 492 1767 559 1815; x_wconf 89' lang='lat' dir='ltr'>uun</span> <span class='ocrx_word' id='word_1_85' title='bbox 573 1743 717 1838; x_wconf 87' lang='lat' dir='ltr'>poterit,</span> <span class='ocrx_word' id='word_1_86' title='bbox 737 1762 775 1810; x_wconf 89' lang='lat' dir='ltr'>ur</span> <span class='ocrx_word' id='word_1_87' title='bbox 789 1740 865 1835; x_wconf 84' lang='lat' dir='ltr'>quit</span> <span class='ocrx_word' id='word_1_88' title='bbox 879 1738 919 1807; x_wconf 80' lang='lat' dir='ltr'>td</span> <span class='ocrx_word' id='word_1_89' title='bbox 939 1734 1104 1809; x_wconf 77' lang='lat' dir='ltr'>allualetn</span> <span class='ocrx_word' id='word_1_90' title='bbox 1118 1666 1277 1809; x_wconf 68' lang='lat' dir='ltr'>laneficii</span> <span class='ocrx_word' id='word_1_91' title='bbox 1298 1731 1524 1833; x_wconf 83' lang='lat' dir='ltr'>poliellionem</span> <span class='ocrx_word' id='word_1_92' title='bbox 1550 1738 1795 1840; x_wconf 77' lang='lat' dir='ltr'>adipiscendam</span> <span class='ocrx_word' id='word_1_93' title='bbox 1816 1770 1874 1815; x_wconf 89' lang='lat' dir='ltr'>no·</span> 
     </span>
     <span class='ocr_line' id='line_1_12' title="bbox 413 1833 1878 1938; baseline 0.003 -27"><span class='ocrx_word' id='word_1_94' title='bbox 413 1844 569 1921; x_wconf 78' lang='lat' dir='ltr'>minetur,</span> <span class='ocrx_word' id='word_1_95' title='bbox 583 1835 641 1914; x_wconf 88' lang='lat' dir='ltr'>nist</span> <span class='ocrx_word' id='word_1_96' title='bbox 656 1836 741 1908; x_wconf 92' lang='lat' dir='ltr'>illud</span> <span class='ocrx_word' id='word_1_97' title='bbox 756 1833 794 1906; x_wconf 81' lang='lat' dir='ltr'>fit</span> <span class='ocrx_word' id='word_1_98' title='bbox 810 1855 944 1907; x_wconf 74' lang='lat' dir='ltr'>uacant:</span> <span class='ocrx_word' id='word_1_99' title='bbox 961 1834 1050 1908; x_wconf 83' lang='lat' dir='ltr'>nulla</span> <span class='ocrx_word' id='word_1_100' title='bbox 1067 1856 1176 1907; x_wconf 87' lang='lat' dir='ltr'>tamen</span> <span class='ocrx_word' id='word_1_101' title='bbox 1194 1838 1324 1906; x_wconf 84' lang='lat' dir='ltr'>rationo</span> <span class='ocrx_word' id='word_1_102' title='bbox 1334 1837 1506 1932; x_wconf 82' lang='lat' dir='ltr'>implicat,</span> <span class='ocrx_word' id='word_1_103' title='bbox 1518 1861 1555 1910; x_wconf 91' lang='lat' dir='ltr'>ut</span> <span class='ocrx_word' id='word_1_104' title='bbox 1569 1841 1701 1911; x_wconf 86' lang='lat' dir='ltr'>cuidant</span> <span class='ocrx_word' id='word_1_105' title='bbox 1717 1837 1791 1938; x_wconf 77' lang='lat' dir='ltr'>sper</span> <span class='ocrx_word' id='word_1_106' title='bbox 1804 1866 1878 1914; x_wconf 88' lang='lat' dir='ltr'>tuu-</span> 
     </span>
     <span class='ocr_line' id='line_1_13' title="bbox 412 1926 1877 2031; baseline 0.001 -22"><span class='ocrx_word' id='word_1_107' title='bbox 412 1941 490 2010; x_wconf 84' lang='lat' dir='ltr'>utria</span> <span class='ocrx_word' id='word_1_108' title='bbox 501 1932 718 2011; x_wconf 68' lang='lat' dir='ltr'>:ecclesiastici</span> <span class='ocrx_word' id='word_1_109' title='bbox 735 1932 883 2004; x_wconf 89' lang='lat' dir='ltr'>nondum</span> <span class='ocrx_word' id='word_1_110' title='bbox 901 1935 1046 2004; x_wconf 78' lang='lat' dir='ltr'>rectoria</span> <span class='ocrx_word' id='word_1_111' title='bbox 1063 1936 1282 2030; x_wconf 81' lang='lat' dir='ltr'>promittatur</span> <span class='ocrx_word' id='word_1_112' title='bbox 1296 1934 1332 2003; x_wconf 90' lang='lat' dir='ltr'>in</span> <span class='ocrx_word' id='word_1_113' title='bbox 1345 1926 1474 2015; x_wconf 81' lang='lat' dir='ltr'>calunt,</span> <span class='ocrx_word' id='word_1_114' title='bbox 1489 1960 1559 2031; x_wconf 88' lang='lat' dir='ltr'>quo</span> <span class='ocrx_word' id='word_1_115' title='bbox 1575 1933 1773 2010; x_wconf 81' lang='lat' dir='ltr'>beneficium</span> <span class='ocrx_word' id='word_1_116' title='bbox 1787 1965 1877 2012; x_wconf 84' lang='lat' dir='ltr'>vaca·</span> 
     </span>
     <span class='ocr_line' id='line_1_14' title="bbox 413 2028 1877 2130; baseline 0.001 -22"><span class='ocrx_word' id='word_1_117' title='bbox 413 2040 499 2109; x_wconf 85' lang='lat' dir='ltr'>ttrit.</span> <span class='ocrx_word' id='word_1_118' title='bbox 547 2041 661 2130; x_wconf 78' lang='lat' dir='ltr'>Atque</span> <span class='ocrx_word' id='word_1_119' title='bbox 677 2055 751 2103; x_wconf 86' lang='lat' dir='ltr'>eant</span> <span class='ocrx_word' id='word_1_120' title='bbox 764 2030 808 2102; x_wconf 92' lang='lat' dir='ltr'>ob</span> <span class='ocrx_word' id='word_1_121' title='bbox 822 2028 950 2102; x_wconf 84' lang='lat' dir='ltr'>causant</span> <span class='ocrx_word' id='word_1_122' title='bbox 966 2033 1194 2102; x_wconf 76' lang='lat' dir='ltr'>nominetioin</span> <span class='ocrx_word' id='word_1_123' title='bbox 1210 2030 1365 2102; x_wconf 62' lang='lat' dir='ltr'>rentem&amp;</span> <span class='ocrx_word' id='word_1_124' title='bbox 1387 2038 1582 2104; x_wconf 81' lang='lat' dir='ltr'>eventualem</span> <span class='ocrx_word' id='word_1_125' title='bbox 1597 2033 1767 2109; x_wconf 81' lang='lat' dir='ltr'>dividitur.</span> <span class='ocrx_word' id='word_1_126' title='bbox 1799 2047 1877 2109; x_wconf 73' lang='lat' dir='ltr'>Rea·</span> 
     </span>
     <span class='ocr_line' id='line_1_15' title="bbox 413 2124 1877 2229; baseline -0.001 -24"><span class='ocrx_word' id='word_1_127' title='bbox 413 2129 520 2213; x_wconf 74' lang='lat' dir='ltr'>mest,</span> <span class='ocrx_word' id='word_1_128' title='bbox 537 2156 601 2229; x_wconf 87' lang='lat' dir='ltr'>per</span> <span class='ocrx_word' id='word_1_129' title='bbox 615 2154 716 2229; x_wconf 88' lang='lat' dir='ltr'>quarn</span> <span class='ocrx_word' id='word_1_130' title='bbox 730 2131 805 2226; x_wconf 82' lang='lat' dir='ltr'>quia</span> <span class='ocrx_word' id='word_1_131' title='bbox 821 2126 861 2199; x_wconf 87' lang='lat' dir='ltr'>ad</span> <span class='ocrx_word' id='word_1_132' title='bbox 877 2124 1076 2200; x_wconf 81' lang='lat' dir='ltr'>beneficium</span> <span class='ocrx_word' id='word_1_133' title='bbox 1094 2152 1213 2200; x_wconf 77' lang='lat' dir='ltr'>racana</span> <span class='ocrx_word' id='word_1_134' title='bbox 1230 2126 1451 2200; x_wconf 82' lang='lat' dir='ltr'>obtinendum</span> <span class='ocrx_word' id='word_1_135' title='bbox 1466 2128 1673 2224; x_wconf 86' lang='lat' dir='ltr'>delignatur;</span> <span class='ocrx_word' id='word_1_136' title='bbox 1692 2143 1877 2215; x_wconf 77' lang='lat' dir='ltr'>euentualts,</span> 
     </span>
     <span class='ocr_line' id='line_1_16' title="bbox 414 2221 1878 2327; baseline 0.001 -26"><span class='ocrx_word' id='word_1_137' title='bbox 414 2255 473 2327; x_wconf 70' lang='lat' dir='ltr'>qut</span> <span class='ocrx_word' id='word_1_138' title='bbox 487 2253 569 2308; x_wconf 80' lang='lat' dir='ltr'>turn</span> <span class='ocrx_word' id='word_1_139' title='bbox 585 2229 741 2300; x_wconf 74' lang='lat' dir='ltr'>duntaxat</span> <span class='ocrx_word' id='word_1_140' title='bbox 755 2228 790 2296; x_wconf 89' lang='lat' dir='ltr'>in</span> <span class='ocrx_word' id='word_1_141' title='bbox 805 2222 915 2298; x_wconf 82' lang='lat' dir='ltr'>cusum</span> <span class='ocrx_word' id='word_1_142' title='bbox 931 2228 1114 2320; x_wconf 83' lang='lat' dir='ltr'>contingit,</span> <span class='ocrx_word' id='word_1_143' title='bbox 1134 2248 1171 2297; x_wconf 91' lang='lat' dir='ltr'>ut</span> <span class='ocrx_word' id='word_1_144' title='bbox 1184 2226 1261 2319; x_wconf 85' lang='lat' dir='ltr'>quis</span> <span class='ocrx_word' id='word_1_145' title='bbox 1283 2221 1480 2299; x_wconf 80' lang='lat' dir='ltr'>beneficium</span> <span class='ocrx_word' id='word_1_146' title='bbox 1501 2229 1649 2302; x_wconf 87' lang='lat' dir='ltr'>nundum</span> <span class='ocrx_word' id='word_1_147' title='bbox 1671 2256 1786 2303; x_wconf 84' lang='lat' dir='ltr'>uacant</span> <span class='ocrx_word' id='word_1_148' title='bbox 1812 2233 1878 2303; x_wconf 84' lang='lat' dir='ltr'>adi·</span> 
     </span>
    </p>
   </div>
   <div class='ocr_carea' id='block_1_5' title="bbox 413 2323 806 2423">
    <p class='ocr_par' dir='ltr' id='par_1_6' title="bbox 413 2323 806 2423">
     <span class='ocr_line' id='line_1_17' title="bbox 413 2323 806 2423; baseline -0.015 -23"><span class='ocrx_word' id='word_1_149' title='bbox 413 2326 564 2423; x_wconf 82' lang='lat' dir='ltr'>plicatur,</span> <span class='ocrx_word' id='word_1_150' title='bbox 590 2323 613 2397; x_wconf 79' lang='lat' dir='ltr'>fi</span> <span class='ocrx_word' id='word_1_151' title='bbox 631 2329 806 2399; x_wconf 78' lang='lat' dir='ltr'>vacaverit.</span> 
     </span>
    </p>
   </div>
   <div class='ocr_carea' id='block_1_6' title="bbox 441 2448 1877 2790">
    <p class='ocr_par' dir='ltr' id='par_1_7' title="bbox 441 2448 1877 2542">
     <span class='ocr_line' id='line_1_18' title="bbox 441 2448 1877 2542; baseline 0 -17"><span class='ocrx_word' id='word_1_152' title='bbox 441 2459 542 2532; x_wconf 85' lang='lat' dir='ltr'>coll.</span> <span class='ocrx_word' id='word_1_153' title='bbox 573 2456 609 2521; x_wconf 90' lang='lat' dir='ltr'>lu</span> <span class='ocrx_word' id='word_1_154' title='bbox 626 2456 693 2521; x_wconf 82' lang='lat' dir='ltr'>&#39;ute</span> <span class='ocrx_word' id='word_1_155' title='bbox 706 2457 805 2539; x_wconf 79' lang='lat' dir='ltr'>igitur</span> <span class='ocrx_word' id='word_1_156' title='bbox 816 2453 1000 2518; x_wconf 81' lang='lat' dir='ltr'>nominandi</span> <span class='ocrx_word' id='word_1_157' title='bbox 1021 2448 1237 2535; x_wconf 74' lang='lat' dir='ltr'>distinguenda</span> <span class='ocrx_word' id='word_1_158' title='bbox 1251 2473 1271 2538; x_wconf 80' lang='lat'>⁸.</span> <span class='ocrx_word' id='word_1_159' title='bbox 1285 2453 1315 2517; x_wconf 90' lang='lat' dir='ltr'>l&#39;e</span> <span class='ocrx_word' id='word_1_160' title='bbox 1330 2455 1467 2519; x_wconf 83' lang='lat' dir='ltr'>invinent</span> <span class='ocrx_word' id='word_1_161' title='bbox 1488 2454 1557 2519; x_wconf 89' lang='lat' dir='ltr'>suut</span> <span class='ocrx_word' id='word_1_162' title='bbox 1569 2454 1620 2539; x_wconf 78' lang='lat' dir='ltr'>juo</span> <span class='ocrx_word' id='word_1_163' title='bbox 1646 2457 1825 2542; x_wconf 81' lang='lat' dir='ltr'>designtudi</span> <span class='ocrx_word' id='word_1_164' title='bbox 1838 2463 1877 2526; x_wconf 86' lang='lat' dir='ltr'>td</span> 
     </span>
    </p>

    <p class='ocr_par' dir='ltr' id='par_1_8' title="bbox 536 2535 1876 2624">
     <span class='ocr_line' id='line_1_19' title="bbox 536 2535 1876 2624; baseline 0.003 -21"><span class='ocrx_word' id='word_1_165' title='bbox 536 2538 617 2624; x_wconf 74' lang='lat' dir='ltr'>olle⁸</span> <span class='ocrx_word' id='word_1_166' title='bbox 640 2558 734 2602; x_wconf 82' lang='lat' dir='ltr'>onena</span> <span class='ocrx_word' id='word_1_167' title='bbox 752 2536 899 2601; x_wconf 77' lang='lat' dir='ltr'>beneficii</span> <span class='ocrx_word' id='word_1_168' title='bbox 915 2540 1059 2600; x_wconf 77' lang='lat' dir='ltr'>vacantia</span> <span class='ocrx_word' id='word_1_169' title='bbox 1079 2537 1304 2609; x_wconf 78' lang='lat' dir='ltr'>obtinendam,</span> <span class='ocrx_word' id='word_1_170' title='bbox 1324 2535 1359 2600; x_wconf 78' lang='lat' dir='ltr'>dc</span> <span class='ocrx_word' id='word_1_171' title='bbox 1377 2537 1430 2619; x_wconf 82' lang='lat' dir='ltr'>jue</span> <span class='ocrx_word' id='word_1_172' title='bbox 1449 2542 1657 2622; x_wconf 84' lang='lat' dir='ltr'>promittendi</span> <span class='ocrx_word' id='word_1_173' title='bbox 1676 2542 1758 2621; x_wconf 82' lang='lat' dir='ltr'>specu</span> <span class='ocrx_word' id='word_1_174' title='bbox 1779 2546 1876 2608; x_wconf 85' lang='lat' dir='ltr'>bene-</span> 
     </span>
    </p>

    <p class='ocr_par' dir='ltr' id='par_1_9' title="bbox 503 2562 1877 2790">
     <span class='ocr_line' id='line_1_20' title="bbox 510 2562 1877 2707; baseline 0.001 -19"><span class='ocrx_word' id='word_1_175' title='bbox 510 2562 579 2689; x_wconf 74' lang='lat' dir='ltr'>lcii</span> <span class='ocrx_word' id='word_1_176' title='bbox 601 2622 742 2685; x_wconf 84' lang='lat' dir='ltr'>nondum</span> <span class='ocrx_word' id='word_1_177' title='bbox 762 2621 907 2683; x_wconf 81' lang='lat' dir='ltr'>vuctutit</span> <span class='ocrx_word' id='word_1_178' title='bbox 932 2637 991 2701; x_wconf 83' lang='lat' dir='ltr'>pto</span> <span class='ocrx_word' id='word_1_179' title='bbox 1010 2617 1081 2681; x_wconf 80' lang='lat' dir='ltr'>casu</span> <span class='ocrx_word' id='word_1_180' title='bbox 1103 2622 1277 2683; x_wconf 81' lang='lat' dir='ltr'>vtctntiae:</span> <span class='ocrx_word' id='word_1_181' title='bbox 1298 2623 1433 2698; x_wconf 84' lang='lat' dir='ltr'>primunt</span> <span class='ocrx_word' id='word_1_182' title='bbox 1448 2622 1564 2687; x_wconf 85' lang='lat' dir='ltr'>dicitur</span> <span class='ocrx_word' id='word_1_183' title='bbox 1581 2623 1636 2707; x_wconf 78' lang='lat' dir='ltr'>jus</span> <span class='ocrx_word' id='word_1_184' title='bbox 1652 2627 1877 2689; x_wconf 80' lang='lat' dir='ltr'>nominandit&#39;n</span> 
     </span>
     <span class='ocr_line' id='line_1_21' title="bbox 503 2699 1330 2790; baseline -0.004 -20"><span class='ocrx_word' id='word_1_185' title='bbox 503 2701 623 2790; x_wconf 72' lang='lat' dir='ltr'>specie,</span> <span class='ocrx_word' id='word_1_186' title='bbox 644 2702 812 2769; x_wconf 81' lang='lat' dir='ltr'>secuudum</span> <span class='ocrx_word' id='word_1_187' title='bbox 821 2699 877 2789; x_wconf 73' lang='lat' dir='ltr'>jus</span> <span class='ocrx_word' id='word_1_188' title='bbox 890 2700 1123 2785; x_wconf 68' lang='lat' dir='ltr'>cxsptflotiuom</span> <span class='ocrx_word' id='word_1_189' title='bbox 1143 2700 1330 2767; x_wconf 80' lang='lat' dir='ltr'>concedendi.</span> 
     </span>
    </p>
   </div>
   <div class='ocr_carea' id='block_1_7' title="bbox 1051 2872 1231 2965">
    <p class='ocr_par' dir='ltr' id='par_1_10' title="bbox 1051 2872 1231 2965">
     <span class='ocr_line' id='line_1_22' title="bbox 1051 2872 1231 2965; baseline 0.006 -17"><span class='ocrx_word' id='word_1_190' title='bbox 1051 2876 1079 2965; x_wconf 66' lang='lat' dir='ltr'>i.</span> <span class='ocrx_word' id='word_1_191' title='bbox 1131 2872 1231 2949; x_wconf 87' lang='lat' dir='ltr'>Vll.</span> 
     </span>
    </p>
   </div>
   <div class='ocr_carea' id='block_1_8' title="bbox 510 3007 2125 3118">
    <p class='ocr_par' dir='ltr' id='par_1_11' title="bbox 510 2977 2125 3118">
     <span class='ocr_line' id='line_1_23' title="bbox 510 3007 2125 3118; baseline -0.001 -39"><span class='ocrx_word' id='word_1_192' title='bbox 510 3012 576 3110; x_wconf 80' lang='lat' dir='ltr'>Jus</span> <span class='ocrx_word' id='word_1_193' title='bbox 594 3007 769 3078; x_wconf 73' lang='lat' dir='ltr'>nominanda</span> <span class='ocrx_word' id='word_1_194' title='bbox 787 3011 820 3076; x_wconf 81' lang='lat' dir='ltr'>iu</span> <span class='ocrx_word' id='word_1_195' title='bbox 842 3012 946 3097; x_wconf 76' lang='lat' dir='ltr'>regala</span> <span class='ocrx_word' id='word_1_196' title='bbox 966 3011 1085 3097; x_wconf 78' lang='lat' dir='ltr'>quidem</span> <span class='ocrx_word' id='word_1_197' title='bbox 1105 3034 1171 3079; x_wconf 73' lang='lat' dir='ltr'>cun</span> <span class='ocrx_word' id='word_1_198' title='bbox 1193 3009 1340 3112; x_wconf 77' lang='lat' dir='ltr'>ppteliaetc</span> <span class='ocrx_word' id='word_1_199' title='bbox 1363 3009 1556 3106; x_wconf 72' lang='lat' dir='ltr'>ecclefiaessicae</span> <span class='ocrx_word' id='word_1_200' title='bbox 1575 3033 1739 3082; x_wconf 77' lang='lat' dir='ltr'>connexum</span> <span class='ocrx_word' id='word_1_201' title='bbox 1752 3008 1813 3103; x_wconf 79' lang='lat' dir='ltr'>ess:</span> <span class='ocrx_word' id='word_1_202' title='bbox 1829 3012 1871 3081; x_wconf 80' lang='lat' dir='ltr'>ad</span> <span class='ocrx_word' id='word_1_203' title='bbox 1891 3027 2060 3107; x_wconf 61' lang='lat' dir='ltr'>Jugnomp,</span> <span class='ocrx_word' id='word_1_204' title='bbox 2119 3109 2125 3118; x_wconf 35' lang='grc' dir='ltr'>Ι</span> 
     </span>
    </p>
   </div>
   <div class='ocr_carea' id='block_1_9' title="bbox 414 3105 2049 3199">
    <p class='ocr_par' dir='ltr' id='par_1_12' title="bbox 414 3105 2049 3199">
     <span class='ocr_line' id='line_1_24' title="bbox 414 3105 2049 3199; baseline 0 -21"><span class='ocrx_word' id='word_1_205' title='bbox 414 3130 463 3178; x_wconf 71' lang='lat' dir='ltr'>ca</span> <span class='ocrx_word' id='word_1_206' title='bbox 477 3127 579 3198; x_wconf 73' lang='lat' dir='ltr'>rmep</span> <span class='ocrx_word' id='word_1_207' title='bbox 593 3128 640 3175; x_wconf 81' lang='lat' dir='ltr'>ru</span> <span class='ocrx_word' id='word_1_208' title='bbox 656 3121 721 3175; x_wconf 80' lang='lat' dir='ltr'>ton·</span> <span class='ocrx_word' id='word_1_209' title='bbox 729 3110 877 3196; x_wconf 83' lang='lat' dir='ltr'>pertinet,</span> <span class='ocrx_word' id='word_1_210' title='bbox 896 3127 929 3172; x_wconf 80' lang='lat' dir='ltr'>ut</span> <span class='ocrx_word' id='word_1_211' title='bbox 943 3107 979 3173; x_wconf 78' lang='lat' dir='ltr'>ab</span> <span class='ocrx_word' id='word_1_212' title='bbox 995 3109 1097 3173; x_wconf 71' lang='lat' dir='ltr'>eudem</span> <span class='ocrx_word' id='word_1_213' title='bbox 1113 3105 1244 3198; x_wconf 70' lang='lat' dir='ltr'>separari</span> <span class='ocrx_word' id='word_1_214' title='bbox 1261 3130 1403 3199; x_wconf 75' lang='lat' dir='ltr'>nequeat.</span> <span class='ocrx_word' id='word_1_215' title='bbox 1772 3187 1774 3191; x_wconf 23' lang='lat'>¹</span> <span class='ocrx_word' id='word_1_216' title='bbox 1881 3121 1971 3183; x_wconf 80' lang='lat' dir='ltr'>nandi</span> <span class='ocrx_word' id='word_1_217' title='bbox 1984 3141 2049 3185; x_wconf 79' lang='lat' dir='ltr'>non</span> 
     </span>
    </p>
   </div>
   <div class='ocr_carea' id='block_1_10' title="bbox 411 3199 2153 3433">
    <p class='ocr_par' dir='ltr' id='par_1_13' title="bbox 411 3199 2153 3433">
     <span class='ocr_line' id='line_1_25' title="bbox 515 3199 2060 3351; baseline 0.005 -43"><span class='ocrx_word' id='word_1_218' title='bbox 515 3243 579 3337; x_wconf 79' lang='lat' dir='ltr'>Jus</span> <span class='ocrx_word' id='word_1_219' title='bbox 599 3239 689 3307; x_wconf 85' lang='lat' dir='ltr'>enint</span> <span class='ocrx_word' id='word_1_220' title='bbox 716 3236 908 3331; x_wconf 83' lang='lat' dir='ltr'>expediendi</span> <span class='ocrx_word' id='word_1_221' title='bbox 933 3238 1066 3326; x_wconf 80' lang='lat' dir='ltr'>negotia</span> <span class='ocrx_word' id='word_1_222' title='bbox 1092 3236 1131 3306; x_wconf 90' lang='lat' dir='ltr'>ad</span> <span class='ocrx_word' id='word_1_223' title='bbox 1154 3235 1330 3308; x_wconf 82' lang='lat' dir='ltr'>Eccleliam</span> <span class='ocrx_word' id='word_1_224' title='bbox 1351 3240 1549 3335; x_wconf 80' lang='lat' dir='ltr'>pertinentia</span> <span class='ocrx_word' id='word_1_225' title='bbox 1570 3238 1771 3329; x_wconf 72' lang='lat' dir='ltr'>regulariter</span> <span class='ocrx_word' id='word_1_226' title='bbox 1791 3263 1865 3309; x_wconf 89' lang='lat' dir='ltr'>cum</span> <span class='ocrx_word' id='word_1_227' title='bbox 1880 3199 2060 3351; x_wconf 46' lang='grc' dir='ltr'>ξέῃέἕξξὲ</span> 
     </span>
     <span class='ocr_line' id='line_1_26' title="bbox 411 3331 2153 3433; baseline 0.006 -26"><span class='ocrx_word' id='word_1_228' title='bbox 411 3334 560 3433; x_wconf 80' lang='lat' dir='ltr'>potestate</span> <span class='ocrx_word' id='word_1_229' title='bbox 575 3332 792 3405; x_wconf 72' lang='lat' dir='ltr'>Ecclesiastico</span> <span class='ocrx_word' id='word_1_230' title='bbox 815 3360 998 3402; x_wconf 73' lang='lat' dir='ltr'>connexum</span> <span class='ocrx_word' id='word_1_231' title='bbox 1013 3331 1077 3414; x_wconf 79' lang='lat' dir='ltr'>esi,</span> <span class='ocrx_word' id='word_1_232' title='bbox 1095 3357 1132 3403; x_wconf 89' lang='lat' dir='ltr'>ur</span> <span class='ocrx_word' id='word_1_233' title='bbox 1148 3360 1209 3431; x_wconf 80' lang='lat' dir='ltr'>per</span> <span class='ocrx_word' id='word_1_234' title='bbox 1225 3334 1257 3406; x_wconf 89' lang='lat' dir='ltr'>le</span> <span class='ocrx_word' id='word_1_235' title='bbox 1274 3358 1383 3432; x_wconf 71' lang='lat' dir='ltr'>patet,</span> <span class='ocrx_word' id='word_1_236' title='bbox 1402 3360 1505 3432; x_wconf 89' lang='lat' dir='ltr'>quare</span> <span class='ocrx_word' id='word_1_237' title='bbox 1518 3361 1621 3430; x_wconf 90' lang='lat' dir='ltr'>quutn</span> <span class='ocrx_word' id='word_1_238' title='bbox 1638 3333 1795 3407; x_wconf 81' lang='lat' dir='ltr'>benefitia</span> <span class='ocrx_word' id='word_1_239' title='bbox 1809 3335 1867 3407; x_wconf 72' lang='lat' dir='ltr'>int</span> <span class='ocrx_word' id='word_1_240' title='bbox 1879 3383 1955 3425; x_wconf 68' lang='lat' dir='ltr'>,um</span> <span class='ocrx_word' id='word_1_241' title='bbox 1969 3388 2041 3431; x_wconf 69' lang='lat' dir='ltr'>cum</span> <span class='ocrx_word' id='word_1_242' title='bbox 2113 3423 2119 3432; x_wconf 63' lang='grc'><strong><em>,</em></strong></span> <span class='ocrx_word' id='word_1_243' title='bbox 2150 3413 2153 3418; x_wconf 91' lang='grc'><em>,</em></span> 
     </span>
    </p>
   </div>
   <div class='ocr_carea' id='block_1_11' title="bbox 362 3429 2044 3626">
    <p class='ocr_par' dir='ltr' id='par_1_14' title="bbox 362 3429 2044 3626">
     <span class='ocr_line' id='line_1_27' title="bbox 409 3429 2038 3530; baseline 0.004 -24"><span class='ocrx_word' id='word_1_244' title='bbox 409 3458 450 3506; x_wconf 82' lang='lat' dir='ltr'>tta</span> <span class='ocrx_word' id='word_1_245' title='bbox 468 3429 717 3511; x_wconf 77' lang='lat' dir='ltr'>Ecclefiallicae,</span> <span class='ocrx_word' id='word_1_246' title='bbox 744 3429 798 3525; x_wconf 75' lang='lat' dir='ltr'>juo</span> <span class='ocrx_word' id='word_1_247' title='bbox 820 3456 955 3526; x_wconf 90' lang='lat' dir='ltr'>quoque</span> <span class='ocrx_word' id='word_1_248' title='bbox 976 3434 1168 3504; x_wconf 87' lang='lat' dir='ltr'>nominandi</span> <span class='ocrx_word' id='word_1_249' title='bbox 1191 3438 1225 3506; x_wconf 89' lang='lat' dir='ltr'>in</span> <span class='ocrx_word' id='word_1_250' title='bbox 1250 3434 1367 3527; x_wconf 82' lang='lat' dir='ltr'>regula</span> <span class='ocrx_word' id='word_1_251' title='bbox 1387 3430 1539 3530; x_wconf 88' lang='lat' dir='ltr'>potestati</span> <span class='ocrx_word' id='word_1_252' title='bbox 1561 3431 1788 3505; x_wconf 76' lang='lat' dir='ltr'>Ecclefiallnae</span> <span class='ocrx_word' id='word_1_253' title='bbox 1812 3435 1860 3504; x_wconf 90' lang='lat' dir='ltr'>ad·</span> <span class='ocrx_word' id='word_1_254' title='bbox 1876 3446 2038 3525; x_wconf 79' lang='lat' dir='ltr'>jurecnca</span> 
     </span>
     <span class='ocr_line' id='line_1_28' title="bbox 362 3526 2044 3626; baseline -0.012 -26"><span class='ocrx_word' id='word_1_255' title='bbox 362 3581 366 3600; x_wconf 91' lang='lat'>.</span> <span class='ocrx_word' id='word_1_256' title='bbox 407 3556 515 3604; x_wconf 80' lang='lat' dir='ltr'>uerunt</span> <span class='ocrx_word' id='word_1_257' title='bbox 531 3527 615 3611; x_wconf 80' lang='lat' dir='ltr'>elle,</span> <span class='ocrx_word' id='word_1_258' title='bbox 637 3528 842 3599; x_wconf 88' lang='lat' dir='ltr'>statuendum</span> <span class='ocrx_word' id='word_1_259' title='bbox 869 3526 915 3621; x_wconf 66' lang='lat' dir='ltr'>(iv</span> <span class='ocrx_word' id='word_1_260' title='bbox 938 3526 989 3623; x_wconf 71' lang='grc' dir='ltr'>ς.)</span> <span class='ocrx_word' id='word_1_261' title='bbox 1010 3554 1040 3625; x_wconf 94' lang='lat' dir='ltr'>q.</span> <span class='ocrx_word' id='word_1_262' title='bbox 1060 3555 1088 3599; x_wconf 86' lang='lat' dir='ltr'>e.</span> <span class='ocrx_word' id='word_1_263' title='bbox 1106 3553 1141 3626; x_wconf 82' lang='lat' dir='ltr'>p,</span> <span class='ocrx_word' id='word_1_264' title='bbox 1878 3526 1958 3590; x_wconf 66' lang='lat' dir='ltr'>sacr,</span> <span class='ocrx_word' id='word_1_265' title='bbox 1972 3529 2044 3596; x_wconf 60' lang='lat' dir='ltr'>stri.</span> 
     </span>
    </p>
   </div>
   <div class='ocr_carea' id='block_1_12' title="bbox 394 3607 2119 4247">
    <p class='ocr_par' dir='ltr' id='par_1_15' title="bbox 394 3607 2119 4247">
     <span class='ocr_line' id='line_1_29' title="bbox 512 3607 2119 3757; baseline -0.001 -23"><span class='ocrx_word' id='word_1_266' title='bbox 512 3665 694 3734; x_wconf 81' lang='lat' dir='ltr'>Enimvero</span> <span class='ocrx_word' id='word_1_267' title='bbox 715 3659 855 3755; x_wconf 77' lang='lat' dir='ltr'>potelius</span> <span class='ocrx_word' id='word_1_268' title='bbox 882 3660 1098 3732; x_wconf 76' lang='lat' dir='ltr'>Ecclesiastico</span> <span class='ocrx_word' id='word_1_269' title='bbox 1121 3656 1402 3757; x_wconf 80' lang='lat' dir='ltr'>principaliter&amp;</span> <span class='ocrx_word' id='word_1_270' title='bbox 1427 3651 1638 3733; x_wconf 79' lang='lat' dir='ltr'>elienrialittr</span> <span class='ocrx_word' id='word_1_271' title='bbox 1665 3607 2036 3733; x_wconf 37' lang='lat' dir='ltr'>consideratam&amp;</span> <span class='ocrx_word' id='word_1_272' title='bbox 2115 3685 2119 3691; x_wconf 90' lang='lat'>·</span> 
     </span>
     <span class='ocr_line' id='line_1_30' title="bbox 401 3752 1867 3848; baseline -0.003 -16"><span class='ocrx_word' id='word_1_273' title='bbox 401 3756 562 3848; x_wconf 37' lang='lat' dir='ltr'>fucultate,</span> <span class='ocrx_word' id='word_1_274' title='bbox 579 3756 826 3828; x_wconf 80' lang='lat' dir='ltr'>administrandi</span> <span class='ocrx_word' id='word_1_275' title='bbox 847 3756 1064 3833; x_wconf 81' lang='lat' dir='ltr'>sacramenta.</span> <span class='ocrx_word' id='word_1_276' title='bbox 1087 3756 1244 3828; x_wconf 84' lang='lat' dir='ltr'>facultate</span> <span class='ocrx_word' id='word_1_277' title='bbox 1268 3756 1391 3846; x_wconf 83' lang='lat' dir='ltr'>ligandi</span> <span class='ocrx_word' id='word_1_278' title='bbox 1419 3752 1635 3840; x_wconf 63' lang='lat' dir='ltr'>insumendi,</span> <span class='ocrx_word' id='word_1_279' title='bbox 1654 3785 1690 3830; x_wconf 89' lang='lat' dir='ltr'>uc</span> <span class='ocrx_word' id='word_1_280' title='bbox 1713 3761 1867 3831; x_wconf 84' lang='lat' dir='ltr'>determi-</span> 
     </span>
     <span class='ocr_line' id='line_1_31' title="bbox 399 3850 1868 3954; baseline -0.002 -25"><span class='ocrx_word' id='word_1_281' title='bbox 399 3859 493 3929; x_wconf 82' lang='lat' dir='ltr'>nandi</span> <span class='ocrx_word' id='word_1_282' title='bbox 516 3854 593 3927; x_wconf 83' lang='lat' dir='ltr'>fidei</span> <span class='ocrx_word' id='word_1_283' title='bbox 616 3858 770 3946; x_wconf 83' lang='lat' dir='ltr'>dogmata</span> <span class='ocrx_word' id='word_1_284' title='bbox 787 3852 965 3924; x_wconf 81' lang='lat' dir='ltr'>ablolvitur</span> <span class='ocrx_word' id='word_1_285' title='bbox 991 3858 1037 3945; x_wconf 66' lang='lat' dir='ltr'>(i.</span> <span class='ocrx_word' id='word_1_286' title='bbox 1057 3859 1130 3944; x_wconf 72' lang='lat'>4),</span> <span class='ocrx_word' id='word_1_287' title='bbox 1157 3850 1367 3924; x_wconf 81' lang='lat' dir='ltr'>mantfellunt</span> <span class='ocrx_word' id='word_1_288' title='bbox 1390 3855 1503 3950; x_wconf 86' lang='lat' dir='ltr'>itaque</span> <span class='ocrx_word' id='word_1_289' title='bbox 1517 3854 1579 3939; x_wconf 83' lang='lat' dir='ltr'>est,</span> <span class='ocrx_word' id='word_1_290' title='bbox 1599 3859 1792 3954; x_wconf 85' lang='lat' dir='ltr'>poteliatetn</span> <span class='ocrx_word' id='word_1_291' title='bbox 1810 3860 1868 3926; x_wconf 86' lang='lat' dir='ltr'>Ec·</span> 
     </span>
     <span class='ocr_line' id='line_1_32' title="bbox 397 3949 1868 4051; baseline -0.003 -23"><span class='ocrx_word' id='word_1_292' title='bbox 397 3953 603 4028; x_wconf 82' lang='lat' dir='ltr'>cltltallicatn</span> <span class='ocrx_word' id='word_1_293' title='bbox 621 3951 829 4023; x_wconf 81' lang='lat' dir='ltr'>ellentialittr</span> <span class='ocrx_word' id='word_1_294' title='bbox 849 3975 1017 4048; x_wconf 87' lang='lat' dir='ltr'>acceptam</span> <span class='ocrx_word' id='word_1_295' title='bbox 1034 3949 1098 4025; x_wconf 80' lang='lat' dir='ltr'>siue</span> <span class='ocrx_word' id='word_1_296' title='bbox 1118 3954 1194 4047; x_wconf 83' lang='lat' dir='ltr'>jure</span> <span class='ocrx_word' id='word_1_297' title='bbox 1217 3952 1409 4023; x_wconf 87' lang='lat' dir='ltr'>nominandi</span> <span class='ocrx_word' id='word_1_298' title='bbox 1434 3957 1564 4050; x_wconf 82' lang='lat' dir='ltr'>concipi</span> <span class='ocrx_word' id='word_1_299' title='bbox 1591 3952 1696 4051; x_wconf 86' lang='lat' dir='ltr'>polle:</span> <span class='ocrx_word' id='word_1_300' title='bbox 1719 3977 1800 4045; x_wconf 85' lang='lat' dir='ltr'>ergo</span> <span class='ocrx_word' id='word_1_301' title='bbox 1813 3955 1868 4049; x_wconf 81' lang='lat' dir='ltr'>jus</span> 
     </span>
     <span class='ocr_line' id='line_1_33' title="bbox 396 4046 1871 4148; baseline 0.001 -24"><span class='ocrx_word' id='word_1_302' title='bbox 396 4051 590 4125; x_wconf 85' lang='lat' dir='ltr'>nominandi</span> <span class='ocrx_word' id='word_1_303' title='bbox 609 4050 652 4121; x_wconf 86' lang='lat' dir='ltr'>ad</span> <span class='ocrx_word' id='word_1_304' title='bbox 663 4050 718 4138; x_wconf 84' lang='lat' dir='ltr'>jua</span> <span class='ocrx_word' id='word_1_305' title='bbox 733 4056 820 4120; x_wconf 88' lang='lat' dir='ltr'>circa</span> <span class='ocrx_word' id='word_1_306' title='bbox 837 4046 925 4120; x_wconf 88' lang='lat' dir='ltr'>sacra</span> <span class='ocrx_word' id='word_1_307' title='bbox 939 4053 972 4119; x_wconf 95' lang='lat' dir='ltr'>in</span> <span class='ocrx_word' id='word_1_308' title='bbox 989 4048 1081 4121; x_wconf 87' lang='lat' dir='ltr'>sensu</span> <span class='ocrx_word' id='word_1_309' title='bbox 1098 4049 1213 4123; x_wconf 76' lang='lat' dir='ltr'>llrilio</span> <span class='ocrx_word' id='word_1_310' title='bbox 1229 4050 1374 4123; x_wconf 85' lang='lat' dir='ltr'>sumtum</span> <span class='ocrx_word' id='word_1_311' title='bbox 1389 4054 1434 4122; x_wconf 80' lang='lat' dir='ltr'>ito</span> <span class='ocrx_word' id='word_1_312' title='bbox 1449 4076 1516 4122; x_wconf 88' lang='lat' dir='ltr'>non</span> <span class='ocrx_word' id='word_1_313' title='bbox 1533 4056 1698 4148; x_wconf 82' lang='lat' dir='ltr'>pertinet,</span> <span class='ocrx_word' id='word_1_314' title='bbox 1719 4074 1757 4123; x_wconf 90' lang='lat' dir='ltr'>ut</span> <span class='ocrx_word' id='word_1_315' title='bbox 1772 4052 1813 4124; x_wconf 89' lang='lat' dir='ltr'>ab</span> <span class='ocrx_word' id='word_1_316' title='bbox 1828 4075 1871 4125; x_wconf 83' lang='lat' dir='ltr'>eo</span> 
     </span>
     <span class='ocr_line' id='line_1_34' title="bbox 394 4148 1027 4247; baseline -0.008 -24"><span class='ocrx_word' id='word_1_317' title='bbox 394 4149 541 4247; x_wconf 82' lang='lat' dir='ltr'>separari</span> <span class='ocrx_word' id='word_1_318' title='bbox 564 4148 751 4219; x_wconf 83' lang='lat' dir='ltr'>nullatenus</span> <span class='ocrx_word' id='word_1_319' title='bbox 769 4170 878 4243; x_wconf 88' lang='lat' dir='ltr'>queat.</span> <span class='ocrx_word' id='word_1_320' title='bbox 904 4172 937 4243; x_wconf 87' lang='lat' dir='ltr'>q.</span> <span class='ocrx_word' id='word_1_321' title='bbox 954 4172 982 4218; x_wconf 84' lang='lat' dir='ltr'>e.</span> <span class='ocrx_word' id='word_1_322' title='bbox 998 4172 1027 4218; x_wconf 83' lang='lat' dir='ltr'>a.</span> 
     </span>
    </p>
   </div>
   <div class='ocr_carea' id='block_1_13' title="bbox 432 4276 1871 4442">
    <p class='ocr_par' dir='ltr' id='par_1_16' title="bbox 432 4276 1871 4442">
     <span class='ocr_line' id='line_1_35' title="bbox 432 4276 1871 4362; baseline 0 -15"><span class='ocrx_word' id='word_1_323' title='bbox 432 4282 529 4347; x_wconf 88' lang='lat' dir='ltr'><strong>COR.</strong></span> <span class='ocrx_word' id='word_1_324' title='bbox 546 4276 573 4343; x_wconf 91' lang='lat' dir='ltr'>l.</span> <span class='ocrx_word' id='word_1_325' title='bbox 604 4279 666 4343; x_wconf 82' lang='lat' dir='ltr'>Sua</span> <span class='ocrx_word' id='word_1_326' title='bbox 681 4279 793 4362; x_wconf 82' lang='lat' dir='ltr'>sponte</span> <span class='ocrx_word' id='word_1_327' title='bbox 808 4280 881 4341; x_wconf 87' lang='lat' dir='ltr'>inde</span> <span class='ocrx_word' id='word_1_328' title='bbox 897 4278 1117 4359; x_wconf 86' lang='lat' dir='ltr'>consequitur,</span> <span class='ocrx_word' id='word_1_329' title='bbox 1134 4298 1151 4339; x_wconf 82' lang='lat' dir='ltr'>t</span> <span class='ocrx_word' id='word_1_330' title='bbox 1169 4277 1243 4350; x_wconf 85' lang='lat' dir='ltr'>Jure</span> <span class='ocrx_word' id='word_1_331' title='bbox 1262 4278 1445 4342; x_wconf 84' lang='lat' dir='ltr'>nominandi</span> <span class='ocrx_word' id='word_1_332' title='bbox 1462 4280 1501 4344; x_wconf 76' lang='lat' dir='ltr'>ad</span> <span class='ocrx_word' id='word_1_333' title='bbox 1521 4276 1578 4353; x_wconf 75' lang='lat' dir='ltr'>Jut</span> <span class='ocrx_word' id='word_1_334' title='bbox 1601 4280 1684 4345; x_wconf 77' lang='lat' dir='ltr'>circa</span> <span class='ocrx_word' id='word_1_335' title='bbox 1707 4280 1788 4345; x_wconf 81' lang='lat' dir='ltr'>sacra</span> <span class='ocrx_word' id='word_1_336' title='bbox 1803 4281 1871 4348; x_wconf 59' lang='lat' dir='ltr'>stria</span> 
     </span>
     <span class='ocr_line' id='line_1_36' title="bbox 508 4360 1415 4442; baseline -0.003 -17"><span class='ocrx_word' id='word_1_337' title='bbox 508 4360 558 4425; x_wconf 71' lang='lat' dir='ltr'>cie</span> <span class='ocrx_word' id='word_1_338' title='bbox 573 4360 693 4426; x_wconf 74' lang='lat' dir='ltr'>distum</span> <span class='ocrx_word' id='word_1_339' title='bbox 708 4382 773 4422; x_wconf 87' lang='lat' dir='ltr'>non</span> <span class='ocrx_word' id='word_1_340' title='bbox 787 4364 896 4424; x_wconf 78' lang='lat' dir='ltr'>valete</span> <span class='ocrx_word' id='word_1_341' title='bbox 918 4361 1176 4442; x_wconf 81' lang='lat' dir='ltr'>consequentiam</span> <span class='ocrx_word' id='word_1_342' title='bbox 1205 4387 1208 4416; x_wconf 87' lang='grc' dir='ltr'>ι</span> <span class='ocrx_word' id='word_1_343' title='bbox 1221 4363 1254 4442; x_wconf 64' lang='lat' dir='ltr'>S.</span> <span class='ocrx_word' id='word_1_344' title='bbox 1269 4382 1300 4439; x_wconf 86' lang='lat'>4.</span> <span class='ocrx_word' id='word_1_345' title='bbox 1318 4373 1415 4436; x_wconf 73' lang='lat' dir='ltr'>eom).</span> 
     </span>
    </p>
   </div>
   <div class='ocr_carea' id='block_1_14' title="bbox 428 4477 1868 4645">
    <p class='ocr_par' dir='ltr' id='par_1_17' title="bbox 428 4477 1868 4645">
     <span class='ocr_line' id='line_1_37' title="bbox 428 4477 1868 4562; baseline -0.002 -16"><span class='ocrx_word' id='word_1_346' title='bbox 428 4477 526 4546; x_wconf 84' lang='lat' dir='ltr'><strong>COR.</strong></span> <span class='ocrx_word' id='word_1_347' title='bbox 542 4477 585 4542; x_wconf 86' lang='lat'>11.</span> <span class='ocrx_word' id='word_1_348' title='bbox 614 4477 712 4541; x_wconf 76' lang='lat' dir='ltr'>Porto</span> <span class='ocrx_word' id='word_1_349' title='bbox 724 4481 798 4542; x_wconf 85' lang='lat' dir='ltr'>inde</span> <span class='ocrx_word' id='word_1_350' title='bbox 813 4478 1057 4549; x_wconf 81' lang='lat' dir='ltr'>concludimus,</span> <span class='ocrx_word' id='word_1_351' title='bbox 1077 4479 1128 4560; x_wconf 82' lang='lat' dir='ltr'>jur</span> <span class='ocrx_word' id='word_1_352' title='bbox 1146 4479 1330 4540; x_wconf 85' lang='lat' dir='ltr'>nominandi</span> <span class='ocrx_word' id='word_1_353' title='bbox 1348 4477 1461 4548; x_wconf 86' lang='lat' dir='ltr'>tlicui,</span> <span class='ocrx_word' id='word_1_354' title='bbox 1486 4478 1619 4560; x_wconf 90' lang='lat' dir='ltr'>quinon</span> <span class='ocrx_word' id='word_1_355' title='bbox 1637 4477 1730 4543; x_wconf 83' lang='lat' dir='ltr'>habet</span> <span class='ocrx_word' id='word_1_356' title='bbox 1742 4480 1793 4562; x_wconf 82' lang='lat' dir='ltr'>jus</span> <span class='ocrx_word' id='word_1_357' title='bbox 1805 4482 1868 4544; x_wconf 87' lang='lat' dir='ltr'>cir·</span> 
     </span>
     <span class='ocr_line' id='line_1_38' title="bbox 502 4560 1868 4645; baseline 0.001 -21"><span class='ocrx_word' id='word_1_358' title='bbox 502 4582 540 4624; x_wconf 85' lang='lat' dir='ltr'>ca</span> <span class='ocrx_word' id='word_1_359' title='bbox 558 4560 760 4630; x_wconf 68' lang='lat' dir='ltr'>iactantiae</span> <span class='ocrx_word' id='word_1_360' title='bbox 779 4564 914 4637; x_wconf 75' lang='lat' dir='ltr'>dicium,</span> <span class='ocrx_word' id='word_1_361' title='bbox 933 4561 988 4625; x_wconf 88' lang='lat' dir='ltr'>vel</span> <span class='ocrx_word' id='word_1_362' title='bbox 1011 4581 1054 4624; x_wconf 84' lang='lat' dir='ltr'>ex</span> <span class='ocrx_word' id='word_1_363' title='bbox 1076 4560 1278 4624; x_wconf 80' lang='lat' dir='ltr'>concelliune</span> <span class='ocrx_word' id='word_1_364' title='bbox 1296 4560 1350 4626; x_wconf 87' lang='lat' dir='ltr'>vel</span> <span class='ocrx_word' id='word_1_365' title='bbox 1370 4580 1412 4625; x_wconf 83' lang='lat' dir='ltr'>ex</span> <span class='ocrx_word' id='word_1_366' title='bbox 1436 4561 1662 4629; x_wconf 83' lang='lat' dir='ltr'>consuetudine</span> <span class='ocrx_word' id='word_1_367' title='bbox 1685 4573 1868 4645; x_wconf 79' lang='lat' dir='ltr'>competere</span> 
     </span>
    </p>
   </div>
   <div class='ocr_carea' id='block_1_15' title="bbox 500 4640 1869 4788">
    <p class='ocr_par' dir='ltr' id='par_1_18' title="bbox 500 4640 1869 4788">
     <span class='ocr_line' id='line_1_39' title="bbox 500 4640 603 4728; baseline 0.019 -20"><span class='ocrx_word' id='word_1_368' title='bbox 500 4640 603 4728; x_wconf 85' lang='lat' dir='ltr'>polle.</span> 
     </span>
     <span class='ocr_line' id='line_1_40' title="bbox 1694 4718 1869 4788; baseline 0.017 -3"><span class='ocrx_word' id='word_1_369' title='bbox 1694 4720 1787 4787; x_wconf 81' lang='lat' dir='ltr'><strong>COR.</strong></span> <span class='ocrx_word' id='word_1_370' title='bbox 1808 4718 1869 4788; x_wconf 80' lang='lat' dir='ltr'>llL</span> 
     </span>
    </p>
   </div>
   <div class='ocr_carea' id='block_1_16' title="bbox 0 0 2514 5592">
    <p class='ocr_par' dir='ltr' id='par_1_19' title="bbox 0 0 2514 5592">
     <span class='ocr_line' id='line_1_41' title="bbox 0 0 2514 5592; baseline 0 13"><span class='ocrx_word' id='word_1_371' title='bbox 0 0 2514 5592; x_wconf 95' lang='lat' dir='ltr'> </span> 
     </span>
    </p>
   </div>
  </div>
 </body>
</html>
