5017 5592
495 660 576 754 4⁶·
754 595 1096 722 uissriitiirio
1122 636 1425 715 iiisroiiico·
1447 629 1720 713 ciiuoiiicii

495 831 612 912 debat,
628 824 689 909 sic,
709 845 747 895 ut
761 816 915 918 Episcopi
937 818 971 893 dc
991 817 1135 894 Abbaies
1150 816 1215 892 sinc
1231 816 1397 891 sacrarum
1413 814 1642 898 faustianum,
1666 841 1740 913 que
1761 813 1842 915 ipsit
1857 842 1899 891 ex
1913 816 1971 893 sun
2022 889 2025 898 ,

495 925 638 1014 munere
665 919 924 996 incumbebant,
951 917 1126 1015 dispendio
1148 914 1345 1013 inspesiioni
1373 909 1715 1011 admiiiislraiionique
1746 914 2000 1014 bonorumjuq

433 1059 448 1071 ·
496 1033 656 1120 riumque
670 1042 768 1118 pares
786 1016 853 1112 jam
872 1013 1014 1114 essenon
1028 1012 1176 1111 possent,
1200 1016 1243 1088 de
1265 1011 1461 1086 assumendis
1478 1019 1678 1094 aeconomis,
1703 1038 1736 1083 in
1755 1038 1842 1110 quos
1857 1011 1982 1114 potissi,

498 1149 590 1202 mani
607 1140 736 1217 partem
754 1113 853 1210 hujus
867 1114 999 1193 oneris,
1024 1137 1061 1184 ac
1077 1113 1154 1184 dein
1172 1136 1257 1207 pene
1282 1106 1471 1184 universum
1494 1110 1688 1204 rejicerent,
1713 1115 1864 1204 cogitare
1878 1133 1982 1210 crepet

503 1243 584 1299 ruat
599 1268 609 1302 ,
623 1242 661 1290 ac
678 1212 812 1286 tandem
827 1234 932 1306 opere
949 1207 1020 1306 ipso
1034 1212 1162 1283 executi
1179 1207 1264 1285 sunt,
1316 1206 1566 1282 Constituerunt
1583 1213 1686 1299 igitur
1703 1207 1760 1280 sibi
1783 1211 1819 1282 di
1837 1215 1889 1284 rei
1903 1236 1985 1284 oeco·

472 1349 476 1360 ·
498 1321 644 1397 uomicae
695 1332 933 1389 rocuratorea,
956 1332 1040 1403 quos
1064 1303 1222 1404 Episcopi
1246 1302 1422 1378 sufficienti
1447 1310 1566 1376 notitia
1591 1306 1808 1390 imbuerunt,
1835 1333 1873 1382 ac
1894 1308 1983 1402 vigili

499 1418 600 1493 oculo
617 1337 851 1489 obsdritatunt,
872 1428 952 1476 nuin
966 1429 1005 1475 ex
1021 1401 1080 1476 suo
1095 1406 1252 1475 mandato
1268 1429 1381 1475 omnia
1405 1403 1496 1474 reble
1515 1427 1668 1494 agerent,
1694 1403 1727 1476 di
1751 1406 1837 1476 nihil
1856 1430 1980 1490 eorum,

501 1540 577 1613 que
598 1511 639 1581 ad
663 1510 842 1579 utilitatem
872 1499 1089 1572 Ecclesisrum
1113 1499 1349 1597 pertinebant,
1372 1502 1609 1592 negligerem,
1649 1505 1698 1571 Ex
1728 1502 1850 1575 ordine
1875 1525 1981 1576 tamen
2022 1563 2025 1580 .

501 1609 786 1704 Presbyterutam
803 1601 834 1672 di
851 1604 1078 1670 Diaconorum
1090 1614 1231 1688 jactura,
1255 1623 1322 1669 nott
1340 1593 1540 1669 inferiorum
1556 1598 1776 1682 clericorum,
1802 1604 1915 1674 minus
1930 1603 1980 1672 sai·

502 1709 626 1784 casium
641 1698 858 1799 personarum
878 1697 938 1767 lios
956 1719 1146 1767 (economus
1163 1694 1397 1775 extrahebant,
1421 1698 1512 1791 quud
1534 1696 1671 1789 quidem
1692 1699 1789 1767 initio
1807 1697 1981 1770 voluntatis

503 1829 595 1885 etat,
614 1797 725 1897 poslea
740 1820 821 1867 vero
844 1790 1036 1865 necessitatis
1051 1818 1089 1865 ex
1107 1816 1277 1889 precepto
1293 1790 1450 1864 effessum
1477 1789 1567 1872 suit,
1595 1792 1872 1890 quandoquidem
1885 1800 1983 1872 Cone,

430 1914 433 1922 '
505 1890 778 1979 chalcedonense
795 1915 882 1964 anno
896 1889 1019 1964 Chrisli
1035 1915 1080 1981 45
1091 1918 1121 1965 i,
1137 1916 1203 1960 aaa.
1222 1917 1275 1973 15·
1291 1892 1383 1986 juxta
1400 1890 1482 1960 alios
1504 1895 1558 1967 16.
1580 1892 1759 1973 ordinavit,

545 2032 622 2112 „Ut
635 2027 740 2092 omnis
756 2022 894 2088 Ecclesia
909 2021 1027 2086 habena
1049 2021 1240 2105 Episcopum
1253 2018 1367 2083 babeat
1382 2037 1583 2083 aeconomnm
1601 2022 1639 2082 de
1653 2020 1747 2085 Clero
1761 2023 1916 2109 proptio,
1936 2024 1987 2109 qut

621 2107 796 2192 „dispenset
810 2126 859 2170 tes
874 2104 1094 2168 ecclesiastices
1105 2105 1199 2187 juxta
1216 2105 1399 2166 sententiani
1419 2107 1536 2186 proprii
1553 2097 1711 2185 Episcopi.

622 2236 685 2303 lv.
712 2228 873 2324 Qiamsis
890 2226 1052 2295 oeconomi
1068 2218 1214 2295 officium
1229 2219 1297 2315 jam
1320 2222 1414 2291 initio
1430 2221 1596 2304 Ecclesiae,
1622 2221 1678 2293 iibi
1697 2219 1782 2295 bona
1805 2222 1988 2296 immobilia

507 2328 651 2407 necdum
665 2327 721 2397 illa
737 2322 896 2405 habebat,
923 2319 1031 2392 inusti
1050 2316 1163 2403 fuisse,
1200 2320 1232 2390 di
1256 2322 1413 2389 Diaconis
1437 2344 1505 2414 prae
1527 2321 1759 2392 Sacerdotibus
1781 2322 1931 2394 delatum
1956 2324 1988 2392 iii

509 2433 561 2503 Sa.
578 2425 760 2520 Scriptutis
777 2421 981 2493 inveniatur:
1008 2443 1083 2488 nam
1099 2425 1173 2492 Aa.
1187 2432 1216 2489 6.
1229 2409 1399 2514 Aposioli,
1427 2438 1463 2485 ut
1476 2419 1620 2487 orationi
1638 2419 1670 2488 di
1688 2414 1781 2490 serbi
1797 2419 1999 2532 divioiprv'

510 2526 670 2600 dicationi
686 2523 796 2592 minus
813 2514 969 2612 impediri
989 2512 1265 2611 aacareposseni,
1298 2533 1331 2605 7.
1345 2516 1512 2583 Diaconos
1536 2512 1651 2586 mensis
1675 2516 1708 2587 di
1729 2523 1822 2588 omni
1844 2541 1897 2589 rei
1911 2541 1993 2590 oco·

510 2625 651 2697 nomicae
674 2611 854 2714 prefecisse
874 2614 1043 2707 leguntur.
1119 2614 1219 2709 Qiod
1244 2610 1433 2706 exemplum
1457 2613 1490 2684 S.
1513 2610 1633 2706 Xyssus
1651 2617 1738 2708 Papa
1762 2613 1992 2687 l'ecutusDiro

510 2722 696 2796 Laurentio
710 2717 827 2787 iridem
843 2717 994 2783 Discono
1016 2708 1240 2781 thesauros&
1265 2732 1346 2806 opes
1367 2712 1569 2803 temporales
1594 2710 1743 2782 Ecclcfiae
1765 2709 1993 2784 administrau-

513 2820 571 2891 daa
588 2842 625 2888 ac
640 2808 870 2910 dispensandas
889 2805 1068 2889 commisi,
1094 2809 1185 2903 quod
1206 2830 1322 2877 omnes
1345 2829 1485 2885 norunt,
1520 2807 1551 2877 di
1576 2809 1772 2879 Prudentius
1795 2807 1990 2881 chrillisnut

511 2923 613 3010 podio
632 2911 772 3005 jamdiu
790 2910 959 2997 eleganter
978 2909 1107 2978 cecinit.
1156 2909 1188 2977 S,
1207 2927 1343 3000 quoque
1362 2901 1497 2974 Basilius
1520 2905 1600 2996 epist.
1623 2931 1706 2989 412.
1733 2904 1864 2987 scribit,
1904 2905 1992 3002 quod

516 3012 696 3106 Glycerius
714 3031 732 3076 a
748 3002 780 3075 se
799 2999 903 3073 fuerit
921 3008 953 3070 in
967 3004 1153 3071 Diaconum
1169 3004 1342 3072 ordinatus
1362 3025 1404 3070 eo
1426 2997 1507 3070 fine:
1532 3006 1741 3095 etpresbyteri
1759 3009 1941 3090 inserviret,
1958 3008 1993 3080 ὅ

514 3114 556 3181 ad
570 3107 734 3176 curandam
750 3124 812 3170 retia
825 3099 1044 3189 eccleſsiasticam
1066 3103 1297 3171 admoueretur,
1359 3101 1440 3170 lnde
1461 3094 1585 3169 fabium
1610 3102 1802 3180 credimus,
1843 3101 1936 3199 quod
1960 3105 1994 3173 in

514 3198 724 3280 monassetiis
739 3200 879 3290 AEgypti
898 3195 954 3265 ille
976 3196 1174 3276 monichus,
1191 3220 1292 3290 quem
1309 3192 1421 3266 abbis
1438 3199 1468 3265 di
1491 3197 1672 3290 capitulum
1688 3223 1705 3268 s
1723 3196 1996 3273 fidelibusoblare

515 3297 714 3395 accipere&
733 3290 919 3390 dispensare
930 3287 1109 3386 jusserunt,
1137 3301 1306 3371 Diatinat,
1333 3301 1548 3364 sutDiitaiiiae
1561 3298 1711 3384 praefidere
1727 3298 1917 3381 diceretur,
1939 3292 1993 3370 etsi

516 3395 654 3478 niuno
670 3388 806 3490 prorsus
820 3390 939 3463 ordine
951 3387 1123 3481 insignitus
1137 3385 1265 3473 fuisset,
1291 3389 1332 3461 de
1347 3414 1415 3485 quo
1429 3387 1594 3463 Cassianus
1612 3400 1721 3466 Cilic.
1739 3422 1797 3467 ιι.
1819 3419 1887 3487 cap.
1910 3424 1942 3470 i.

550 3607 555 3615 ,
639 3533 686 3601 V.
713 3531 791 3598 Hoc
808 3548 927 3595 munus
942 3525 1175 3595 Oeconomico
1189 3524 1379 3595 Advocatiie
1395 3522 1580 3595 labentibus
1605 3526 1698 3595 annis
1720 3524 1759 3596 ad
1777 3526 1992 3598 Archidiaco·

517 3653 581 3707 iios
599 3633 773 3725 pervenit,
798 3621 912 3693 dinon
926 3622 1058 3692 modica
1071 3617 1172 3692 officii
1196 3622 1332 3693 illorum
1356 3645 1433 3717 pars
1454 3644 1556 3704 etai,·
1585 3620 1709 3694 constat
1732 3624 1796 3694 hoc
1817 3649 1857 3696 ex
1881 3622 1989 3697 severo

518 3727 684 3822 Sulpicio,
714 3726 773 3817 qui
796 3724 912 3811 dialogo
935 3717 996 3788 ado
1011 3720 1052 3790 de
1073 3723 1104 3792 S.
1121 3722 1272 3789 Mariino
1293 3742 1551 3801 commemorat,
1581 3720 1672 3817 quod
1698 3727 1725 3791 is
1747 3722 1988 3795 Archidiacooo

401 3865 406 3874 ·
518 3824 580 3900 suo
601 3842 785 3921 pauperem
804 3811 1011 3887 seminudum
1028 3841 1064 3886 ac
1085 3811 1211 3908 stigote
1229 3820 1280 3885 viti
1296 3841 1361 3886 non
1377 3813 1530 3887 enetium
1550 3841 1588 3886 eii
1606 3842 1695 3913 penu
1715 3817 1866 3889 Ecclesioe
1879 3817 1988 3891 vestite

519 3920 730 4020 preceperit.
781 3914 932 3983 Uxorem
947 3911 1119 4003 Badegisili
1139 3912 1293 4022 Episcopi
1309 3917 1489 3985 Ceiioman.
1507 3939 1651 4007 quocum
1667 3941 1741 3985 anie
1757 3914 1986 4013 Episcopstiim

520 4025 556 4095 in
575 4011 956 4107 legitimomairimnnio
976 4012 1117 4094 viserat,
1144 4011 1214 4107 posl
1234 4035 1305 4104 ejus
1321 4033 1463 4081 mortem
1487 4009 1602 4082 relisla
1625 4011 1666 4081 ab
1689 4013 1748 4082 illo
1769 4013 1856 4085 bona
1875 4015 1918 4085 ab
1935 4021 1988 4084 ilr-

521 4114 720 4191 ehiditcono
736 4102 872 4198 exegisse
887 4129 998 4184 narrat
1013 4107 1158 4198 Gregor.
1175 4112 1340 4180 Turoni.
1362 4126 1392 4183 8.
1414 4134 1440 4179 t.
1460 4134 1517 4194 39.
1535 4112 1686 4179 omnium
1701 4108 1875 4184 clarissime
1891 4114 1924 4182 id
1939 4111 1987 4181 do·

522 4233 577 4287 eet
592 4206 774 4281 Decreialis
793 4202 937 4300 Epistola
951 4205 1110 4298 Gregorii
1131 4209 1224 4301 Papae
1249 4208 1313 4280 lll,
1334 4206 1374 4276 iid
1393 4205 1674 4279 Archidiaconum
1692 4209 1922 4283 Saloiiitiuuni
1940 4209 1988 4280 dt·

523 4331 574 4393 aa,
599 4305 656 4378 ubi
678 4309 763 4375 inter
776 4305 839 4375 alia
857 4306 920 4374 ait:

563 4420 691 4508 „Quod
702 4419 723 4481 li
736 4418 809 4497 qnid
823 4440 863 4480 ex
879 4418 926 4481 eis
942 4417 997 4482 vel
1016 4418 1232 4502 negligentia,
1254 4421 1308 4485 vel
1322 4418 1485 4504 cujusdam
1499 4420 1609 4490 sraude
1627 4426 1774 4510 deperiit,
1798 4436 1834 4488 to
1855 4421 1922 4490 hoc
1933 4439 1993 4487 tet·

639 4499 873 4666 :ziibisiiirdiiiit
884 4501 1001 4646 iapispui
1014 4522 1069 4585 pet
1084 4501 1366 4569 Archidiacouitus
1381 4510 1524 4573 ordinem
1537 4511 1688 4577 cusiodiae
1700 4511 1844 4595 ejusdem
1854 4504 1995 4573 Ecclesia

702 4683 776 4767 cap.
800 4680 851 4745 Ea
871 4695 940 4765 pita
962 4699 994 4766 3.
1020 4682 1062 4766 ξξ.
1080 4677 1116 4749 dt
1132 4680 1474 4770 offitialdtisii'iii‘aaont'·

1070 4817 1078 4832 ,
1135 4825 1141 4836 .
1805 4762 1866 4842 VI.
1890 4760 1996 4841 Omnis
