5017 5592
529 715 634 791 130-
826 751 832 768 ,
959 647 1542 763 =utssnutarto

521 825 661 951 cecilie,¹
671 865 824 941 censendi
838 862 922 941 lunt.
973 871 1057 938 Non
1079 887 1248 962 nunquam
1268 859 1465 934 Pontificum
1491 841 1670 935 amicitiam
1693 865 1889 962 expetiere,
1907 890 1930 937 u

519 966 770 1047 intercedente,
794 989 861 1037 ram
886 962 1084 1037 eiestionem
1101 962 1190 1034 suam
1215 986 1412 1041 tuerentur,
1433 984 1533 1056 quam
1562 958 1767 1033 allidenriam
1791 961 1932 1035 Pontific

521 1068 563 1138 ad
587 1089 704 1161 preces
725 1059 854 1134 facinus
879 1062 1085 1158 exequendas
1099 1063 1291 1138 baberent,
1320 1059 1353 1130 dt
1382 1060 1666 1154 quemadmodum
1686 1059 1829 1132 schisma
1852 1069 1934 1132 Aret

523 1160 622 1234 nense
646 1162 798 1231 mandata
818 1157 1039 1232 Pontificiadt
1061 1157 1298 1231 reservationes
1314 1180 1424 1247 coegit
1438 1156 1653 1252 multiplicari
1677 1161 1714 1249 a)
1742 1161 1786 1228 ita
1812 1159 1934 1240 hande

520 1257 712 1355 ‘mmm‘
727 1258 796 1426 ‘sti
817 1282 973 1425 miili
989 1250 1784 1426 lll'‘tiltt'llliz‘qli“bilbili
1804 1271 1923 1424 iiiies

519 1356 774 1528 ibreiidiniitiia:
784 1380 957 1550 idspadeni
971 1380 1180 1549 Idoiitposno,
1202 1379 1256 1546 itis
1272 1378 1375 1520 ilihoc
1394 1377 1635 1543 'primaiiarum
1655 1475 1792 1545 precum
1807 1475 1846 1523 ex
1864 1404 1933 1542 arrii

488 1563 508 1588 ³
522 1552 558 1625 dt
575 1552 758 1649 approbata
777 1548 1012 1621 consuetudine
1027 1550 1178 1620 derivare
1194 1543 1368 1643 potuiliet,
1388 1549 1437 1618 uti
1448 1569 1558 1617 tamen
1570 1544 1746 1620 manifeste
1771 1549 1934 1621 declar-n

521 1649 682 1745 diploma.
707 1651 746 1738 b)
773 1653 858 1718 Non
874 1648 979 1742 liquet
999 1647 1153 1742 quidem,
1168 1669 1285 1743 preces
1304 1639 1469 1740 ejusmodi
1487 1670 1503 1713 a
1519 1643 1721 1738 Rudoipbo,
1744 1647 1794 1717 vei
1818 1647 1859 1717 ad
1882 1671 1934 1717 om

521 1744 681 1818 Etcieiias
704 1748 921 1818 Germanicas
938 1742 999 1814 elie
1022 1742 1182 1822 direlias,
1209 1742 1260 1812 vel
1284 1742 1324 1810 ab
1343 1741 1498 1811 omnibus
1525 1741 1675 1813 Ecciefiis
1699 1740 1849 1814 admissas
1865 1793 1875 1826 ,
1894 1748 1934 1812 ni]

369 1933 371 1940 Ι
411 1870 415 1874 ·
482 1866 484 1869 ·
522 1866 633 1915 tamen
650 1847 760 1914 minus
782 1840 1005 1914 indubitatum
1022 1838 1089 1926 eil,
1115 1842 1149 1912 id
1169 1841 1255 1936 juris
1276 1862 1347 1911 turn
1375 1844 1518 1937 antiquae
1536 1838 1607 1934 jam
1629 1839 1859 1915 consuetudini
1881 1841 1934 1915 adl

523 1964 621 2039 ptum
642 1935 716 2013 eise.

562 2083 599 2151 a)
622 2066 695 2132 Vid.
709 2065 930 2132 Thomalliuos
945 2066 1027 2130 Part.
1043 2064 1085 2130 ΙΙ.
1101 2064 1174 2132 νει
1192 2061 1228 2127 dt
1244 2063 1334 2129 Nov.
1353 2064 1471 2148 discipl.
1490 2063 1558 2132 Lib.
1579 2064 1606 2132 Ι.
1626 2088 1694 2153 cap.
1714 2067 1833 2138 xilv.
1857 2071 1889 2152 §.
1910 2067 1934 2139 v

638 2148 696 2215 Vl.
714 2149 814 2233 Espen
825 2149 890 2238 Jlur.
905 2148 991 2214 Eccl.
1011 2148 1089 2213 Part.
1105 2147 1147 2213 li.
1164 2145 1491 2232 ttexx111.eap.·1.
1512 2156 1536 2232 §.
1555 2168 1606 2232 32.

562 2264 601 2347 b)
618 2265 714 2347 Apud
730 2267 984 2330 continuatorem
1003 2265 1134 2329 Abbatis
1149 2264 1365 2348 Urlpergenlis
1380 2265 1415 2330 dc
1429 2268 1511 2348 epod
1529 2265 1713 2331 Goldastum
1726 2265 1822 2331 Tum.
1835 2265 1895 2333 Ill.
1916 2266 1934 2332 i

602 2365 605 2372 ’
636 2347 734 2412 stitut.
752 2347 907 2431 Imperial.
922 2368 992 2429 pag.
1010 2351 1082 2429 406.
1102 2347 1172 2430 ejus
1187 2348 1349 2428 epistulam
1363 2352 1415 2412 vel
1428 2354 1566 2433 diploma
1583 2351 1686 2432 legere
1699 2348 1743 2414 est
1759 2352 1798 2412 de
1814 2351 1924 2429 primic

636 2432 727 2494 cibus
741 2432 778 2492 ad
792 2432 946 2510 quendam
963 2431 1114 2492 Abbatem
1128 2430 1302 2502 directum,
1322 2433 1413 2510 cujus
1435 2432 1486 2495 hic
1499 2432 1542 2495 est
1558 2443 1672 2495 tenor:
1696 2439 1716 2469 ‘⁶
1731 2452 1802 2494 cum
1814 2451 1858 2496 ear
1873 2437 1934 2496 anti

637 2512 671 2574 dt
686 2514 856 2609 approbata
870 2533 907 2609 ις
918 2511 1010 2573 Divis
1025 2513 1267 2610 imperatoribus
1283 2509 1316 2573 dt
1329 2513 1475 2613 Regibus·
1486 2515 1523 2575 ad
1550 2534 1609 2610 ηοξ
1630 2514 1781 2595 produdta
1798 2514 1932 2578 consuet

636 2591 1934 2760 didiodtimaelbliiieiicaiiididrbbtnddrrtinii)'dciiiinibo:pidb‘bioddibtdtddilddioiriaberi:

635 2773 765 2841 precum
779 2757 952 2819 nostrarum
976 2759 1091 2839 primas
1113 2758 1278 2819 admittere
1297 2768 1458 2830 teneatur,
1477 2760 1702 2822 'devotionem
1727 2775 1814 2823 tuam
1837 2780 1934 2843 rogae

638 2837 796 2920 quatenus
809 2838 882 2901 huic
895 2839 1203 2910 clericobenelicio‚
1238 2840 1324 2918 quod
1342 2841 1379 2900 ad
1395 2853 1479 2902 tuam
1497 2843 1703 2905 collationem
1721 2842 1852 2913 attinet,
1889 2845 1934 2906 ob

637 2923 812 2981 versutiam
839 2922 927 2984 Sacri
950 2920 1097 3003 imperii,
1136 2919 1260 2983 studeas
1278 2921 1447 2985 liberaliter
1468 2926 1655 3005 providere,
1674 2965 1696 2997 „
1727 2923 1935 2990 datumesta

641 2999 859 3068 ncctxxtl.

1189 3088 1218 3174 t.
1267 3083 1358 3160 xv,

637 3198 829 3269 Demorruo
849 3195 1032 3291 Rudolpho
1047 3196 1150 3268 airum
1172 3197 1218 3267 cll
1240 3197 1281 3268 de
1303 3201 1421 3296 primis
1444 3197 1600 3271 celarum
1627 3198 1781 3295 precibus
1802 3200 1835 3271 in
1852 3195 1934 3272 hille

523 3289 689 3365 liientium
712 3347 719 3374 ,
746 3292 848 3366 limile
871 3296 950 3389 quid
974 3294 1060 3364 haud
1091 3290 1315 3367 referentibus
1342 3296 1383 3368 de
1412 3298 1552 3368 Aiberto
1570 3301 1594 3366 l.
1635 3299 1795 3393 Adoipbo
1822 3295 1931 3368 Natio

523 3389 677 3463 Heniico
697 3397 772 3461 Vll.
792 3392 823 3464 dt
847 3394 1018 3463 Ludovico
1039 3396 1178 3463 Bavaro.
1229 3399 1359 3468 Verute
1381 3394 1553 3490 postquam
1579 3398 1719 3466 Carolus
1741 3401 1803 3469 lV.
1821 3397 1857 3464 in
1880 3393 1934 3465 soli

522 3491 706 3584 Imperiaie
729 3485 922 3561 sublimatus
939 3486 1002 3568 eli,
1024 3485 1166 3559 dillimiii
1184 3490 1408 3585 Rudolpbinae
1431 3487 1575 3563 formula
1598 3490 1674 3563 usus
1691 3490 1736 3562 eli
1758 3496 1792 3562 in
1812 3491 1934 3564 directi

522 3610 662 3683 precum
688 3586 819 3659 suarum
842 3589 1104 3683 primariarum,
1130 3588 1166 3678 a)
1191 3612 1266 3657 cum
1285 3591 1435 3659 mandata
1456 3589 1523 3683 jam
1548 3591 1751 3686 adjunxerit,
1773 3589 1806 3660 dt
1827 3589 1912 3662 dum

523 3684 647 3755 latores
671 3681 828 3776 refragati
851 3685 942 3764 sunt,
966 3685 1137 3754 decretum
1162 3688 1382 3755 executoriale
1400 3689 1475 3757 dein
1499 3689 1536 3756 ad
1559 3689 1693 3758 eosdem
1717 3688 1858 3758 dederit.
1884 3690 1918 3777 b)

525 3802 656 3853 ternum
682 3778 811 3852 secutus
825 3782 1015 3876 exemplum
1033 3777 1120 3850 fitius
1142 3781 1354 3852 Wencealaus
1368 3782 1443 3877 jure
1458 3781 1517 3854 iilo
1533 3811 1570 3852 ex
1594 3786 1750 3877 ampliori
1767 3782 1934 3880 potestate

523 3875 731 3957 intenderit,
758 3901 902 3972 namque
917 3886 946 3946 is
968 3875 1102 3971 insuper
1118 3879 1184 3948 boc
1197 3879 1251 3964 jus
1269 3881 1419 3975 Ruperto
1440 3881 1585 3950 Electori
1609 3884 1755 3953 Palatino
1770 3880 1845 3977 post
1863 3908 1934 3954 cort

522 3977 648 4046 tionem
678 3978 912 4049 Germanicam
940 3977 1141 4066 Aquisgrani
1165 3974 1334 4069 persidam
1361 4002 1421 4069 per
1441 3979 1612 4059 dioceses,
1634 3978 1821 4077 Spircniem
1845 3979 1880 4051 dt
1903 3986 1934 4050 li

524 4073 717 4143 macienscm
745 4072 848 4143 iibere
874 4070 1092 4141 exercendum
1111 4072 1150 4142 de
1177 4097 1262 4140 anno
1286 4073 1615 4164 1376.c0ncetierat.
1640 4101 1671 4151 ct
1699 4081 1745 4146 Ex
1772 4077 1834 4148 boc
1860 4075 1934 4175 ipso

524 4168 671 4261 plumare
690 4167 777 4239 facili
801 4174 936 4259 negorio
954 4171 1083 4237 eruitur
1101 4172 1124 4235 l.
1151 4170 1382 4239 chceslaum
1406 4198 1471 4240 non
1488 4172 1591 4243 iulum
1617 4200 1677 4269 per
1695 4175 1726 4244 l'e
1747 4176 1778 4244 td
1797 4175 1883 4264 juris
1909 4201 1934 4246 e:

523 4287 617 4340 cere,
641 4265 694 4335 scd
711 4267 742 4335 dt
759 4270 829 4335 aliis
851 4267 959 4360 quoad
976 4290 1082 4333 certos
1107 4265 1256 4335 dioecescs
1278 4270 1459 4340 concedere
1477 4268 1610 4340 votuisse
1626 4276 1669 4360 ll,
1697 4269 1889 4367 persuasum
1905 4269 1934 4343 ft

493 4391 504 4404 ⁴
523 4361 651 4440 erdem,
675 4388 710 4431 ac
727 4360 801 4442 sibi,
818 4390 881 4431 una
900 4371 970 4434 vice
990 4365 1118 4433 ratione
1133 4368 1358 4434 coronationis
1383 4367 1662 4460 Aquisgraneniis'
1683 4373 1715 4438 in
1733 4361 1861 4461 Regem
1879 4373 1932 4443 Ro

523 4482 665 4539 norum,
683 4458 785 4527 altera
804 4466 930 4528 ratione
951 4464 1173 4531 coronationis
1191 4464 1373 4552 imperialis
1400 4466 1576 4554 primarias
1592 4491 1708 4561 preces
1729 4469 1931 4563 porrigere!

523 4578 592 4625 ret:
616 4558 648 4622 in
663 4580 731 4649 quo
750 4561 796 4626 lll
826 4580 965 4647 apparet
989 4581 1183 4627 attentatum
1209 4558 1356 4631 Eccieliis
1378 4564 1589 4634 Germanicis
1613 4590 1678 4634 non
1701 4589 1820 4659 parum
1843 4567 1934 4660 praejr

522 4650 665 4726 ciosum:
689 4676 721 4725 ar
736 4677 811 4725 cum
828 4678 985 4725 coronam
1006 4656 1213 4750 imperialem
1243 4681 1310 4736 non
1334 4657 1530 4760 susciperet,
1553 4685 1696 4760 propter
1718 4665 1934 4759 temporumi

1920 4784 1934 4833 t
