5017 5592
618 613 679 706 Ὀ
831 653 903 732 oa
924 654 1224 736 iiovocnris
1244 657 1649 758 ecciesiasricts.
1892 699 1987 776 4„-

485 825 615 908 torum
631 830 840 932 populorum
853 836 943 930 leges
960 835 1139 921 haberent,
1161 840 1194 913 dt
1213 843 1289 916 ideo
1308 848 1477 918 neminem
1494 843 1542 918 sui
1560 843 1832 926 Defensoremdt
1854 854 1968 930 ildro·
2052 877 2059 892 ·

485 955 591 1020 ntum
610 936 763 1031 reperire
786 932 976 1033 potuissent.
1028 936 1160 1037 Qiibtis
1184 945 1358 1040 patienter
1380 945 1502 1018 rodida
1523 942 1743 1044 pientillimus
1764 951 1967 1049 Imperator,

485 1027 653 1104 'eserente
666 1032 786 1107 eodem
803 1032 977 1117 coenobita,

512 1137 650 1232 Caristia
670 1164 856 1234 adversariis
878 1167 993 1232 nostris
1010 1167 1040 1231 sc
1063 1186 1253 1252 opponens,
1279 1173 1488 1241 Advocatum
1507 1175 1539 1241 se
1556 1176 1691 1242 vilitatis
1714 1178 1830 1246 nostroe
1851 1199 1961 1251 cotan
1989 1147 1993 1154 Ι

589 1246 714 1313 consilii
737 1248 932 1335 Principibus
952 1251 1014 1315 suis
1036 1253 1180 1335 profiteri
1200 1274 1267 1320 non
1286 1258 1423 1323 erubuit.

591 1381 657 1458 lll.
690 1391 766 1456 Otii
789 1390 867 1480 Imp.
892 1390 924 1459 1.
948 1389 1060 1479 magni
1085 1389 1230 1462 nominis
1255 1390 1452 1473 Abbasium,
1491 1411 1564 1486 quae
1581 1390 1615 1461 in
1639 1393 1764 1465 Eremo
1784 1397 1823 1468 B.
1838 1399 1892 1468 Μ.
1912 1401 1961 1474 V.

485 1478 564 1578 ipitd
580 1482 745 1556 Helretoa
764 1480 940 1578 magnifice
955 1482 1118 1557 exllrusla
1132 1486 1356 1588 conspicitur,
1380 1492 1414 1561 iii
1433 1486 1630 1584 fingulerem
1646 1488 1893 1588 protessionem
1905 1519 1964 1568 an·

485 1603 518 1651 io
534 1590 621 1671 946.
635 1578 817 1677 assumpsit,
843 1583 896 1654 hia
911 1583 1022 1656 verbis
1038 1581 1133 1656 usus:
1152 1593 1157 1604 '

511 1711 579 1778 Sub
592 1711 705 1778 Nostra
721 1712 902 1777 defensione
914 1714 949 1778 dr
961 1717 1169 1783 immunitatis
1184 1717 1323 1783 tuitione
1337 1735 1386 1783 tes
1404 1717 1532 1782 illomin
1549 1720 1774 1803 perpetualiter
1781 1733 1949 1822 maneant!

649 1829 802 1915 Magoras
819 1829 857 1898 L.
876 1833 907 1899 C.
923 1852 987 1924 cop.
1009 1854 1039 1918 5.
1055 1857 1086 1901 ri.
1102 1855 1174 1922 409.

485 1979 710 2071 >trt·lriip.1l.
731 1970 909 2072 specialem
921 1971 1125 2049 seEcclcsae
1140 1972 1349 2053 Palsrrienfis
1369 1970 1601 2049 Protetlorem
1617 1969 1783 2075 professus
1799 1974 1847 2054 esi
1867 1978 1960 2078 apud

485 2077 655 2166 terrigia
669 2072 810 2168 spicilegii
825 2093 899 2144 rom.
918 2102 951 2146 ι.
968 2098 998 2168 p.
1019 2089 1059 2147 16
1064 2100 1098 2163 3.
1148 2074 1219 2147 Ubi
1235 2076 1333 2174 plura
1349 2073 1552 2168 ejuscemodi
1568 2074 1610 2146 de
1625 2077 1699 2148 aliis
1715 2079 1830 2175 lmpp.
1849 2099 1961 2151 eterit·¹

486 2176 530 2248 la
544 2193 796 2247 commemorat.
845 2175 1033 2245 fridericum
1049 2179 1128 2266 Imp.
1147 2180 1173 2246 l.
1188 2175 1393 2270 praecipuam
1410 2168 1561 2244 Eccleliae
1576 2169 1721 2269 Spirensi
1737 2175 1958 2249 Advocatiam

485 2200 704 2370 ipopondillm
730 2266 948 2364 sponsamque
965 2266 1147 2367 praellitilse
1166 2293 1282 2343 narrat
1296 2267 1431 2342 Crufius
1448 2293 1479 2365 p.
1496 2296 1531 2344 ι.
1552 2274 1576 2341 l.
1593 2297 1627 2343 r.
1644 2276 1763 2345 Arnai.
1804 2272 1958 2347 Similem

485 2368 698 2446 lesensionem
711 2371 896 2437 Fririeritriiii
912 2374 990 2461 Imp.
1006 2375 1054 2440 ΙΙ.
1073 2366 1226 2460 singulari
1242 2371 1377 2442 nomine
1393 2362 1587 2438 nonasteriis
1597 2366 1724 2441 Hitsau
1737 2365 1959 2445 &Dentkeo-

485 2464 649 2544 loiffensi:
676 2467 866 2554 liudolplirm
879 2489 960 2536 vero
978 2472 1053 2559 lmp.
1069 2471 1097 2537 1.
1117 2463 1211 2539 Albae
1220 2471 1446 2540 Dominorum
1465 2467 1666 2537 HerrenAil.
1692 2469 1958 2564 Albcrtrrmlmp.

485 2570 592 2650 tidem
607 2570 636 2636 Ι.
653 2562 815 2636 coenobio
831 2559 1068 2634 Rebenhusano
1083 2563 1281 2650 exhibuisse,
1304 2590 1344 2639 ex
1364 2561 1605 2661 diplomatibus
1623 2559 1762 2636 testatur
1783 2562 1956 2641 Besoldua.
2044 2587 2047 2591 ·
2150 2672 2156 2682 .

485 2659 747 2740 debenhusanum
761 2657 820 2731 sub
839 2657 940 2731 finem
956 2664 1002 2733 ita
1017 2660 1135 2735 habet:

508 2795 734 2866 nonasterium
748 2793 1004 2876 solennitatum
1020 2814 1091 2857 coni
1109 2793 1249 2876 personis
1263 2792 1298 2857 dr
1311 2793 1403 2857 rebus
1417 2790 1478 2857 suia
1493 2790 1618 2858 Nostrae
1629 2790 1762 2860 tuitioni
1777 2792 1831 2859 san
1844 2791 1957 2860 desen·

584 2878 668 2944 l'ioni
685 2878 807 2959 speciali
826 2876 1016 2940 immediatae
1034 2877 1237 2959 praesentibus
1253 2875 1452 2941 assumentes.

591 3014 660 3086 lv.
687 3015 755 3084 Hie
770 3011 802 3082 ὅι
817 3011 972 3084 omnibus
987 3012 1060 3084 aliis
1078 3011 1261 3086 Cesaribus
1276 3012 1339 3084 hac
1354 3013 1388 3082 iii
1410 3034 1448 3082 re
1469 3008 1612 3081 maxime
1633 3004 1830 3104 perspicuus
1856 3013 1954 3080 Cart-e

485 3143 516 3191 rs
533 3125 598 3191 M.
614 3111 681 3184 suis
695 3111 855 3204 exemplis
873 3107 1115 3202 fulgentiffimis
1132 3113 1305 3208 praeluxit3
1332 3113 1359 3181 is
1375 3113 1464 3182 enim
1481 3108 1644 3206 plurimas
1662 3101 1822 3178 Ecclesiae
1841 3103 1875 3176 dt
1902 3101 1954 3177 so-

486 3209 677 3291 taclattstra
698 3207 851 3300 singulari
871 3206 934 3279 suae
953 3204 1133 3280 defenfioni
1158 3204 1327 3282 commissa
1354 3207 1473 3278 voluit.
1531 3206 1737 3289 Rationem,
1766 3227 1842 3299 quae
1865 3205 1954 3275 inter

486 3315 546 3386 lias
563 3308 715 3382 Eundem
732 3308 773 3377 od
793 3328 916 3377 tantam
933 3309 1090 3401 pietatem
1104 3309 1278 3387 excitavit,
1305 3308 1338 3375 in
1354 3303 1509 3399 proemio
1525 3300 1737 3396 diplomatis,
1762 3297 1856 3396 quod
1879 3316 1955 3380 tnos'

485 3410 613 3485 iaslerio
627 3400 872 3478 Utenbeurenfi
887 3400 986 3499 super
1006 3428 1043 3474 ea
1064 3400 1273 3498 protefflone
1286 3401 1397 3485 dedit,
1424 3396 1514 3470 hisce
1528 3399 1678 3493 aperuit:

511 3559 674 3647 Quoniam
691 3556 863 3635 Principem
877 3575 913 3616 ac
927 3551 1131 3617 Defensotem
1149 3551 1357 3618 Ecclesiatum
1374 3551 1443 3616 Nos
1459 3548 1535 3611 fecit
1548 3546 1705 3615 Dominus
1720 3584 1730 3616 ,
1751 3562 1792 3608 ne
1814 3544 1884 3624 eins
1900 3544 1950 3608 iti·

584 3643 668 3725 grati
680 3637 742 3703 elle
757 3640 918 3699 videamur
931 3635 1176 3709 munificentiae,
1200 3637 1363 3700 servitium
1381 3642 1602 3713 augmentare,
1625 3626 1781 3689 Ecclesiae
1794 3626 1952 3707 multipli-

583 3743 677 3797 cate,
699 3722 789 3798 supet
806 3718 986 3800 inceptis&
1002 3719 1282 3783 construetiabene
1300 3739 1336 3778 ac
1353 3723 1556 3798 opportune,
1588 3728 1628 3772 ne
1645 3706 1777 3791 posthac
1789 3706 1951 3774 destruan-

584 3815 656 3883 tot,
675 3802 823 3887 potestati
837 3801 947 3882 Regali
967 3805 1124 3865 convenit
1136 3802 1307 3866 tuitionem
1321 3795 1485 3882 impertiri.

679 3922 729 3987 M.
748 3919 901 4021 Magoras
917 3939 937 3985 o
953 3920 1136 4003 Scltoenlierg
1152 3918 1190 3983 L.
1216 3916 1248 3982 C.

589 4064 643 4137 V.
668 4062 839 4134 Videntur
856 4060 925 4134 haec
940 4059 1053 4134 Caroli
1072 4056 1174 4132 verba
1196 4051 1236 4125 ad
1252 4048 1456 4123 advocatiam
1470 4040 1702 4117 Universalem
1722 4057 1780 4111 aut
1792 4056 1883 4138 certe
1904 4035 1959 4110 ad·

485 4159 710 4260 dajelldticam
727 4161 864 4256 quidem
880 4163 1068 4255 pertinere,
1095 4153 1314 4226 nibilominus
1334 4149 1395 4220 hac
1411 4146 1540 4215 ratione
1563 4166 1601 4212 eit
1623 4137 1770 4231 generali
1793 4132 1950 4250 Ecclesia·

485 4286 543 4334 um
558 4285 638 4331 cura
655 4256 860 4355 protestoria
874 4255 1047 4352 desumpto
1066 4250 1161 4332 usus,
1187 4247 1362 4344 specialem
1378 4244 1553 4314 tuitionem
1574 4242 1608 4309 in
1632 4256 1820 4313 memorato
1836 4232 1950 4330 diplo·
2038 4295 2041 4300 .

485 4384 556 4431 iate
571 4354 732 4455 praedislo
748 4353 949 4428 monasterio
964 4352 1129 4431 condixit;
1156 4370 1257 4443 quain
1273 4368 1310 4415 ut
1328 4342 1360 4413 dr
1375 4339 1431 4411 alii
1448 4334 1643 4409 fundatores
1663 4357 1728 4427 pro
1750 4329 1904 4404 Ecclefiis
1930 4353 1949 4402 a

485 4461 500 4528 e
519 4460 670 4530 excitatis
692 4455 899 4535 obtinerent,
937 4476 992 4523 eas
1014 4444 1170 4541 Augustis
1192 4447 1302 4535 lmpp.
1327 4435 1510 4510 humilibus
1531 4427 1688 4530 precibus
1712 4430 1949 4501 commendare

485 4555 683 4636 induerunt,
707 4577 749 4624 eo
769 4552 854 4634 sine,
878 4575 912 4621 ut
937 4547 1117 4621 earundem
1133 4537 1350 4614 Erclefiarum
1365 4531 1606 4607 conservationi
1630 4549 1803 4626 perpetue
1825 4530 1950 4621 (quan-

485 4677 540 4728 um
558 4651 878 4731 inrebnhunaiiis
893 4645 967 4724 fieri
984 4642 1114 4745 porasl)
1131 4658 1380 4831 quamqoptqm:
1390 4626 1632 4731 prospicerent.
1680 4630 1767 4702 Cum
1784 4647 1865 4698 reto
1880 4641 1949 4815 tppp
