5017 5592
502 657 577 731 aa>
772 607 1109 720 ntssaara‘no
1159 633 1431 713 cattorttco
1452 635 1704 714 ..cuncter

362 889 364 894 .
502 826 609 905 sacius
625 777 722 898 vni.
737 845 813 894 cum
831 818 956 893 bullam
969 816 1060 891 suam
1083 823 1206 893 clericis
1220 822 1327 894 Leitos
1341 822 1373 889 in
1391 830 1424 889 6.
1445 821 1481 890 de
1496 823 1657 890 sarmatia
1678 843 1745 915 qua
1760 813 1977 892 Ecclesiatuttt
2023 851 2025 864 ·

506 925 712 999 Gallicarum
732 915 996 990 collesiationem
1013 919 1113 988 etiam
1130 919 1163 987 in
1177 914 1252 989 casu
1274 913 1466 990 necessitatis
1481 913 1714 988 instituendam
1731 919 1766 988 in
1780 916 1900 988 odium
1909 918 1979 989 Phi·
2023 897 2025 980 Ϊ

368 1041 373 1052 ’
504 1025 592 1118 lippi
611 1018 744 1090 Pulchri
761 1017 948 1088 Galliarum
967 1017 1069 1107 Regis
1084 1011 1715 1112 prohibuerat,revocasset,expressts
1737 1013 1851 1086 verbis
1866 1019 1905 1099 a)
1929 1016 1981 1088 de·
2023 1041 2025 1076 ῑ

506 1121 555 1192 dit
574 1114 782 1210 Principibus
804 1111 1014 1210 potestatem,
1037 1117 1137 1184 etiam
1153 1110 1277 1209 absque
1299 1111 1392 1184 Sedis
1412 1108 1604 1184 Pontificiae
1624 1114 1760 1183 indulto
1779 1115 1816 1183 in
1835 1110 1912 1185 casu
1931 1137 1978 1186 nc·
2023 1127 2025 1134 '

503 1213 657 1292 cessitatis
671 1209 828 1284 Eccsefias
851 1208 1066 1291 colsesiattdi‚·
1090 1211 1122 1279 id
1141 1213 1230 1305 quod
1248 1211 1281 1282 dt
1300 1207 1370 1305 ipse
1389 1205 1552 1281 Bonifatii
1571 1207 1740 1282 Successor
1764 1210 1924 1282 Clemens
1940 1215 1981 1287 V.

420 1359 425 1366 ·
461 1335 463 1340 '
505 1309 788 1398 confirmavits),
815 1308 943 1380 dumis
966 1329 1100 1403 praeter
1118 1308 1265 1404 reliquas
1286 1306 1545 1380 Constitutiones
1567 1304 1802 1380 bonifacianas
1828 1309 1929 1379 etiam
1948 1309 1981 1379 is·

506 1413 573 1486 lam
595 1413 717 1481 csrtitis
733 1412 839 1477 Laicos
861 1407 971 1476 denuo
993 1402 1140 1485 cassavit,
1162 1430 1302 1501 eamque
1317 1430 1376 1478 ceu
1399 1401 1617 1476 scandalosam
1634 1430 1700 1502 pto
1720 1401 1849 1478 infessa
1874 1405 1980 1479 habeti

505 1509 625 1582 voluit.
671 1507 828 1598 Denique
842 1528 917 1574 cum
934 1504 1042 1601 quivis
1067 1501 1250 1598 Episcopus
1272 1526 1430 1599 tanquam
1452 1503 1620 1594 legitimus
1641 1502 1809 1576 Ecesefiae
1827 1498 1906 1590 suae
1921 1507 1978 1576 tte-

508 1603 584 1678 sior
606 1601 745 1674 liberam
762 1600 993 1673 universorum
1012 1599 1178 1672 bonorum
1204 1600 1493 1673 ecclestasiitorum
1511 1624 1573 1697 per
1593 1598 1769 1673 Dioecestn
1792 1593 1889 1673 su'atn
1909 1597 1981 1676 exis.

506 1702 650 1776 tentium
675 1695 921 1794 dispositionem
946 1695 1064 1768 habeat
1079 1719 1178 1793 atque
1194 1697 1542 1781 administrationem,
1565 1721 1657 1770 certe
1676 1723 1743 1771 non
1770 1699 1900 1786 video,
1922 1721 1982 1797 quo

506 1795 730 1966 fundameptq
742 1798 919 1891 praeteriri
934 1795 1004 1891 ejus
1020 1791 1170 1868 instantio
1183 1792 1298 1893 possit,
1318 1794 1456 1894 ipseque
1472 1800 1629 1870 Sutnntus
1646 1794 1807 1872 Pontifex
1826 1795 1916 1869 adiri
1930 1802 1982 1870 iot·

506 1897 653 1971 mediate
691 1916 814 1976 eeat.¹

547 2066 585 2148 o)
604 2025 661 2127 Uti
676 2060 772 2124 refert
792 2059 864 2126 Van
885 2057 985 2144 Espen
999 2077 1062 2143 par.
1080 2078 1111 2128 2.
1125 2062 1176 2129 tit.
1192 2080 1243 2146 35.
1259 2061 1295 2128 C.
1309 2082 1341 2147 3.
1353 2081 1384 2130 n.
1396 2061 1447 2146 36.
1491 2059 1980 2150 Add.Rainald.adanu.1291·

622 2164 653 2210 n.
670 2165 700 2227 5.
718 2146 785 2208 tub.
802 2163 873 2226 pag.
888 2161 957 2226 152.
970 2142 1005 2205 dt
1018 2141 1080 2226 sqq.

433 2321 440 2370 ,1
549 2260 692 2348 b)1detn
714 2261 787 2331 Van
806 2259 908 2346 Espen
930 2258 952 2326 l.
971 2279 999 2327 c.
1021 2278 1053 2326 tt.
1072 2278 1125 2344 39.

1113 2477 1149 2564 §.
1197 2475 1378 2553 LXVII.

623 2616 719 2709 Qtae
738 2611 870 2687 tandem
883 2612 916 2685 in
932 2611 1029 2710 saepe
1044 2612 1144 2684 citato
1160 2621 1194 2683 c.
1207 2640 1238 2694 7.
1251 2611 1400 2702 adversus
1414 2613 1452 2706 X,
1470 2615 1507 2685 de
1521 2617 1652 2689 immun.
1668 2612 1759 2686 circa
1776 2609 1885 2686 sineru
1898 2633 1982 2712 prte-

506 2709 714 2795 sctibuntur,
738 2738 804 2784 non
821 2736 939 2809 parum
956 2706 1113 2807 injuriosa
1130 2707 1203 2781 sunt
1218 2708 1347 2781 summo
1363 2711 1483 2782 honori
1506 2709 1718 2809 Principibus
1744 2709 1866 2784 debito
1883 2737 1893 2796 3
1916 2733 1981 2784 coto

403 2821 411 2842 ⁸
507 2814 597 2884 enim
616 2811 650 2881 hi
665 2816 699 2880 in
715 2808 789 2881 casu
814 2807 1006 2881 necessitatis
1028 2806 1178 2903 publicae
1190 2807 1269 2902 jure
1284 2805 1455 2903 perfesso‚
1473 2831 1511 2880 ut
1527 2805 1626 2904 supra
1648 2815 1675 2902 ᾗ.
1697 2835 1754 2900 59.
1770 2807 1980 2890 ostendimus,

507 2906 549 2978 ob
564 2904 714 2978 Ecclesiis
731 2904 884 2978 colleslaa
902 2909 1055 2998 exigunt,
1080 2930 1146 2975 non
1163 2905 1284 2976 habent
1298 2903 1455 2999 professo
1478 2903 1619 2989 necesse,
1644 2930 1681 2980 ut
1696 2906 1729 2978 se
1744 2932 1865 2977 coram
1883 2912 1980 2977 Eite-

506 3000 561 3076 siis
574 3027 757 3094 earumque
771 3001 937 3074 Minissris
953 3003 1036 3074 adeo
1052 3002 1230 3072 humilient
1244 3024 1298 3071 aut
1313 2998 1521 3083 submittunt,
1542 3008 1589 3073 uti
1606 3012 1705 3078 etiam
1720 3026 1836 3075 tantae
1852 2998 1977 3075 submis-

507 3096 606 3172 fionis
622 3099 811 3191 exemplum
827 3099 960 3191 allegari
976 3100 1028 3169 vix
1048 3121 1192 3192 unquam
1209 3101 1335 3194 poterit
1349 3123 1358 3184 3
1385 3097 1438 3171 sed
1450 3100 1597 3171 Minisiti
1612 3100 1837 3175 Ecclestarum
1854 3102 1980 3173 demon·

506 3191 606 3269 strata
621 3198 809 3291 utprimum
825 3191 1007 3267 necesitate
1023 3193 1155 3289 publica
1167 3198 1310 3294 perinde
1325 3222 1363 3269 ac
1378 3201 1468 3270 Laici
1483 3197 1696 3274 contribuere
1710 3222 1886 3286 tenentur,
1907 3200 1990 3293 quio.

507 3316 566 3366 aut
586 3296 768 3385 gratiarum
790 3294 955 3388 quandam
972 3291 1163 3377 tassionem,
1191 3317 1248 3367 aut
1269 3290 1416 3392 dissipata
1439 3292 1623 3372 necessitate
1647 3298 1840 3374 sseurarutn
1863 3294 1981 3372 reditu·

509 3393 637 3467 tionem
656 3391 728 3485 iure
745 3393 904 3489 quopiam
924 3388 1045 3489 possint
1059 3394 1203 3485 exigere.

1097 3634 1384 3751 §.exunt

623 3791 673 3863 Et
688 3791 740 3864 hia
756 3792 803 3865 ita
822 3789 992 3878 dedusiia,
1014 3818 1091 3867 cum
1113 3792 1290 3878 elucescat,
1315 3792 1522 3870 cerebtinam
1541 3795 1643 3884 hanc,
1662 3800 1781 3898 prouti
1804 3799 1912 3897 vulgo
1928 3801 1982 3877 cit·

507 3880 714 3972 eumsertur,
737 3889 834 3987 saepe
854 3891 977 3964 laudati
996 3895 1140 3964 Cononis
1166 3896 1478 3992 interpretationem
1492 3922 1600 3994 neque
1614 3925 1690 3972 cutn
1706 3903 1882 3992 aequitate
1897 3923 1983 3973 mtu-

507 3985 596 4067 rati,
621 4011 729 4080 neque
750 4013 825 4058 cunt
841 3988 915 4059 sana
937 3991 1082 4073 ratione,
1109 3994 1177 4062 imo
1201 4018 1241 4063 ne
1264 4018 1340 4063 cunt
1363 3991 1438 4087 ipsis
1462 3997 1597 4089 quidem
1620 3996 1757 4069 summis
1789 4002 1982 4096 Principum

505 4079 685 4175 juribus&
715 4085 899 4157 honoribus
925 4084 1015 4179 posse
1030 4089 1219 4167 conciliari,
1243 4116 1308 4158 non
1331 4116 1444 4161 aveto
1469 4091 1624 4166 aberrare
1649 4121 1703 4167 me
1727 4120 1834 4190 puto,
1859 4096 1884 4168 st
1910 4122 1979 4167 cott-

465 4201 469 4208 ·
508 4176 625 4261 cludo,
646 4183 728 4252 banc
745 4185 886 4280 proinde
901 4190 1001 4255 ctiam
1017 4211 1185 4281 nunquam
1200 4183 1311 4268 fuisse,
1324 4213 1383 4257 nec
1400 4187 1461 4258 esse
1501 4190 1636 4276 otuisse,
1653 4197 1766 4288 prouti
1785 4196 1892 4286 ionga
1908 4196 1982 4265 haee

507 4274 599 4343 citati
616 4281 1010 4377 Canonissnterptetatio
1027 4308 1082 4354 aut
1097 4288 1208 4377 potius
1231 4283 1371 4354 inversio
1395 4216 1563 4371 edissiiit,
1589 4291 1730 4361 Concisii
1754 4288 1982 4363 Lateraaansa

508 4391 654 4440 mentem
671 4398 727 4443 aut
741 4378 980 4468 intentionem,
994 4378 1044 4471 jus
1060 4379 1256 4451 cossesiandi
1275 4384 1467 4479 Principum
1487 4386 1569 4457 adeo
1592 4385 1836 4480 restringendi3
1856 4387 1982 4461 sedeso

508 4468 629 4546 etiam,
657 4465 776 4553 fuerit,
799 4476 878 4570 quid
894 4477 994 4548 inde?
1015 4483 1114 4549 Certe
1131 4503 1207 4550 cunt
1229 4502 1267 4549 ex
1286 4477 1384 4575 supra
1410 4482 1640 4555 demonstratis
1656 4485 1746 4556 nulla
1769 4486 1937 4560 Ecclesiae
1949 4489 1981 4556 io

502 4562 581 4657 jura
601 4569 751 4664 gentium
768 4575 964 4671 temporalia
978 4576 1160 4653 authoritas
1180 4577 1339 4677 nullaque
1355 4578 1502 4686 potestat
1519 4585 1700 4682 competit,
1721 4581 1763 4658 ab
1785 4586 1855 4661 hoc
1875 4585 1984 4662 dcere·

1610 4697 1613 4701 ·
1949 4703 1984 4756 to
