5017 5592
507 641 580 742 DE
600 637 744 715 vado
767 636 836 714 ET
857 632 1097 722 GENutNo
1115 630 1313 707 LIBERT.
1332 629 1894 742 emolumentium.
1913 644 1995 735 615.-

503 823 588 896 tilio
606 819 813 892 Tridentino
827 817 855 909 i)
880 816 998 888 iisdem
1016 816 1159 913 proximi
1181 811 1358 886 habentur.
1406 809 1603 886 Unde'srcut
1624 839 1766 911 propter
1787 816 1982 913 praedislam

501 919 681 995 sublimem
698 913 797 987 [latua
812 913 860 985 sui
879 916 1075 1006 dignitatem
1091 915 1312 986 reverentiam
1327 913 1377 994 ei,
1401 936 1500 1009 quam
1516 917 1668 985 canones
1684 917 1830 1005 Regibus
1846 916 1981 998 babent,

527 1023 692 1090 rorimam
705 1012 761 1083 fibi
779 1013 969 1095 vendicant,
984 1015 1029 1083 ita
1043 1036 1186 1110 propter
1203 1012 1353 1108 plenam,
1368 1033 1433 1105 qua
1446 1015 1578 1103 negotia
1594 1010 1743 1107 ipsorum
1760 1013 1875 1085 discuti
1887 1019 1981 1109 priua
2048 1043 2054 1074 ι’

499 1043 633 1195 solent,
665 1109 877 1183 consiliorum
905 1114 1130 1182 maturitatem
1154 1109 1338 1181 eorundem
1363 1107 1570 1181 conscientie
1595 1132 1645 1182 tot
1670 1108 1829 1207 presidiis
1855 1113 1981 1192 vallate

500 1213 729 1288 consentiente
752 1205 827 1304 ipfia
846 1233 922 1279 cum
943 1209 1090 1280 Praelatio
1114 1206 1330 1280 Ecclestarum
1353 1205 1519 1305 Episcopo
1543 1210 1677 1291 eadem,
1705 1234 1777 1305 quae
1800 1212 1930 1302 Regiae,
1945 1207 1984 1297 li·

495 1313 635 1386 duciae
657 1307 742 1381 Sede
764 1303 954 1402 Apollolica
971 1308 1059 1378 baud
1085 1310 1256 1377 immerito
1272 1301 1435 1377 delemur.
1486 1309 1553 1377 an
1575 1329 1709 1378 econtra
1734 1331 1809 1378 cum
1832 1305 1984 1379 Consuli-

501 1407 617 1483 bna&
637 1404 837 1479 Rellotibua
853 1408 1053 1485 civitatum,
1074 1405 1116 1476 de
1135 1403 1256 1501 quibus
1273 1408 1388 1475 Canon
1401 1403 1629 1476 Lateranenfit
1644 1405 1832 1502 eloquitur,
1851 1429 1981 1477 rncom·

499 1511 715 1607 perationem
737 1504 902 1576 adducere
922 1503 1007 1575 velle
1024 1504 1198 1594 indignum
1215 1497 1331 1583 foret,
1356 1504 1614 1596 ignominiosum
1632 1503 1666 1575 dt
1686 1528 1705 1577 a
1724 1527 1836 1578 mente
1854 1501 1983 1579 Scalde

501 1607 631 1681 Martia
648 1599 798 1676 Ecclefie
813 1627 914 1699 quam
937 1597 1121 1697 longiffime
1136 1600 1295 1675 alienum.

623 1929 691 1999 Hit
708 1926 812 2020 igitur
827 1930 1003 2025 principiis
1020 1931 1162 2022 genuina
1186 1926 1393 1999 Libertatum
1409 1921 1708 1999 Ecclelitllicarum
1722 1919 1914 2004 Germaniae
1931 1949 1985 2001 re·

502 2023 591 2102 ritae
606 2024 809 2107 vindicatur,
837 2026 869 2097 dr
886 2023 987 2099 solida
1002 2030 1137 2125 inlitper
1153 2023 1371 2097 Ecclestarum
1387 2022 1513 2097 utilitas
1528 2023 1761 2112 conlervatur,
1785 2051 1823 2101 ut
1838 2024 1878 2099 ab
1895 2024 1984 2122 inju-

503 2127 570 2199 riia
591 2118 790 2196 inferiorum
812 2122 1069 2216 Magistratuum
1096 2149 1196 2220 atque
1215 2125 1391 2220 Jndicum,
1414 2145 1559 2218 quorum
1576 2119 1624 2194 esi
1646 2120 1825 2196 secundum
1842 2121 1985 2219 leges&

504 2217 733 2297 observantias
750 2220 931 2298 laudabiles
950 2226 1123 2321 perpetuis
1144 2220 1296 2293 moribus
1318 2242 1490 2318 receptat.
1511 2220 1640 2292 nonde
1663 2219 1738 2320 ipsta
1756 2223 1926 2320 judicare,
1947 2219 1984 2294 ἃ

504 2318 605 2393 suum
625 2322 746 2416 cuique
761 2316 933 2401 tribuere,
959 2318 1170 2403 defenditur3
1194 2322 1263 2390 imo
1277 2344 1337 2389 nec
1355 2321 1577 2414 superiorum
1593 2323 1712 2404 etiam,
1733 2325 1792 2418 qui
1817 2343 1927 2393 tamen
1949 2317 1986 2392 &-

506 2417 916 2610 llll‘lllsltlffll
929 2413 1985 2615 bilbilist„llllssilll‘lllilldbelgii

508 2612 544 2687 dt
568 2614 730 2685 Gentium
758 2610 904 2684 &sacrae
924 2616 1106 2710 Scriptura
1126 2611 1258 2685 sirmate
1280 2610 1383 2709 ipsam
1402 2637 1518 2684 earum
1539 2615 1705 2706 otiginem
1728 2614 1922 2686 immediate
1944 2637 1983 2684 ex

531 2735 592 2784 ure
614 2712 727 2782 divino
743 2733 947 2807 praeceptivo
967 2712 1132 2783 dducere
1147 2737 1213 2783 non
1235 2713 1434 2793 audeamus,
1456 2735 1522 2781 non
1544 2715 1653 2782 minus
1670 2735 1779 2784 tamen
1797 2715 1861 2783 Dei
1878 2707 1985 2782 offen·
2103 2707 2107 2714 ’

503 2715 576 2883 sam
599 2807 631 2879 dt
655 2805 837 2903 injustitia,
859 2833 933 2904 quar
955 2810 994 2881 ad
1017 2809 1178 2903 sacrilegii
1200 2810 1365 2880 rationem
1386 2831 1496 2906 prope
1523 2810 1667 2891 accedit,
1690 2833 1819 2881 reatum
1838 2811 1985 2881 involvat

506 2930 625 2986 earum
646 2904 804 2987 viniano,
826 2930 882 2977 aut
907 2907 1099 3001 derogatio,
1122 2931 1223 3002 quam
1243 2909 1453 3003 exceptiones
1470 2906 1660 2980 iisdemmet
1680 2907 1862 3001 legibuadr
1885 2904 1984 2979 sacria
2033 2965 2050 2996 s

506 3001 700 3080 Crnonibua
720 3002 912 3102 approbata
926 3030 992 3078 non
1015 3005 1166 3077 excusant
1181 3030 1280 3103 arque
1298 3000 1484 3102 justificant.
1536 3008 1586 3077 lta
1606 3029 1711 3103 porro
1730 3006 1911 3078 earundem
1931 3030 1987 3077 ra·

506 3103 558 3176 elo
574 3125 610 3174 ec
631 3099 759 3173 indolet
784 3104 920 3197 imperii
941 3105 1093 3175 Romano
1124 3106 1317 3177 Germanici
1343 3099 1507 3200 systemati
1531 3125 1599 3175 tam
1622 3108 1777 3199 antiquo,
1801 3129 1902 3203 qnam
1926 3104 1987 3177 ho·

507 3201 630 3274 diemo
651 3221 908 3296 attemperatut,
931 3224 984 3282 ut,
1001 3226 1074 3297 quae
1090 3205 1154 3271 Dei
1169 3198 1263 3281 sunt,
1283 3206 1378 3282 Deo,
1396 3199 1427 3271 dt
1446 3225 1519 3297 que
1536 3198 1720 3275 Caesaris&
1743 3205 1883 3300 lmperii
1900 3200 1985 3286 sunt,
2097 3233 2104 3242 ·

508 3294 630 3371 Cesari
646 3295 678 3367 dt
696 3300 846 3391 Imperio
862 3297 1061 3371 tribuantur.
1114 3301 1164 3367 lta
1187 3299 1331 3390 denique
1349 3293 1404 3365 sua
1425 3300 1629 3394 Imperatori
1652 3321 1810 3393 tanquam
1827 3299 1986 3395 supremo

508 3391 730 3468 Ecclesiarum
752 3396 942 3476 Germaniae
968 3389 1153 3492 protellori
1177 3416 1278 3491 atque
1299 3394 1472 3465 Advocato
1497 3392 1680 3488 Majellaa,
1714 3397 1747 3465 dr
1771 3400 1919 3466 eminens
1941 3397 1986 3466 le·

507 3517 590 3590 gum
616 3492 887 3563 vindicandarum
906 3492 938 3564 dt
957 3493 1225 3591 exequendarum
1244 3516 1343 3573 cura,
1365 3488 1470 3562 seddt
1493 3486 1548 3560 sua
1568 3492 1778 3588 Principibus
1795 3490 1984 3589 eriamiplia

506 3586 730 3664 Ecclesiatum
745 3586 877 3661 suarum
896 3593 1085 3665 Tutoribua
1102 3592 1286 3662 authoritas
1304 3614 1340 3660 ac
1365 3591 1550 3662 reverentia
1573 3585 1738 3673 asseritur,
1765 3614 1801 3661 ut
1822 3617 1880 3662 nec
1898 3591 1987 3661 Reli·
2107 3617 2110 3624 ’

508 3692 568 3787 gio
591 3691 800 3781 Regionem,
827 3711 886 3758 nec
909 3693 1014 3783 Regio
1039 3689 1249 3781 Religionem
1277 3685 1447 3770 dellruat;
1480 3686 1588 3757 multo
1613 3690 1724 3784 potius
1748 3689 1803 3760 ubi
1828 3713 1987 3783 utrmque

507 3787 578 3860 n'on
595 3790 740 3882 privata,
762 3782 815 3855 scd
831 3784 963 3882 publica
989 3794 1163 3884 utriusque
1184 3784 1267 3892 salua
1288 3811 1323 3856 ac
1348 3786 1472 3857 utilitas
1487 3809 1551 3882 pto
1573 3810 1651 3856 vera
1673 3790 1802 3857 rarione
1819 3809 1918 3883 atque
1931 3809 1988 3884 cy·

507 3882 848 4059 pppstprperrpgppcrippp
862 3888 1120 4058 gnappipcpriplpp.
1134 3884 1275 3957 vinculis
1297 3883 1452 3979 colligata
1478 3906 1645 3981 perpetuo
1675 3890 1852 3986 utriuique
1872 3888 1986 3987 incon·

551 4155 584 4238 r)
604 4150 693 4214 Cone
716 4148 803 4214 Trid.
820 4149 894 4217 Sed.
913 4168 962 4234 25.
979 4152 1019 4214 de
1032 4148 1173 4213 Reform.
1192 4149 1227 4214 C.
1243 4167 1274 4230 p
1296 4148 1442 4231 exeeptit
1462 4149 1705 4231 pannonibus,
1733 4165 1807 4229 que
1824 4149 1863 4211 ad
1882 4147 1986 4235 impe·

628 4247 764 4310 retorem
785 4235 816 4296 dr
832 4236 934 4314 Reges
953 4233 1002 4296 seu
1019 4233 1128 4379 Relpna
1144 4231 1334 4314 possidentes
1355 4235 1486 4313 altasque
1496 4232 1641 4313 stadlr'mes
1665 4228 1704 4298 Θ
1722 4227 1878 4315 supremus
1892 4232 1986 4300 stitt-
2051 4311 2058 4323 Ι

532 4387 534 4391 ,
627 4319 722 4402 cipes,
745 4314 840 4400 §ura
857 4318 986 4401 Imperii
998 4321 1031 4381 in
1085 4318 1207 4409 omanits
1221 4313 1284 4391 {uis
1300 4311 1438 4376 babentes
1450 4307 1619 4396 pertinent.

989 4492 1519 4590 TANTUM.

1224 4701 1332 4773 liii
1362 4689 1397 4773 ²⁸
1793 4701 1990 4793 Animad·
