5017 5592
465 681 535 761 DE
549 678 617 757 EO
636 675 785 781 QUOD
802 676 1006 774 JUSTUM
1019 674 1111 753 EST
1124 674 1273 753 tmen
1292 676 1486 755 BONOR·
1507 678 1691 757 lMMOB.
1713 681 1781 758 &ci
1814 689 1884 784 673

411 889 502 940 anno
518 864 592 963 plus
613 858 681 958 ipl'e
704 860 856 940 amittat,
889 882 988 953 quam
1012 858 1105 930 mille
1126 859 1218 929 annis
1242 881 1281 928 ex
1305 857 1497 956 hujusmodi
1518 859 1734 956 vcdligalibus
1753 861 1887 964 percipi

400 975 402 980 '
412 960 542 1063 pollet,
566 963 646 1060 quid
662 983 738 1029 tunc
754 953 886 1053 prodest
904 957 953 1026 illi
971 958 1186 1051 politicorum
1202 955 1398 1030 consilium?
1410 962 1444 1047 e)

530 1094 703 1174 Tandem,
729 1091 768 1162 ab
791 1093 841 1159 his
863 1089 1016 1160 omnibus
1043 1087 1308 1186 praescindendo,
1333 1091 1502 1163 concludit
1523 1097 1558 1166 P.
1581 1091 1670 1174 soil,
1696 1094 1889 1189 Principem

414 1195 503 1268 circa
519 1218 618 1264 novas
638 1186 934 1260 Ecclesiasticorum
950 1186 1177 1284 acquisitiones
1192 1213 1258 1264 non
1275 1187 1382 1286 polle,
1406 1189 1464 1260 snb
1479 1215 1641 1287 pretextu
1660 1193 1811 1262 utilitatis
1826 1215 1889 1287 pu.

415 1291 528 1373 bltcae,
555 1290 742 1360 libertatem
760 1283 1012 1355 Ecclefiassicam
1029 1283 1181 1367 auferre,
1206 1292 1282 1355 hana·
1298 1292 1385 1370 enim
1401 1293 1442 1358 illi
1456 1296 1632 1381 equiperari
1640 1288 1682 1382 f)
1699 1314 1761 1384 pet
1776 1294 1814 1360 L.
1832 1309 1894 1362 tas
1972 1372 1974 1377 .

363 1441 374 1456 ι
416 1400 452 1463 G.
470 1397 506 1459 de
522 1398 575 1460 SS.
594 1387 702 1472 Ectlts.
750 1382 979 1478 Pcrl'peximus
1005 1384 1177 1479 hucusque
1198 1381 1322 1454 Letior
1338 1386 1521 1467 Benevole,
1549 1384 1652 1456 finon
1672 1387 1802 1465 omnia,
1829 1408 1891 1480 po·

382 1510 384 1516 ’
413 1490 501 1561 tiore
529 1484 642 1556 saltem
669 1505 887 1574 argumenta,
918 1479 1038 1576 quibus
1061 1480 1251 1552 Adversarii
1274 1480 1461 1554 libertatem
1487 1481 1740 1556 Ecclefiallicam
1764 1486 1891 1580 partim

413 1587 504 1658 circa
523 1586 597 1653 bone
617 1588 677 1662 inm
698 1579 860 1671 atquifita,
893 1582 1016 1672 partim
1042 1582 1129 1649 circa
1149 1603 1275 1650 naviter
1300 1585 1498 1671 acquirenda,
1524 1605 1639 1652 contra
1661 1582 1892 1653 ordinationes

413 1685 608 1777 Principum
626 1681 702 1751 huic
718 1673 943 1757 adversantes,
969 1676 1151 1747 vindicant:
1178 1674 1251 1757 sed,
1275 1677 1393 1776 utjam
1416 1675 1513 1774 l'upra
1528 1683 1661 1760 monui,
1686 1673 1891 1751 Dillertatie·

413 1783 469 1851 nis
485 1805 563 1850 mcae
580 1777 696 1874 scopus
712 1800 777 1846 non
793 1771 855 1853 ell,
882 1772 1069 1846 libertatem
1084 1774 1135 1845 vel
1154 1777 1403 1846 immunitatem
1425 1774 1678 1848 Ecclefinsticam
1693 1783 1781 1871 primi
1801 1800 1891 1870 gent·
1934 1795 1938 1806 “

414 1884 459 1952 ris
484 1881 703 1970 impugnare,
734 1896 842 1965 neque
864 1880 904 1941 'eo
929 1871 1032 1942 tendit
1058 1867 1335 1944 Clementilsimus
1357 1873 1546 1965 Legislator
1572 1878 1820 1967 Mogontinus,
1851 1892 1891 1946 ut

413 1977 660 2071 exemptionem
681 1973 846 2041 bonorum
868 1972 1015 2060 legitime,
1048 1971 1082 2039 id
1103 1965 1149 2041 ell
1167 1966 1232 2040 fine
1256 1969 1435 2042 violatione
1455 1972 1704 2048 ordinationum
1723 1968 1891 2044 lilestore·

364 2087 368 2094 '
412 2073 516 2154 lium,
545 2068 777 2168 acquisitorum
796 2064 1017 2137 ordinatione
1032 2064 1086 2137 lna
1101 2062 1244 2158 affligat,
1271 2068 1304 2135 id
1320 2064 1434 2140 saltem
1451 2072 1682 2165 principaliter
1702 2075 1788 2163 egit,
1812 2088 1891 2141 nea

415 2167 577 2248 subditis,
602 2175 658 2263 qui
679 2165 767 2237 forte
793 2188 875 2234 anto
893 2186 1115 2261 argentoque,
1139 2187 1176 2235 ut
1190 2162 1357 2247 Ecclesiae,
1380 2165 1653 2249 monalleria,'·dt
1675 2169 1739 2239 alia
1759 2175 1809 2263 pis
1827 2188 1894 2239 card

413 2292 508 2362 pora,
535 2272 658 2338 nonita
677 2262 750 2337 sunt
765 2259 934 2343 inllrntii,
961 2268 1073 2333 omnia
1088 2258 1258 2333 suceeliive
1278 2263 1482 2351 immobilia,
1507 2289 1583 2342 cum
1601 2261 1731 2340 summo
1746 2264 1894 2365 publicas

363 2371 365 2380 '
414 2367 479 2439 Rei
494 2365 706 2463 prejudicio,
730 2361 770 2432 ad
785 2384 890 2430 manus
906 2384 1039 2433 mortuas
1057 2368 1264 2458 perveniant.
1800 2385 1817 2410 ‘-

535 2502 688 2592 Cumque
709 2519 747 2567 ex
769 2492 881 2568 relatis
905 2494 1181 2568 Adversariorum
1207 2498 1428 2593 argumentis,
1462 2522 1522 2572 nee
1546 2499 1684 2573 minima
1703 2496 1890 2580 sententie,

414 2619 491 2698 quae
506 2595 589 2666 hanc
605 2593 859 2664 ordinationem
875 2589 1076 2687 julliffimam
1093 2590 1218 2676 all'erit,
1243 2599 1476 2684 improbabilius
1495 2601 1629 2694 postona
1649 2595 1828 2677 elucescat,
1854 2593 1892 2666 id

412 2698 552 2766 unicum
570 2688 733 2786 superest,
759 2710 813 2767 ut,
835 2696 1053 2788 exemptionis
1074 2692 1239 2768 bonorum
1259 2691 1561 2768 Ecclesiasticorum
1581 2695 1762 2786 origine&
1786 2690 1893 2789 quali-2
1981 2755 1986 2762 .

412 2813 484 2868 tate
506 2788 684 2864 summarie
703 2781 883 2887 descripta,
912 2813 976 2889 pet
997 2788 1040 2863 stc
1057 2786 1152 2866 ditia
1176 2796 1268 2887 Legis
1291 2797 1548 2873 Aneiritatioms
1570 2787 1733 2867 femosam
1756 2793 1893 2890 provin·
1921 2799 1924 2804 ⁴
1986 2839 1997 2856 ,

1804 2890 1896 2964 ciam
2000 2979 2005 2998 Ι
2056 2879 2087 2923 “·

362 3036 365 3076 ³
400 3049 402 3054 ’
454 3055 490 3140 ι)
511 3056 602 3138 Ιιιιρίἰ
615 3054 700 3131 sant,
723 3057 776 3139 qni
787 3058 898 3123 fideles
913 3079 929 3120 a
945 3060 1085 3141 pietate,
1107 3059 1304 3131 devotione,
1327 3059 1465 3124 consiliis
1484 3058 1709 3144 Evangellcis,
1738 3058 1892 3141 operibus

364 3167 368 3174 ·
532 3139 830 3221 supererogatotiis,
853 3142 1110 3214 fundationibus,
1129 3142 1354 3207 donationibus
1371 3144 1405 3206 dt
1425 3144 1495 3207 aliis
1511 3143 1694 3210 Christianae
1718 3141 1893 3207 libetslits-

529 3223 572 3285 tis
592 3225 754 3284 exercitiis
769 3223 857 3285 saluti
875 3223 1065 3303 Reipublicae
1088 3223 1170 3285 haud
1185 3226 1330 3298 nocivis,
1358 3236 1511 3290 avocant.
1682 3239 1686 3244 '

580 3338 660 3411 Sed,
683 3341 755 3420 quid
772 3339 794 3401 fi
811 3359 923 3403 omnes
937 3340 1048 3401 subditi
1073 3340 1125 3401 sua
1139 3339 1282 3413 vallent,
1305 3341 1356 3402 vei
1373 3342 1546 3421 tespestive
1566 3347 1758 3422 cogerentur
1776 3336 1892 3400 Eccle-

529 3418 581 3483 l'ris
597 3422 716 3483 donate
731 3422 783 3484 vel
800 3423 955 3491 vendere,
978 3419 1010 3484 dt
1024 3422 1055 3483 in
1069 3420 1148 3483 lietu
1166 3442 1224 3500 pau
1248 3424 1357 3483 ettatis
1383 3426 1511 3495 vivete,
1536 3421 1677 3502 policino
1695 3421 1774 3492 dici,
1803 3417 1893 3500 quod

531 3500 679 3586 Princeps
697 3502 766 3566 haec
779 3503 979 3587 impediendo
991 3504 1210 3568 liberalitatem
1271 3503 1468 3572 cleliisticatn
1490 3502 1620 3570 violet?

590 3619 677 3683 Deua
691 3621 865 3684 libertatem
882 3623 1065 3705 prudentem
1079 3623 1198 3706 semper
1214 3625 1245 3687 in
1265 3624 1448 3687 immensum
1470 3621 1704 3706 compensavit,
1737 3617 1789 3685 sed
1803 3614 1893 3700 quod

529 3702 689 3765 miraculis
704 3705 931 3786 imprudentem
947 3705 1043 3769 etiarn
1062 3719 1300 3780 remuneretur,
1327 3707 1408 3769 alius
1429 3723 1543 3790 praeter
1557 3726 1607 3772 nia
1622 3705 1738 3770 credat.

580 3819 662 3881 Dein
688 3822 852 3903 privilegia
882 3820 934 3886 vel
956 3824 1178 3905 exemptiones
1203 3843 1267 3887 non
1286 3827 1463 3906 promiscue
1487 3825 1704 3890 distribuendae
1722 3820 1809 3893 lunt,
1840 3817 1892 3884 l'ed

530 3904 639 4047 tegqlq
654 3906 748 3966 etiam
763 3905 963 4049 prudqntiael,
979 3924 1050 4004 quse
1069 3906 1157 3979 vult,
1181 3919 1216 3967 ut
1236 3907 1453 3976 benefactores
1476 3908 1688 4050 luianuoqsue
1710 3902 1891 4050 cqmmodga

529 3988 942 4133 titill‘nl‘qlssaelit
956 3989 1257 4141 'inlinivit
1273 3991 1803 4154 illitis,illinitis
1811 4003 1892 4147 sf'ass

529 4166 553 4211 s.
569 4167 601 4228 4.
617 4149 649 4230 §.
667 4169 713 4230 ¹4·
730 4147 825 4231 &15
842 4153 949 4215 itemt.
961 4170 1010 4217 10.
1027 4159 1055 4230 ς.
1069 4172 1098 4234 5.
1116 4173 1223 4236 petum
1234 4166 1338 4218 autern
1346 4154 1515 4219 alletutilia
1525 4156 1577 4218 soa
1588 4151 1733 4216 Eccleliis
1743 4149 1893 4214 immuni-

529 4236 598 4302 tas,
621 4233 643 4294 fi
663 4243 758 4315 capnt
776 4231 984 4313 Reipublicae‚
1025 4236 1115 4314 cujus
1141 4235 1175 4298 dr
1200 4237 1254 4317 ipsi
1270 4240 1405 4299 membra
1429 4238 1519 4311 sunt,
1545 4257 1611 4297 non
1629 4232 1728 4316 poisat
1752 4231 1891 4313 pericula

530 4311 692 4375 interitum
710 4314 839 4376 Civitati
856 4317 1078 4378 comminantia
1095 4318 1125 4377 in
1141 4332 1285 4399 tempore
1298 4339 1459 4383 amovete.
1513 4320 1595 4395 Quid
1614 4320 1653 4378 da
1676 4314 1797 4399 profusa
1813 4316 1891 4376 libe·

530 4394 655 4458 talitrte
681 4395 875 4459 Constantini
900 4397 941 4459 M.
962 4397 1067 4460 Caroli
1089 4398 1130 4461 Μ.
1150 4398 1283 4462 Ottonis
1305 4401 1328 4461 l.
1348 4401 1478 4464 Hentici
1496 4401 1537 4465 ll.
1555 4401 1750 4484 aliorumque
1771 4395 1891 4464 Princi-

530 4495 606 4559 pum
628 4478 785 4542 cathnlice
801 4478 993 4542 sentiendum
1009 4479 1068 4554 lit,
1087 4480 1158 4562 pios
1175 4482 1328 4562 politicos
1344 4483 1481 4548 contule.
1945 4495 1947 4500 “

445 4612 500 4701 s)
519 4607 581 4675 Sed
598 4632 642 4675 ex
654 4612 718 4680 hoc
732 4633 799 4680 non
814 4614 968 4701 sequitur,
989 4615 1075 4701 qnod
1092 4615 1147 4681 illa
1164 4615 1312 4701 perhanc
1324 4618 1437 4686 destrui
1455 4619 1577 4689 debent.

382 4875 384 4879 ι
493 4763 618 4856 Tamus
633 4763 681 4850 V·
904 4825 909 4834 -
1159 4772 1228 4869 Q
1254 4791 1312 4869 ‘ll
