5017 5592
699 679 770 756 DE
783 676 913 778 JURE
932 675 1197 755 CAESAREO
1218 673 1590 794 PRIMARIARUM
1610 674 1829 767 PREGUM,
1929 705 1995 792 135
2126 701 2132 710 ·

1017 873 1022 892 ¹
1148 879 1177 968 t.
1226 875 1359 949 xvrt.

626 1008 702 1084 Poll
721 1003 923 1103 Sigiamundi
939 1006 1098 1084 excelsum
1114 1035 1132 1082 e
1147 1013 1229 1081 vivis
1256 1009 1395 1081 Alberto
1409 1011 1452 1079 Π.
1471 1009 1555 1100 Regi
1583 1011 1814 1085 Romanorum
1833 1037 1900 1086 nott
1922 1037 1995 1087 ma·

513 1109 567 1206 jor
580 1107 654 1204 lpes
671 1107 808 1190 affulsit,
829 1105 903 1181 fore
923 1134 960 1184 ut
973 1112 1049 1203 jure
1070 1134 1087 1179 a
1105 1105 1336 1179 Basileenstbus
1353 1107 1504 1178 Partibus
1522 1101 1654 1203 speci&
1672 1107 1905 1183 couslitutione
1919 1137 1991 1185 mu·

515 1232 585 1277 nno
607 1205 712 1277 libere
738 1210 784 1279 uti
808 1203 934 1303 pusset;
960 1211 1087 1303 quippe
1110 1206 1300 1276 adhucdum
1323 1208 1505 1278 Germania
1535 1209 1704 1288 neutrius,
1728 1232 1788 1278 nec
1811 1207 1993 1294 Pontificit,
2067 1203 2082 1222 ⁸

516 1329 574 1374 nec
595 1308 737 1375 Concilii
758 1328 867 1400 partes
891 1303 998 1376 secuta
1021 1302 1101 1387 stnt3
1131 1307 1283 1400 quamvis
1306 1304 1462 1373 Albertus
1482 1307 1594 1398 potius
1619 1304 1698 1374 huic
1721 1298 1867 1386 faveret,
1891 1331 1993 1402 qttam

515 1401 585 1482 illi,
618 1403 751 1495 eoquod
777 1398 998 1472 reformandae
1021 1400 1201 1497 discipline
1222 1405 1257 1470 in
1288 1399 1427 1470 Ecclesia
1451 1399 1483 1471 dt
1507 1397 1667 1470 abusuum
1698 1404 2010 1497 expurgandorum'

514 1497 606 1595 spem
623 1500 712 1571 haud
729 1502 893 1570 modicam
910 1496 1042 1573 faceret.
1096 1498 1189 1594 Quid
1209 1520 1320 1570 autem
1336 1497 1423 1570 hisce
1437 1501 1469 1568 in
1486 1496 1591 1569 turbis
1613 1520 1677 1593 pro
1694 1495 1753 1574 suu
1767 1500 1843 1594 jure
1859 1523 1917 1572 aut
1933 1502 1994 1574 ltu·
2028 1551 2032 1558 ,

513 1594 566 1692 jus
591 1600 751 1668 exercitio
774 1595 815 1667 ab
839 1597 994 1669 Ecclestis
1016 1597 1247 1678 Germanicis,
1268 1620 1343 1692 que
1360 1621 1425 1692 pro
1454 1595 1557 1667 libera
1584 1592 1823 1668 beneficiorum
1845 1597 1994 1670 collatio·

515 1719 555 1764 oe
569 1714 745 1790 tantopere
769 1717 999 1778 certaverant,
1026 1718 1225 1792 extorquere
1245 1696 1410 1790 potuerit,
1432 1687 1531 1765 facile
1552 1690 1597 1765 est
1620 1693 1824 1787 dijudicate:
1845 1695 1936 1772 unde
1949 1694 1991 1769 ab

515 1789 586 1890 ipso
604 1792 689 1862 ullas
709 1816 825 1887 preces
840 1789 903 1864 else
925 1791 1116 1888 potreilaa,
1140 1815 1195 1864 aut
1211 1794 1396 1862 executioni
1415 1792 1524 1875 datas,
1548 1788 1698 1887 nuspiam
1714 1791 1826 1882 legere
1847 1789 1912 1875 est,
1931 1817 1993 1868 nte

515 1888 580 1962 ulit
603 1887 819 1962 hillotiarum
837 1891 926 1962 illius
942 1895 1066 1971 etatis,
1089 1910 1165 1960 utut
1181 1886 1395 1960 oculatilsrma
1410 1889 1548 1980 indago,
1569 1887 1704 1982 vestigia
1718 1887 1854 1980 hujusce
1870 1893 1919 1963 rei
1936 1890 1994 1962 de·

515 1987 714 2084 prehendet.
763 1989 918 2060 Tandem
936 2014 954 2058 a
972 1989 1145 2060 Frid'crico
1162 1991 1223 2056 lll⁴
1250 1987 1382 2058 Alberti
1404 1983 1582 2060 successore
1598 1987 1661 2057 alia
1684 1982 1778 2058 suere
1801 2009 1924 2059 tentata
1945 1988 1987 2060 ad

515 2079 794 2182 perfringendum
819 2084 1088 2180 Episcoporum,
1113 2085 1349 2180 Capitulorum
1379 2083 1576 2155 &aliorum
1602 2085 1801 2156 collatorum
1825 2082 2012 2156 renisume-
2090 2119 2094 2126 ·

515 2181 796 2254 animaduerterat
813 2180 870 2254 sub
892 2182 1044 2279 auspiciis
1061 2180 1109 2254 sui
1132 2184 1316 2272 Regiminis
1330 2185 1441 2252 omnia
1454 2178 1517 2252 else
1539 2187 1572 2260 in
1595 2187 1744 2275 Imperio
1767 2181 1914 2264 turbata,
1932 2184 1991 2256 du·

515 2304 609 2352 tante
626 2282 813 2372 Eugenium
827 2284 889 2354 lv.
909 2281 1047 2351 inter&
1070 2280 1215 2350 Felicem
1236 2284 1280 2355 V.
1303 2277 1497 2358 schismate,
1518 2280 1594 2348 hinc
1617 2281 1656 2347 ad
1679 2301 1831 2373 pacatum
1848 2282 1991 2352 Germa·

514 2381 602 2447 uiam
621 2377 782 2449 reducere
795 2379 910 2450 volens
928 2379 1065 2458 statum,
1080 2378 1217 2466 ,Legatis
1239 2379 1380 2466 Eugenii
1396 2380 1455 2446 lv.
1479 2374 1617 2445 sollicite
1641 2375 1672 2445 dt
1701 2378 1916 2447 vehementer
1932 2401 1996 2450 ut·.

516 2473 688 2566 gentibus,
711 2478 879 2545 nationem
896 2478 1131 2548 Germanicam
1141 2473 1180 2542 ad
1197 2475 1441 2544 neutralitatem
1460 2473 1690 2569 deponendam
1707 2476 1883 2567 permovit,
1898 2473 1989 2545 iden·

515 2591 577 2660 que
593 2572 728 2660 Legatis
746 2598 763 2640 a
786 2573 960 2645 Friderrco
975 2574 1007 2643 dr
1023 2576 1154 2642 natione
1175 2573 1315 2640 Romam
1329 2567 1427 2640 missas
1444 2597 1520 2641 cunt
1537 2568 1696 2641 Pontifice
1711 2571 1752 2640 de
1771 2572 1924 2642 tollendis
1934 2598 1988 2644 na·

516 2670 612 2738 tionis
631 2671 841 2741 Germanicae
864 2669 1109 2760 gravaminibus
1134 2666 1172 2763 a)
1199 2692 1256 2738 nec
1275 2694 1341 2737 non
1357 2668 1557 2737 concordata
1572 2666 1715 2761 desuper
1731 2667 1876 2737 ineundo
1893 2693 1989 2759 agen·

517 2764 593 2837 dum
616 2788 706 2836 erat:
729 2791 781 2835 res
802 2792 913 2862 optata
939 2770 1052 2838 habuit
1083 2767 1235 2846 exordia;
1259 2790 1334 2834 nam
1355 2789 1430 2836 cum
1450 2767 1537 2835 inter
1556 2764 1619 2833 ala
1646 2767 1684 2856 b)
1709 2772 1849 2857 petitum
1871 2761 1986 2846 fuerit,

514 2886 550 2934 ut
564 2887 683 2935 omnes
700 2861 796 2934 eleslt
814 2866 854 2934 ad
877 2865 1080 2936 Ecclestas&
1101 2860 1278 2942 beneficia,
1296 2885 1479 2957 omnesque
1497 2862 1538 2933 tle
1554 2864 1592 2931 iis
1610 2859 1731 2956 provisa
1748 2866 1781 2931 in
1802 2861 1985 2932 Germania

515 2983 578 3032 tem
607 2986 668 3030 ore
684 2956 838 3056 suscepte
858 2964 1098 3040 neutralitatis,
1119 2965 1140 3031 ii
1156 2984 1310 3057 quoque,
1329 2965 1385 3053 qui
1406 2960 1558 3031 Concilio
1579 2956 1747 3031 Bafiteenfi
1771 2955 1985 3045 adhaeserant,

539 2985 662 3128 rilsinis
684 3058 868 3129 honoribus
891 3058 1156 3152 &dignitatibus
1182 3055 1457 3140 restituerentur,
1485 3081 1671 3151 eorumque
1703 3054 1904 3151 provisiones
1935 3057 1985 3129 di·

508 3080 662 3252 sslomate
681 3153 855 3226 Ponuficio
876 3159 990 3228 validae
1007 3159 1271 3233 declararentur,
1295 3159 1462 3245 Eugenius
1479 3153 1576 3225 facile
1591 3155 1623 3224 id
1643 3159 1755 3224 attinuit
1780 3157 1811 3242 ι)
1840 3154 1989 3248 insuper·

515 3277 578 3349 que
595 3253 649 3322 vel
676 3252 716 3320 ad.
742 3252 928 3326 inllantiam
955 3258 1138 3334 Ftidcrici,
1161 3254 1211 3321 tel
1233 3276 1270 3323 ut
1291 3256 1389 3346 hujus
1412 3248 1563 3324 favorem
1587 3256 1620 3322 in
1643 3260 1778 3343 negotio
1800 3252 1988 3324 concordia

513 3351 666 3421 ineundae
682 3346 738 3418 stbi
763 3353 973 3435 conciliaret,
994 3355 1102 3424 eidem
1119 3350 1284 3421 indultum
1302 3351 1493 3422 nominandi
1517 3347 1673 3446 personas
1693 3352 1827 3421 idoneas
1853 3349 1891 3417 ad
1909 3375 1983 3419 cett·

515 3468 583 3518 tum
608 3444 767 3517 beneficia
792 3448 967 3533 concessit,
990 3455 1038 3522 uti
1061 3446 1183 3520 constat
1206 3472 1244 3518 et
1268 3448 1451 3542 diplomate
1475 3448 1610 3517 Nicolai
1627 3452 1671 3519 V.
1689 3445 1841 3518 secundo.
1868 3449 1906 3536 A)
1942 3451 1986 3517 Et

516 3570 582 3640 quo
605 3545 694 3614 haud
724 3570 803 3615 vana
828 3548 960 3618 elicitur
981 3547 1171 3640 conjeeiura
1193 3550 1221 3615 l.
1251 3569 1321 3614 tum
1349 3550 1509 3643 temporis
1535 3548 1711 3636 primarias
1735 3569 1849 3636 preces
1876 3569 1891 3610 a
1916 3547 1989 3614 Fri·

516 3643 629 3713 derico
647 3667 713 3710 nnn
729 3639 791 3713 else
809 3643 1006 3734 porreslas,
1020 3654 1071 3714 vix
1086 3648 1173 3715 enim
1191 3642 1431 3726 ideruralseta
1450 3639 1624 3719 Pontifice,
1646 3637 1667 3709 fi
1691 3645 1724 3709 in
1750 3636 1902 3709 universo
1923 3643 1987 3709 lm·

515 3742 610 3835 perio
626 3738 666 3808 ad
682 3763 798 3810 omnes
815 3742 970 3814 Ecclestas
993 3770 1047 3815 eas
1070 3740 1235 3834 dirigendi
1253 3741 1414 3834 potcllate
1440 3742 1472 3811 dt
1495 3738 1570 3831 jure
1593 3737 1838 3833 imperturbato
1858 3735 1986 3826 gavilits

515 3833 601 3909 esset.
648 3839 694 3907 ΙΙ.
721 3838 952 3931 Praejudicium
975 3867 1046 3913 tum
1068 3842 1279 3911 Fridericum
1297 3838 1330 3911 dt
1345 3840 1426 3911 alios
1447 3832 1637 3933 occupasse,
1656 3840 1691 3908 in
1705 3833 1873 3909 Pontificis
1889 3835 1988 3905 libet·

518 3954 579 4006 tate
595 3930 680 4016 esse,
702 3934 829 4007 indulta
847 3936 1051 4031 ejuscemodi
1073 3938 1268 4010 concedere.

554 4106 592 4186 a)
611 4102 685 4169 Vid.
701 4102 882 4186 Raynaldua
897 4106 935 4167 ad
948 4124 1018 4169 ann.
1035 4102 1124 4185 1446.
1139 4123 1169 4166 n.
1185 4122 1214 4184 5.
1232 4120 1302 4183 pag.
1319 4119 1390 4182 321.

553 4220 588 4303 b)
609 4218 812 4320 ldemtefett
826 4223 903 4288 loco
922 4242 1001 4285 mox
1016 4222 1116 4283 citato
1132 4218 1164 4281 dt
1180 4219 1217 4280 ad
1233 4240 1282 4284 au.
1299 4240 1388 4303 1447·
1405 4240 1434 4285 n.
1452 4239 1477 4282 1.
1491 4216 1524 4281 dc
1539 4235 1568 4281 2.
1587 4214 1988 4300 postulataNatiouiaGet-

628 4322 771 4368 mautcae.

482 4449 485 4454 ·
552 4425 581 4493 t)
601 4421 651 4485 Ad
667 4422 802 4486 eundem
822 4438 937 4484 annum
955 4418 1037 4482 idem
1051 4416 1231 4501 Raynaldua
1243 4437 1274 4482 n.
1286 4438 1317 4502 3.
1330 4419 1482 4501 perhibet.
1503 4501 1507 4506 ἡ

551 4542 590 4627 d)
612 4539 716 4607 Verba
732 4540 844 4603 indulti
862 4538 943 4622 apud
963 4537 1145 4635 Ollgeuium
1163 4538 1193 4599 itt
1211 4533 1333 4598 Differt.
1347 4538 1386 4597 de
1400 4535 1470 4635 jure
1483 4536 1606 4682 primas.
1620 4550 1747 4612 precum
1762 4530 1832 4593 haec
1847 4528 1917 4591 sunt
1929 4547 1990 4591 ex·

645 4621 737 4686 reffa:
760 4623 915 4685 “Dudum
933 4622 1080 4701 siquidem
1097 4618 1148 4680 sel.
1166 4617 1287 4681 record.
1301 4617 1464 4701 Eugentus
1506 4638 1563 4696 apa
1585 4616 1642 4681 lV.
1662 4610 1866 4696 praedecessor
1882 4613 1988 4672 noster

555 4789 557 4794 Ι
659 4725 744 4774 ener.
766 4705 865 4773 Fratri
881 4701 990 4778 nostro
1012 4701 1172 4788 Episcopo
1190 4701 1351 4771 chiemen.
1373 4701 1550 4782 reservandi
1568 4697 1736 4765 donationi
1754 4693 1817 4759 suae
1837 4713 1895 4777 pro
1914 4710 1991 4842 {pap}
