5017 5592
358 633 360 638 ’
494 650 561 726 128
870 625 1520 710 ‘DlssstttATto

495 812 676 888 descientia
700 813 789 885 aliud
812 811 1000 884 suaderent.
1029 807 1172 910 'Neque
1194 813 1336 884 mirum.
1362 811 1384 884 sr
1408 815 1499 882 cn‘m
1530 810 1706 882 collatores
1728 807 1980 882 beneficiorum

492 897 708 985 Pontificibus
725 937 766 985 eo
781 937 851 982 arro
874 908 1000 982 summa
1018 912 1050 980 in
1068 913 1281 981 veneratione
1298 915 1377 981 a'ias
1400 909 1520 982 habitis
1543 906 1811 999 reluctabantur,
1833 935 1894 978 cur
1910 913 1982 980 lm·

492 1011 732 1108 peratoribus,
761 1033 906 1106 quorum
929 1006 1073 1105 potestas
1097 1032 1167 1080 tum
1190 1007 1333 1080 multum
1358 1011 1512 1080 imminui
1537 1010 1664 1102 coepit,
1688 1008 1762 1102 plus
1787 1001 1981 1090 deferrent,

494 1134 562 1179 non
585 1109 853 1204 comprehendo,
877 1102 1061 1203 praesertim
1079 1129 1155 1177 cum
1175 1129 1241 1176 non
1265 1113 1439 1204 potuerint
1463 1129 1529 1176 non
1553 1099 1729 1176 rellelicrc
1748 1104 1789 1175 sd
1817 1126 1978 1198 tempora

497 1231 565 1277 nnn
580 1205 762 1277 admodum
783 1227 930 1284 remota,
954 1202 1076 1300 quibus
1099 1211 1302 1275 concertatio
1316 1205 1373 1275 illa
1395 1199 1522 1277 lunello
1549 1205 1636 1275 circa
1663 1199 1872 1284 investituras
1890 1204 1980 1274 Pon·

494 1300 600 1376 rifices
619 1302 652 1374 dt
671 1304 811 1380 concilia
834 1297 1076 1399 Episcopotum
1092 1299 1228 1374 inter&
1250 1307 1479 1401 Imperatores
1498 1295 1675 1387 efferbuit,
1699 1325 1735 1372 sc
1751 1302 1786 1372 irs
1807 1299 1976 1375 libertatis

492 1397 712 1476 ecclesiastice
728 1397 937 1474 assertionem
960 1396 1133 1496 consopita
1147 1395 1204 1472 est.
1883 1427 1892 1444 ·

534 1572 571 1654 a)
594 1565 818 1633 Thomallious
833 1567 914 1635 Part.
933 1569 973 1634 11.
989 1570 1062 1638 Vet.
1081 1567 1115 1633 dr
1128 1568 1217 1636 Nov.
1231 1567 1319 1634 Eccl.
1336 1565 1409 1630 disci
1432 1567 1453 1631 l.
1473 1565 1541 1634 Lib.
1556 1567 1582 1631 l.
1596 1585 1632 1630 ca
1655 1611 1664 1632 .
1683 1562 1770 1632 LIV.
1787 1619 1790 1624 .
1810 1611 1818 1628 .
1835 1562 1860 1629 l.
1877 1562 1978 1647 Elpe-

606 1652 679 1714 uiua
691 1651 755 1724 Jnr.
773 1649 859 1716 Eccl.
875 1652 955 1718 Part.
974 1652 1014 1717 11.
1037 1651 1103 1718 Tit.
1126 1652 1232 1717 XXV.
1247 1669 1315 1733 cap.
1334 1649 1393 1714 lx.
1408 1587 1441 1732 ζ.
1461 1649 1533 1714 ΧΧ.
1582 1585 1769 1713 Boeltmerus
1814 1666 1859 1712 ut.
1884 1645 1977 1712 Eccl.

610 1731 741 1798 Protest.
768 1736 834 1798 Lib.
849 1733 907 1803 lll.
922 1733 987 1801 Tit.
1005 1735 1044 1798 de
1062 1737 1156 1818 praeb.
1174 1733 1208 1798 dc
1225 1735 1338 1814 dignit.
1359 1731 1535 1798 Keuffetiua
1559 1731 1696 1797 lullitut.
1716 1729 1790 1798 Vct.
1810 1749 1848 1793 sc
1859 1730 1977 1794 mediae

555 1855 568 1882 a
609 1814 758 1880 Ecclelite
773 1816 896 1900 politiae
917 1817 982 1882 Lib.
1003 1817 1045 1882 ll.
1058 1839 1086 1881 c.
1098 1815 1155 1881 IX.
1170 1817 1203 1900 S.
1216 1813 1428 1879 cccxcvii.
1874 1823 1877 1827 '

535 1932 583 2015 lt)
595 1932 771 1997 Hadrianus
783 1932 866 1997 euim
883 1934 941 2003 lv.
960 1936 1012 2016 qui
1035 1932 1135 1999 l'edem
1149 1933 1366 2017 Apostolicam
1383 1951 1467 1995 anuo
1483 1905 1625 1996 MdLlV.
1648 1929 1850 2002 conscendit,
1889 1927 1977 1994 Pari·

609 2014 734 2079 liensem
754 2014 943 2100 Episcopum
954 2019 1084 2113 rogavit
1097 2017 1236 2098 Epistols
1256 2037 1303 2098 13.
1319 2026 1355 2077 ut
1374 2017 1508 2098 primum
1523 2014 1744 2078 canonicatum
1765 2023 1820 2076 aut
1834 2011 1977 2096 diguita-

609 2109 675 2159 tcm
691 2099 722 2158 iu
738 2097 878 2175 eiusdem
894 2098 1040 2162 Eccleltae
1052 2099 1199 2181 Capitulo
1221 2114 1386 2163 vacantem
1400 2098 1532 2178 Hugoni
1552 2095 1645 2180 Regis
1660 2095 1683 2158 F
1685 2095 1797 2158 tanciae
1810 2093 1978 2159 cancella·

504 2215 507 2220 -
610 2181 661 2244 tio
679 2179 857 2242 conferret:
883 2190 904 2222 ‘⁶
918 2180 1153 2246 Fratetnitatem
1174 2193 1279 2256 tuam,
1303 2181 1427 2261 iuquit,
1473 2199 1509 2240 ro
1530 2178 1595 2254 ltis,
1628 2181 1680 2261 qui
1702 2180 1796 2240 nobis
1814 2179 1880 2240 cari
1903 2175 1978 2242 suut

609 2279 723 2343 rogare
740 2279 806 2322 non
825 2264 1015 2328 dubitamus.
1038 2311 1047 2330 .
1069 2263 1298 2335 cancellarius,
1331 2261 1428 2343 Regis
1448 2201 1585 2324 lraneiae
1604 2259 1754 2324 Romanae
1777 2257 1927 2324 Eccleliae
1939 2259 1986 2330 dt,

609 2346 703 2407 nobis
718 2354 868 2424 quantum
883 2347 1024 2409 devotus
1039 2346 1074 2408 stt
1088 2346 1121 2407 dc
1140 2345 1260 2421 tidelis,
1281 2346 1477 2428 prudentiam
1493 2357 1578 2405 tuam
1591 2361 1655 2404 non
1670 2344 1825 2404 credimur
1841 2343 1977 2422 ignora·

608 2442 653 2487 re.
697 2426 773 2487 lude
788 2425 852 2500 est,
883 2428 968 2510 quod
987 2429 1074 2490 illurn
1096 2427 1294 2491 Fraternitati
1314 2439 1378 2488 tuae
1393 2428 1542 2488 duximus
1561 2425 1728 2506 plurimum
1748 2421 1977 2494 commendau-

608 2507 703 2579 dum,
731 2519 882 2588 rogantes
896 2511 1069 2581 attentius,
1092 2523 1247 2590 quatenus
1264 2529 1321 2591 pro
1335 2509 1423 2571 Beati
1444 2507 1525 2571 Petri
1542 2505 1576 2568 dc
1598 2507 1770 2569 nostrarum
1791 2507 1977 2570 reverentia

610 2588 770 2650 literatum
783 2592 915 2671 primum
930 2590 1127 2671 personatum
1147 2592 1199 2653 vel
1215 2591 1389 2661 ltonotem,
1410 2593 1462 2671 qni
1484 2593 1514 2651 in
1538 2602 1592 2650 tua
1609 2590 1734 2650 vacabit
1754 2585 1911 2657 Ecclelia,
1945 2590 1978 2652 ei

612 2670 788 2743 concedas,
826 2671 910 2736 ut&
931 2673 993 2768 ipse
1007 2672 1126 2736 nostras
1144 2673 1199 2736 stbi
1219 2693 1327 2752 preces
1343 2671 1452 2734 sentiat
1473 2669 1651 2735 fruituoias
1665 2671 1699 2731 dc
1717 2689 1779 2732 nos
1798 2671 1837 2732 de
1852 2669 1979 2733 uolita-

612 2770 681 2815 rum
693 2772 818 2834 precum
833 2756 1015 2819 admilltone
1027 2757 1196 2837 gratiarum
1211 2758 1268 2819 tibi
1287 2754 1456 2817 exsolvere
1477 2756 1645 2815 debeamus
1666 2754 1837 2823 sitiones„
1859 2753 1978 2846 perspi·

613 2851 707 2898 cuum
719 2835 792 2898 biuc
804 2835 849 2900 est
861 2840 1151 2902 commendatitiam
1166 2859 1234 2900 eam
1249 2836 1338 2900 luille
1351 2846 1473 2900 tantum
1487 2835 1649 2918 epistulam
1665 2833 1698 2896 dr
1713 2853 1837 2916 precem
1850 2833 1978 2898 truead·

612 2917 682 2979 dito
698 2919 860 2980 mandato.
905 2916 1063 2984 Primusis
1080 2918 1270 2983 Pontificum
1284 2939 1300 2980 a
1318 2916 1523 2980 Thomaffino
1539 2916 1668 2980 Part.ll.
1686 2917 1758 2982 Vct.
1773 2915 1805 2976 dr
1816 2913 1904 2980 Nov.
1918 2917 1979 2980 dil·

613 2997 686 3079 cipl.
700 2997 768 3063 Lib.
782 2999 807 3062 1.
824 3021 892 3082 cap.
910 3001 1025 3065 XLlll.
1041 3002 1075 3084 §.
1091 3001 1131 3064 11.
1143 3002 1259 3066 dicitur
1272 2998 1410 3084 petiille,
1440 3002 1568 3065 tandem
1590 2998 1624 3063 ἃ
1647 2995 1824 3082 praecepiffe
1846 2999 1978 3068 ordina·

614 3079 692 3153 riis,
713 3093 749 3143 ut
761 3082 912 3145 beneficis
928 3086 1158 3148 commendatis
1174 3084 1366 3148 conferrent.

537 3199 571 3283 s)
591 3197 666 3266 Vid.
691 3197 787 3281 Epist.
808 3200 929 3267 XXIV.
956 3203 1104 3266 Hadriani
1126 3203 1183 3271 IV.
1209 3201 1381 3266 Alexandri
1403 3197 1461 3264 lll.
1485 3198 1616 3283 Epistol.
1637 3197 1710 3263 Vll.
1740 3199 1973 3280 Appendiclsl.

612 3279 709 3362 Epist.
729 3282 1008 3351 XCV1.XCVlll.
1029 3286 1173 3367 Append.
1198 3286 1240 3347 ll.
1261 3283 1388 3347 Confer.
1409 3283 1530 3347 Natalis
1552 3283 1731 3346 Alexander
1752 3283 1869 3348 Hillot.
1887 3283 1974 3351 Eccl.

613 3361 795 3528 {efflllmxsl
809 3363 932 3518 ῧΗξῘΙΙΙ
949 3368 1107 3517 ἳρνῖῗί.
1122 3370 1192 3434 Art.
1207 3365 1263 3436 Vl.
1282 3367 1306 3441 l.
1324 3365 1381 3433 lV.
1420 3363 1523 3449 Espen
1541 3365 1605 3438 lut.
1630 3362 1718 3430 Eccl.
1743 3364 1824 3432 Part.
1843 3365 1887 3434 ll.
1907 3363 1974 3434 Tit.

540 3560 578 3643 d)
601 3560 675 3628 Vid.
690 3561 839 3646 Stephani
854 3562 1063 3630 Tomacenlis
1080 3564 1174 3647 Epist.
1190 3565 1289 3631 xctt.
1311 3564 1343 3627 dc
1358 3563 1474 3630 cxlv.
1493 3565 1573 3644 apud
1588 3563 1619 3629 P.
1635 3565 1800 3628 Claudium
1820 3567 1865 3628 du
1881 3565 1976 3631 illos·

614 3647 710 3721 linet,
733 3651 785 3728 qui
805 3669 917 3712 omnes
930 3647 999 3729 ejus
1023 3649 1169 3731 epistolas
1185 3649 1331 3712 edidit&
1356 3649 1443 3708 notis
1460 3647 1637 3712 illustrauit.
1679 3648 1858 3711 lntetalios
1875 3669 1974 3714 cauo·
2005 3694 2008 3698 ι

615 3748 689 3791 utrm
708 3732 828 3811 petitos
849 3731 922 3793 lcite
940 3732 1086 3794 observat
1107 3731 1136 3792 id
1154 3729 1331 3796 Fiant-iscus
1350 3728 1478 3792 Florens
1504 3728 1553 3791 his
1573 3732 1677 3792 verbis
1703 3733 1773 3794 “ab
1794 3732 1909 3804 initio,
1934 3751 1975 3796 rte

614 3810 787 3872 collatores
806 3813 954 3874 ordinarii
974 3815 1104 3893 gravius
1124 3827 1411 3896 conquererentur,
1443 3812 1585 3875 imminui
1608 3814 1675 3893 jura
1703 3811 1773 3886 sue,
1803 3811 1975 3880 Pontifices

615 3911 681 3954 non
700 3891 799 3954 statim
818 3892 850 3954 dc
865 3895 972 3974 primis
992 3894 1092 3956 literis
1111 3897 1164 3957 vel
1182 3897 1349 3962 mandato,
1371 3912 1443 3955 com
1469 3893 1603 3956 ellebsnt
1623 3913 1682 3956 eos
1696 3895 1732 3956 ad
1745 3895 1975 3961 conserendum

615 3995 733 4037 vacans
748 3974 800 4036 rel
815 3977 964 4057 proxime
982 3985 1168 4038 vacaturum
1190 3976 1388 4040 beneficium.
1447 3913 1557 4038 l‘rimo
1580 3979 1761 4040 monitorias
1784 3977 1975 4054 scribebant,

616 4060 729 4139 quibus
743 4057 764 4120 li
779 4076 843 4119 non
858 4059 1149 4139 obtemperabatur,
1169 4057 1307 4121 secundo
1322 4058 1553 4138 stoecmtorias,
1588 4061 1684 4121 tertio
1702 4058 1724 4122 st
1749 4061 1920 4142 perstarent
1941 4063 1975 4126 ln

616 4141 836 4212 contumacis,
856 4140 971 4204 dabant
988 4145 1194 4213 excretorias,
1215 4141 1329 4222 quibus
1343 4141 1573 4203 contumaciam
1588 4139 1767 4205 celi'antium
1781 4144 1975 4208 collatorum

639 4221 804 4285 uniebant:
827 4224 900 4287 ideo
911 4224 1114 4286 executoriss
1129 4223 1319 4304 appellatas,
1341 4224 1412 4303 quis
1427 4222 1539 4286 iisdem
1554 4224 1669 4299 literis,
1698 4237 1908 4290 executorem
1920 4226 1976 4290 de·

505 4309 520 4324 ··
615 4237 787 4447 lestis
810 4303 1164 4466 contelerunt
1179 4304 1722 4469 ²crismentur
1738 4307 1976 4456 stitisse

781 4425 791 4458 t
1153 4431 1163 4460 s
1714 4435 1723 4454 a

616 4481 700 4528 veto
715 4471 880 4548 tempore.
902 4468 956 4531 ubi
971 4471 1071 4550 coepit
1085 4469 1269 4552 huiusmodi
1283 4472 1501 4532 mandatorum
1516 4473 1670 4534 autoritas
1685 4469 1893 4544 invalescere,
1908 4489 1977 4534 uon

615 4563 667 4612 sm
690 4545 752 4612 lius
769 4555 834 4612 tres
851 4548 959 4613 literas
976 4549 1108 4616 divertis
1127 4563 1192 4616 tem
1216 4555 1347 4626 oribus,
1369 4549 1418 4614 l'ed
1440 4569 1518 4615 unas
1535 4562 1656 4634 tantum
1674 4553 1847 4627 dederunt,
1878 4555 2001 4618 etiam·

599 4685 604 4700 .
680 4629 689 4646 ⁶
747 4627 1065 4716 sadum,
1086 4635 1142 4718 qui
1254 4633 1462 4704 reordinatio
1481 4635 1639 4702 collatore
1654 4633 1832 4728 conferret,
1858 4655 1979 4782 exsult-

598 4787 613 4808 .,
641 4791 658 4808 ,,
687 4767 812 4806 ,..-..-
996 4737 1055 4822 js,
1919 4735 1980 4802 po
