5017 5592
356 631 361 638 ·
489 631 561 706 524
724 513 1063 686 ntlsnnrnno
1087 541 1438 668 tnnuounnud
1461 586 1732 684 ennontcn
1785 607 1800 622 ··
1929 521 1933 532 ’

481 764 567 882 fitne
587 778 718 870 benefitii
737 774 994 872 explicantibus3
1019 773 1054 847 hi
1070 777 1160 847 enim
1180 775 1322 872 propius
1341 794 1466 846 metam
1490 773 1653 862 tetigere;
1681 772 1765 868 quin
1790 793 1901 848 temen
1917 801 1961 849 re·

487 888 614 957 tionem
632 875 765 957 darent,
786 898 846 945 cur
868 880 1010 946 decimam
1034 875 1244 970 interpreiati
1261 870 1322 944 lint
1343 873 1527 964 benefitium.
1543 868 1567 912 l‘
1599 873 1737 943 Horum
1762 871 1960 950 adiuuandae

487 979 667 1053 sententiae
684 975 807 1067 gratia,
832 975 902 1043 imo
917 973 1064 1044 veritatis
1092 969 1384 1049 demonstrandae,
1409 995 1448 1040 ex
1474 966 1635 1060 Anglirae
1658 965 1819 1045 historiae
1842 969 1963 1058 eistetiq

487 1077 568 1163 bus,
589 1074 670 1173 quid
687 1097 719 1145 et
736 1094 836 1168 quom
856 1070 923 1145 late
937 1069 1056 1164 Anglis
1072 1094 1135 1142 rot
1150 1077 1276 1141 Decime
1291 1065 1457 1151 sonuerit,
1473 1090 1603 1138 eruam.

528 1233 543 1270 i
559 1228 801 1301 panormitanas
815 1225 853 1286 ad
867 1224 898 1288 h.
914 1245 941 1288 e.
962 1242 992 1289 n.
1004 1243 1035 1306 9.
1058 1221 1099 1286 stc
1112 1222 1222 1306 ponit:
1244 1219 1341 1302 „Ego
1362 1219 1517 1289 dicerem.
1538 1221 1625 1300 quod
1642 1232 1696 1285 eut
1715 1231 1831 1290 textus
1846 1223 1904 1292 iste
1919 1228 1957 1291 in·

597 1309 780 1388 „telligitut
799 1310 833 1368 iti
851 1303 1036 1390 toneeffioitm
1058 1325 1139 1386 quae
1152 1303 1187 1366 fit
1201 1307 1280 1366 loco
1294 1306 1464 1365 culationis
1485 1302 1639 1449 heregoti:
1659 1319 1714 1368 ent
1733 1309 1766 1369 in
1791 1310 1957 1373 concellio-

511 1419 513 1426 ·
598 1411 663 1468 „ne
681 1393 808 1454 aberitis
820 1395 866 1449 ret'
882 1387 1072 1450 elicuisset·
1089 1401 1237 1466 tanquam
1254 1388 1334 1448 bene
1349 1387 1474 1448 merito.
1486 1427 1507 1460 „
1584 1388 1688 1449 ocillrt
1702 1390 1755 1451 nic
1772 1389 1957 1456 Panormita·

598 1492 678 1543 eius,
692 1493 751 1534 nec
765 1471 865 1534 ullum
881 1472 1086 1532 alternatiuae
1105 1471 1268 1549 opinionis
1283 1468 1355 1529 suae
1365 1468 1482 1528 indicat
1498 1465 1750 1535 fundamentum.
1795 1475 1899 1558 Magis
1911 1495 1958 1558 po·

599 1556 691 1620 fitiue
708 1555 849 1635 loquitur
868 1553 1026 1614 Gamzolez
1036 1554 1073 1614 ad
1089 1551 1119 1616 h.
1135 1573 1161 1614 c.
1177 1571 1261 1613 num.
1279 1571 1308 1630 3.
1323 1549 1392 1628 pult
1406 1551 1486 1610 med.
1501 1551 1655 1623 sctibens,
1672 1555 1821 1618 decimam
1835 1578 1870 1620 iit
1880 1577 1960 1640 pete·

592 1637 678 1722 senii
697 1657 757 1697 aaa
771 1633 965 1719 fignifitam
984 1635 1064 1716 quod
1078 1630 1190 1716 satiat.
1213 1631 1263 1702 sed
1275 1634 1379 1714 potitii
1405 1632 1579 1714 benefitium
1608 1634 1869 1719 Ettleſsofli'tiem:
1886 1640 1961 1721 atqui

408 1723 421 1762 ⁸
596 1720 688 1782 sonat
711 1719 765 1784 id.
796 1717 882 1797 quud
909 1715 1065 1779 Geneatae
1090 1716 1262 1795 intelligit!
1296 1715 1372 1776 licet
1395 1714 1477 1774 idem
1506 1715 1751 1779 commentator
1773 1723 1961 1804 praepollere

597 1802 713 1866 ibidem
737 1799 852 1879 alleget
883 1799 954 1878 Cep.
966 1816 995 1860 2.
1014 1819 1047 1861 x.
1070 1797 1105 1859 de
1127 1803 1235 1868 locato,
1254 1815 1352 1874 quum
1373 1793 1437 1856 boc
1453 1815 1517 1855 non
1545 1798 1694 1878 loquatur
1710 1800 1750 1864 de
1770 1803 1960 1868 coneeffione

599 1885 791 1946 decimarum
811 1884 843 1942 in
865 1880 1055 1954 beneficium,
1077 1879 1124 1940 led
1148 1880 1186 1942 de
1195 1875 1353 1960 sinilibus
1367 1877 1552 1941 deeimarum
1565 1882 1606 1942 od
1620 1879 1752 1966 firmem
1777 1886 1883 1960 dorii,
1906 1891 1962 1954 ie.

600 1979 641 2030 vt
657 1966 753 2027 hodie
769 1965 949 2044 loquimur,
972 1961 1168 2026 adtendentes.
1969 1989 1972 2010 ι

600 2107 732 2179 XVlll.
756 2099 938 2174 Voluendo
954 2104 1066 2196 itaque
1085 2122 1194 2172 vetera
1211 2098 1343 2186 Regum
1362 2097 1582 2190 Anglicorum
1603 2121 1844 2185 monumenta,
1863 2128 1960 2176 uon·

485 2202 613 2281 nalium
637 2200 701 2274 fiae
720 2201 883 2293 cognoui,
909 2202 1075 2291 Alftedum
1096 2197 1285 2286 Anglorum
1308 2199 1454 2288 Regem,
1479 2221 1702 2288 cognomento
1723 2211 1907 2293 Magnam,
1926 2201 1962 2273 ad

486 2300 741 2400 compescendas
764 2299 995 2388 indigenarum
1025 2300 1183 2392 rapinas,
1214 2317 1402 2391 eurumque
1424 2295 1566 2364 arcellus
1592 2291 1647 2390 (vt
1671 2305 1782 2367 Auior
1798 2287 1855 2369 en'
1869 2304 1962 2395 legil-

484 2405 579 2499 plius)
600 2423 694 2470 more
708 2397 915 2468 Francorum
929 2418 963 2465 et
982 2391 1251 2472 Gerntenorum,
1273 2397 1373 2462 totius
1391 2393 1531 2483 Angliae
1549 2418 1652 2488 pagos
1669 2395 1706 2464 dt·
1726 2401 1917 2487 prouintias
1930 2401 1960 2469 iu

486 2505 676 2576 Comitatus,
699 2497 848 2591 primum
863 2494 1014 2564 oninium
1034 2485 1266 2571 eommutalle,
1293 2496 1464 2561 Comitatus
1480 2491 1513 2559 in
1537 2503 1698 2561 centurias
1724 2503 1836 2590 (quae
1851 2499 1960 2588 Anglii

486 2599 693 2676 Hordtedet,
719 2588 809 2663 forte
825 2616 842 2661 a
860 2615 941 2661 voce
965 2594 1178 2682 germanica:
1205 2585 1380 2683 §aribert
1393 2634 1407 2681 p
1432 2587 1608 2679 dicuntur)
1637 2611 1670 2659 et
1685 2593 1719 2659 in
1748 2599 1963 2666 DECIMAS

385 2759 388 2765 .
486 2690 641 2768 diuilille.
692 2685 1067 2788 Huiuayconllitutionis
1086 2687 1208 2778 Regiae
1225 2683 1316 2754 haud
1336 2687 1515 2756 immemor
1532 2689 1600 2756 Rex
1625 2693 1771 2757 Kanaites
1786 2691 1822 2758 in
1841 2689 1963 2784 legibus

485 2789 553 2880 suis
574 2817 647 2890 cap.
666 2814 724 2877 40.
740 2788 868 2861 statuit:
897 2792 1057 2870 Volumus,
1077 2807 1120 2858 vt
1134 2788 1227 2856 emitis
1241 2786 1327 2854 liomo
1342 2787 1418 2857 liber
1433 2788 1464 2856 itt
1489 2791 1655 2857 Huidttdo
1680 2785 1722 2878 (i.
1738 2811 1769 2861 e.
1792 2789 1961 2885 centurio)

486 2912 518 2965 et
532 2897 564 2964 iet
587 2894 781 2964 DECIMA
803 2887 914 2978 palitiis
924 2885 986 2974 fit.

604 3041 693 3109 xlx.
733 3032 935 3107 Glossarium
953 3034 1066 3110 Caroli
1090 3040 1244 3129 Dulrestte
1264 3035 1305 3108 ad
1325 3059 1466 3110 rocem:
1493 3044 1614 3108 Dicent
1632 3033 1673 3109 lie
1698 3040 1820 3133 potiit:
1849 3051 1964 3118 Detme

487 3139 611 3213 dieitur
628 3138 768 3213 dictitio,
790 3131 844 3205 seu
867 3139 1064 3205 decemuitele
1079 3138 1247 3228 collegium,
1268 3139 1320 3206 cui
1345 3157 1496 3230 praeerat
1527 3143 1678 3210 Detonsis.
1706 3189 1715 3208 .
1737 3189 1802 3210 ...
1838 3143 1962 3214 Dsscr·

487 3257 554 3312 rin
575 3233 692 3324 anglis
710 3231 831 3301 dicitur
847 3234 880 3300 in
899 3230 1028 3324 legibus
1048 3241 1122 3304 Inte
1142 3239 1225 3329 Cap.
1247 3225 1464 3327 antepenult.‘
1517 3235 1703 3306 Decima
1725 3235 1834 3324 igitur
1849 3241 1961 3331 Anglii

486 3331 662 3407 dicebatur
685 3333 844 3420 Collegium
862 3333 1077 3414 decemuirali,
1100 3335 1152 3402 eui
1170 3353 1324 3426 praeerat
1347 3342 1502 3402 Deionis.-
1525 3332 1615 3424 qnod
1633 3332 1665 3402 dt
1686 3334 1774 3422 leges
1797 3341 1964 3412 flentitil.

485 3434 589 3524 Regis
609 3427 747 3519 Angliae
763 3425 850 3496 clare
868 3425 1086 3509 confirmant,
1109 3453 1193 3523 quae
1210 3432 1293 3520 Cap.
1308 3432 1341 3499 6.
1357 3426 1396 3498 lic
1412 3428 1577 3498 llatuunt:
1607 3436 1809 3500 Centurioein
1831 3443 1965 3508 DEGA·

485 3533 602 3604 NIAS
616 3532 672 3598 vel
695 3531 910 3623 DECIMAS
933 3526 1169 3620 distinguuntur.
1216 3530 1312 3597 ldem
1328 3550 1410 3618 ergo
1431 3528 1550 3620 Aegiis
1566 3524 1611 3597 est
1636 3532 1862 3615 DECIMA,
1888 3536 1964 3627 qood

603 3762 674 3830 XX.
702 3759 769 3828 Hia
790 3779 872 3829 vero
893 3754 1056 3848 cognitis,
1080 3751 1270 3827 indubium
1292 3754 1404 3827 vocati
1422 3757 1564 3852 poterit,
1592 3753 1633 3828 de
1655 3783 1720 3853 qua
1746 3769 1965 3837 DEGANIA

485 3857 539 3934 vel
553 3863 748 3929 DECIMA
764 3859 797 3924 itt
816 3854 977 3949 praesenti
995 3855 1161 3926 Deereralt
1178 3849 1330 3926 Pontifex
1345 3856 1526 3950 loquatur?
1550 3855 1657 3926 Ande
1677 3863 1828 3941 Peliiiee,
1845 3861 1888 3934 de
1902 3886 1964 3956 qur

485 3957 577 4050 leget
593 3979 683 4026 num.
704 3953 854 4044 praeced.
874 3955 1022 4022 citatae?
1049 3962 1100 4023 An
1117 3977 1197 4024 vero
1214 3954 1255 4023 de
1272 3950 1505 4040 Ettlefiestim?
1530 3953 1595 4022 Sed
1617 3951 1755 4026 dubium
1777 3955 1847 4050 hoe
1866 3955 1963 4032 facile

484 4057 606 4136 bader,
634 4050 657 4123 fi
685 4049 879 4144 Capitulum
903 4068 1026 4119 attente
1046 4059 1269 4129 examinetur,
1292 4053 1434 4119 maxime
1458 4052 1490 4118 in
1513 4049 1688 4123 lubfidinm
1712 4078 1832 4128 vocato
1848 4043 1962 4144 fo'ttte3

487 4151 572 4224 nihil
593 4152 681 4221 enim
707 4154 925 4219 DECANIA
944 4153 1094 4239 politice*
1118 4149 1158 4217 ad
1181 4151 1368 4240 Episcopum,
1390 4147 1475 4218 nihil
1497 4148 1537 4218 ad
1562 4151 1633 4221 eius
1658 4149 1962 4240 confirmationem,

484 4248 720 4322 multominus
742 4241 938 4316 inuestitura
955 4243 995 4315 ad
1017 4247 1286 4334 Atebidietmitm.

527 4377 548 4420 *
572 4378 714 4444 Patronus
729 4377 785 4439 baa
809 4377 877 4442 DE
881 4376 939 4440 cA
944 4373 976 4438 N
978 4374 1061 4439 IAS
1072 4375 1215 4442 describit
1230 4378 1387 4460 allegatus
1401 4376 1488 4460 supra
1505 4373 1746 4459 Alsotdttttom.
1760 4399 1790 4461 3.
1805 4400 1878 4464 pag.
1891 4393 1960 4468 178.

601 4460 640 4522 ad
651 4456 723 4523 a.C.
736 4469 806 4553 5388.
822 4479 909 4540 n.3.‚
932 4460 1023 4559 culos
1039 4463 1496 4560 propriaverbaillulltationis
1509 4459 1669 4557 gratialiic
1682 4460 1800 4523 insero:
1825 4464 1962 4540 „...0-

600 4557 728 4616 „mrem
742 4552 846 4618 itaque
864 4541 935 4603 suae
948 4542 1079 4605 dtnouts
1096 4543 1241 4617 insulem,
1272 4565 1302 4608 itt
1317 4555 1487 4617 centurias,
1517 4547 1709 4626 decuriasque
1726 4545 1888 4618 dillinxitt
1921 4566 1964 4610 eo

599 4621 690 4702 „lere
703 4639 809 4701 ”Olet
826 4639 919 4708 quem
935 4643 1038 4710 nunc,
1058 4621 1130 4712 1³0st
1145 4638 1198 4698 tot
1215 4621 1529 4708 saecularitatum,
1549 4628 1664 4712 quique
1682 4627 1721 4697 ab
1733 4625 1888 4714 Alp‘tedo,
1898 4630 1963 4776 {gb

1872 4754 1897 4794 ti
1945 4731 1965 4785 ἕ
