5017 5592
547 655 618 737 DE
641 649 905 733 BONORUM
931 647 1630 736 ammomum-Domuum
1654 659 1902 742 coLLEc‘r.
1928 674 2002 772 627

514 830 676 912 mensalia
691 832 754 904 alit
771 828 930 930 Episcopi
953 833 986 905 dc
1007 835 1069 908 alia
1084 834 1232 932 Capituli
1255 833 1334 908 inale
1355 835 1567 924 emerserint,
1589 838 1815 945 separatisque
1835 844 1902 922 ase
1920 850 2003 924 invi.

469 1020 473 1030 .
514 959 592 1010 cem
609 930 794 1006 rationibus
814 930 1037 1005 administrati
1050 936 1235 1030 coeperint.
1249 936 1283 1024 a)

556 1107 591 1174 ιι)
614 1099 686 1168 Van
704 1098 805 1183 Elpeo
821 1100 937 1167 ibidem
954 1110 1034 1184 part.
1048 1120 1078 1169 2.
1097 1101 1148 1165 tit.
1167 1119 1220 1185 32·
1236 1120 1264 1167 c.
1277 1099 1308 1198 ⁶:
1326 1122 1357 1167 n.
1376 1119 1426 1186 19.

1183 1293 1214 1374 §.
1263 1283 1332 1359 IX.

474 1407 480 1412 ’
633 1416 789 1490 Tandem
813 1415 844 1490 dr
865 1416 926 1514 ipsi
949 1443 1085 1515 quoque
1106 1422 1265 1491 Canonici
1288 1416 1506 1492 Ecclesiarum
1529 1441 1595 1492 ram
1619 1421 1872 1497 Cathedralium
1898 1450 2001 1525 quam

512 1517 740 1615 plurimarum
761 1519 861 1587 etiam
881 1519 1115 1610 Collegitlium
1137 1520 1177 1588 ad
1202 1517 1446 1616 Episcoporum
1470 1522 1692 1592 imitationem
1715 1549 1732 1592 a
1750 1527 1815 1596 vita
1833 1523 1888 1597 illa
1906 1551 2001 1599 eom·

512 1621 629 1700 muni,
656 1640 728 1686 utut
745 1619 818 1687 Viri
837 1613 1020 1687 l'ansliilimi
1035 1614 1246 1700 Ambrofius,
1266 1614 1490 1711 Augustinus,
1507 1620 1695 1713 Gregorius
1711 1625 1876 1716 Magnus,
1893 1625 2004 1698 Chre·

513 1715 689 1808 dogangus
707 1715 738 1786 ὅι
756 1716 809 1784 ιΙίἰ
827 1719 859 1784 in
883 1715 999 1786 eadent
1018 1739 1075 1787 eos
1098 1719 1247 1788 retinere
1262 1717 1447 1796 soluerint,
1461 1719 1498 1806 a)
1526 1713 1744 1801 recesserunt,
1771 1720 1924 1819 bonaque
1938 1729 2002 1795 Ca·

512 1814 617 1914 pituli
641 1811 796 1884 mensalia
825 1815 950 1884 viritim
974 1817 1061 1885 inter
1087 1811 1119 1886 se
1147 1815 1289 1887 invicem
1313 1818 1357 1884 ita
1388 1811 1656 1899 subdiviserunt,
1697 1841 1735 1889 ur
1756 1817 1998 1895 administratio

510 1913 701 1986 eorundem
718 1937 818 2009 penes
842 1914 1037 2011 Capitulum
1060 1914 1198 2012 quidem
1218 1910 1430 1993 remanserit,
1456 1910 1511 1983 sua
1535 1937 1645 1986 sutem
1662 1916 1739 1989 inde
1762 1915 1897 2013 singulis
1916 1943 1997 2020 por·
2108 1981 2121 1988 -

510 2014 566 2086 tio
586 2010 619 2083 dr
636 2035 705 2112 rata
721 2013 888 2081 annuatim
902 2012 1075 2110 praeberi,
1098 2013 1243 2109 indeque
1256 2009 1448 2108 praebenda
1463 2009 1529 2085 dici
1544 2018 1707 2112 coeperit.
1720 2015 1760 2108 l)

553 2165 596 2249 ι)
618 2162 653 2232 C.
674 2175 703 2239 8.
719 2161 753 2228 dr
766 2163 847 2248 seqq.
860 2160 941 2229 eiius.
960 2178 1008 2226 12.
1024 2178 1054 2243 q.
1071 2177 1100 2226 1.
1144 2157 1263 2222 Confer
1279 2159 1385 2231 strue.
1405 2159 1490 2231 slot.
1504 2171 1586 2232 ton.
1600 2183 1630 2234 2.
1646 2183 1679 2255 p.
1693 2163 1766 2250 246.
1786 2163 1821 2232 dr
1835 2165 1903 2256 seq..
1967 2113 1977 2130 x

553 2284 591 2368 b)
610 2283 833 2351 ldernibidern
849 2294 929 2349 torn,
944 2298 975 2347 2.
995 2301 1025 2369 p.
1041 2297 1114 2370 244.
1138 2275 1172 2348 dr
1192 2277 1276 2370 seqq·

1179 2479 1217 2567 S.
1269 2477 1314 2554 X.

629 2619 777 2688 Densum
796 2639 896 2697 vero,
914 2640 996 2688 cum
1009 2637 1119 2711 neque
1143 2612 1230 2687 bona
1245 2610 1403 2711 Episcopi
1419 2611 1576 2688 mensalia
1592 2636 1660 2700 tot,
1683 2638 1752 2690 tiim
1775 2617 1895 2700 striis,
1917 2637 2002 2692 rem·

541 2734 586 2786 ire
610 2711 808 2812 sumptuosis
832 2711 987 2809 impensis
1011 2714 1052 2786 ad
1077 2712 1270 2786 obeundum
1290 2737 1410 2783 munus
1435 2710 1632 2811 Episcopale
1653 2718 1792 2788 omnino
1814 2711 2000 2802 necessariis

532 2809 736 2894 effecissent,
762 2839 802 2884 tie
829 2837 879 2884 ue
892 2810 962 2908 ipsa
983 2815 1082 2884 etiam
1107 2811 1193 2888 bona
1216 2808 1370 2883 mensalia
1394 2813 1541 2908 Capituli
1564 2810 1696 2906 singulis
1719 2816 1897 2887 Canonicis
1922 2837 2001 2888 cunr

517 2912 675 3008 empliori
694 2910 789 3007 saepe
806 2838 933 2983 similia
957 2907 1171 2985 sustentandis
1186 2913 1278 3008 peria
1295 2906 1444 2992 fuissent,
1464 2911 1496 2982 dt
1513 2909 1602 3006 ipsae
1619 2913 1769 3007 reliquae
1792 2913 1898 2994 duae,
1918 2936 2002 3010 pau·

516 3035 640 3110 perum
658 3005 780 3081 scilicet
797 3010 829 3081 dt
844 3005 1006 3090 fabricae,
1034 3014 1205 3106 portiones
1224 3012 1259 3082 iu
1275 3009 1430 3107 plurimis
1457 3007 1607 3082 Ecclesia
1628 3007 1761 3084 mensae
1786 3012 1943 3108 Episcopi
1964 3009 2001 3086 ds

517 3107 668 3205 Capituli
692 3132 930 3179 accreverunt:
958 3113 1085 3204 Neque
1105 3109 1276 3180 immerito
1297 3107 1329 3178 id
1353 3107 1510 3205 quidem;
1535 3111 1650 3205 potior
1672 3112 1761 3181 enim
1785 3109 1936 3182 lrabenda
1952 3104 2001 3182 est

517 3210 607 3281 ratio
635 3202 875 3277 sustentationis
900 3204 1136 3276 Minillrorum
1161 3202 1338 3285 Ecclesiae,
1367 3231 1467 3301 quam
1490 3231 1677 3304 pauperum
1702 3207 1733 3279 dr
1756 3203 1922 3289 fabricae,
1944 3231 2002 3279 eo·

517 3304 612 3405 quod
632 3301 861 3376 deficientibus
882 3305 964 3382 illis,
989 3302 1022 3377 dr
1044 3303 1170 3373 cultum
1187 3305 1348 3372 Divinum
1375 3306 1570 3381 intermitti,
1594 3306 1626 3374 dr
1649 3303 1787 3374 salutem
1810 3308 1999 3376 animatum

515 3400 783 3496 negliginecelse
799 3399 901 3476 foret.
951 3403 1091 3471 lntetim
1112 3425 1192 3470 vero
1216 3396 1357 3476 Ecclesia
1380 3402 1412 3469 in
1437 3397 1640 3492 singulorum
1664 3403 1911 3472 canonicorum
1927 3406 2001 3496 pie·
2109 3477 2116 3486 ,

517 3523 622 3575 ratetn
642 3499 796 3579 confidit,
817 3525 908 3572 ense
930 3495 1095 3571 ftusl'ilins
1115 3493 1302 3570 residuis&
1326 3493 1470 3574 fabrine
1497 3498 1725 3599 templorum,
1754 3498 1787 3572 dr
1806 3521 1998 3600 pauperum
2107 3501 2110 3508 ’

513 3596 669 3673 miseriae
685 3623 750 3695 pro
766 3598 890 3670 viribus
907 3596 972 3670 suis
995 3594 1058 3670 else
1079 3595 1309 3669 subventuros.
1325 3597 1367 3689 c)

557 3732 599 3815 ι)
618 3729 692 3798 Van
713 3727 816 3815 Elpeo
831 3745 909 3815 part.
923 3750 952 3798 2.
973 3732 1023 3797 tir.
1041 3748 1093 3813 32·
1113 3750 1140 3795 c.
1164 3728 1194 3796 ό.
1217 3748 1246 3794 ri.
1262 3747 1312 3820 2³·
1331 3725 1365 3790 dr
1378 3724 1459 3818 seqq.

1180 3919 1211 4010 p,
1265 3909 1334 3993 xi.

636 4050 837 4142 Qianquam
854 4045 916 4118 liae
932 4048 1061 4119 ratione
1082 4043 1244 4126 Ecclesiae
1262 4069 1279 4117 a
1297 4038 1569 4211 primt‘jamdum
1587 4035 1782 4120 fundatione
1799 4041 1854 4118 sua
1876 4044 1998 4120 mediis

517 4144 687 4240 bonisque
717 4141 1041 4228 sufficientiliusrnm
1058 4170 1120 4238 pro
1146 4141 1380 4220 Minillrorum
1420 4167 1540 4218 uorum
1572 4138 1821 4225 siillentntione,
1843 4166 1912 4216 tuni
1935 4170 2000 4240 pro

519 4245 595 4316 aliis
617 4241 763 4339 expensis
788 4248 819 4314 in
844 4243 1070 4315 lilinilleriitm
1098 4248 1234 4312 Sacrum
1257 4237 1417 4314 faciendis
1440 4235 1616 4309 instruslae
1641 4235 1790 4322 fuerant,
1816 4268 1881 4312 non
1899 4242 2002 4316 dcsie·
2097 4271 2101 4278 ·

518 4365 601 4417 runt
617 4368 726 4414 tamen
746 4340 859 4412 fideles
881 4368 974 4412 novis
996 4367 1051 4412 eas
1066 4341 1173 4411 indies
1197 4334 1429 4414 accessionibus
1451 4337 1673 4431 locupletare,
1696 4339 1931 4434 veteribusque
1946 4366 1999 4414 ea·

520 4465 599 4514 rum
623 4438 870 4540 possesionibus
890 4466 989 4508 novas
1017 4441 1167 4534 quotidie
1191 4437 1313 4510 devoro
1336 4445 1448 4506 antino
1465 4433 1627 4526 adjicere3
1654 4459 1753 4533 atque
1771 4440 1847 4511 inde
1864 4464 1935 4508 nata
1952 4435 1999 4509 est

519 4539 705 4631 insignis&
731 4537 870 4610 celebris
888 4539 941 4607 illa
965 4544 1052 4608 inter
1074 4536 1158 4606 bona
1184 4530 1401 4609 Ecclesiastica
1424 4529 1610 4612 diversitas,
1635 4534 1675 4606 de
1692 4562 1756 4636 qua
1771 4561 1877 4638 pauca
1898 4559 2001 4632 quse.

517 4639 631 4740 piam,
649 4660 809 4736 quantum
824 4662 889 4736 pro
904 4633 1044 4709 instituti
1058 4638 1186 4711 ratione
1201 4630 1277 4707 satis
1293 4633 1376 4713 erit,
1397 4629 1546 4703 delibare
1558 4628 1663 4728 juvet.
1998 4647 2003 4654 '

1283 4759 1487 4848 liklilre
1864 4677 2039 4859 §.XlLl

848 5031 860 5080 l
