5017 5592
500 664 569 754 με
711 635 1052 732 nissanta'no
1076 647 1431 727 tnnuouunuts
1457 648 1728 729 cnuorncn
1759 635 1768 644 “

598 832 728 921 saelum
746 835 776 897 in
790 832 984 907 hocverbn,
1012 829 1177 895 sedetiam
1200 832 1239 895 de
1263 832 1403 905 minore,
1427 848 1519 914 quam
1535 829 1578 904 ¹fit
1602 823 1747 905 Decimo,
1775 833 1973 916 regiunculae

604 917 766 981 districtu.
810 915 845 979 ld
858 919 943 997 quod
964 919 1093 979 innuere
1107 915 1233 977 videtur
1250 917 1318 976 Lex
1338 917 1464 977 Hmrici
1481 914 1505 978 1.
1521 915 1656 996 Angliae
1670 914 1766 996 Regia
1779 935 1847 999 cap.
1862 929 1892 992 8.
1911 917 1976 980 Sis·

616 998 784 1083 lutomisl,
806 1009 871 1060 vlo
892 999 1064 1060 dtrodecimo
1089 995 1376 1094 aetalissuaeaqno
1394 995 1434 1060 k?
1450 1001 1483 1059 in
1504 996 1770 1062 HUNDREDO
1795 1008 1840 1071 rt,
1865 999 1977 1064 0th-

622 1082 773 1247 CIMAk
783 1084 828 1143 vel
848 1077 1018 1145 PLEGlO
1043 1082 1175 1155 liberali,
1198 1085 1337 1164 quisquis
1357 1098 1436 1144 were
1456 1082 1502 1143 uel
1515 1084 1602 1144 wilte
1618 1082 1663 1144 orl
1682 1085 1751 1143 iure
1780 1081 1859 1146 iberi
1871 1082 1980 1165 digner

613 1175 701 1228 curel
715 1183 750 1226 ae
776 1167 879 1229 imeri.

521 1369 524 1375 ·
619 1323 713 1394 xxi.
742 1316 970 1410 indagandum
990 1317 1093 1406 igitur
1111 1316 1195 1386 mibi
1212 1301 1317 1387 l'olritt'r
1332 1319 1414 1389 erit.
1443 1316 1525 1414 quid
1552 1316 1634 1387 olim
1656 1318 1688 1386 in
1710 1313 1867 1390 Eccleliia
1893 1314 1981 1393 fuerit

505 1422 664 1493 vesaniae
715 1423 807 1488 Nam
826 1420 866 1488 de
883 1418 1048 1486 ltndierno
1066 1425 1219 1485 veroniae
1233 1418 1284 1488 vel
1304 1426 1495 1488 vetaturum
1515 1419 1548 1485 in
1567 1412 1708 1485 Ecclelia
1729 1415 1837 1488 verbo
1859 1417 1980 1491 oberlin

507 1511 682 1598 disserere,
708 1517 834 1586 inutilis
850 1511 927 1584 effer
943 1512 1054 1594 labor,
1080 1535 1183 1609 quum
1206 1507 1277 1587 fere
1298 1517 1469 1589 neminem
1488 1513 1605 1598 lateat,
1637 1517 1713 1611 quis
1736 1514 1841 1591 hodie
1859 1523 1982 1600 vesani,

507 1616 559 1689 vel
577 1616 658 1712 quid
678 1625 831 1686 Decimae
843 1617 978 1684 nornine
993 1613 1209 1705 intelligatur.
1919 1617 1939 1636 '¹

625 1787 734 1855 XXll.
771 1786 881 1878 Qram
902 1807 974 1854 rem
992 1805 1027 1855 vt
1042 1784 1229 1856 euidentius
1247 1775 1425 1854 illustrem:
1453 1783 1625 1878 primaeua
1647 1779 1872 1855 Eccleliarum
1894 1782 1983 1856 nomi·
2029 1859 2031 1874 Ι

423 1919 426 1938 ·
510 1905 553 1952 na
572 1905 609 1964 ae
630 1880 807 1952 dtuifiones
832 1890 1024 1978 praemitto.
1083 1882 1249 1954 Omnibus
1276 1883 1503 1975 praeliminari
1528 1905 1656 1951 rantum
1682 1907 1778 1953 aerae
1799 1879 1982 1952 cbriilianae
2000 1895 2031 1974 ..q

512 1976 649 2050 hilloria
669 1976 806 2049 imbutis
825 2003 942 2050 norum
962 1984 1043 2060 erit,
1071 1979 1280 2052 ecclesiarum
1297 1976 1388 2048 vium
1408 1982 1502 2074 prius
1526 1983 1558 2047 in
1573 1983 1681 2070 agris,
1716 1980 1750 2051 dr
1772 2001 1867 2050 extra
1891 1979 1982 2060 arbes,

513 2095 615 2173 quam
629 2080 662 2148 in
677 2073 752 2173 iplis
769 2075 978 2160 ciuitatibus,
1014 2101 1154 2173 propter
1176 2074 1322 2148 infensos
1336 2075 1525 2147 Cbrilliano
1541 2081 1667 2147 nomini
1688 2081 1915 2173 imperatores
1927 2099 1982 2147 cre·
2027 2165 2031 2176 Ι

520 2175 609 2245 brias
626 2171 807 2250 inualutll'e.
858 2181 972 2269 Qtum
989 2200 1069 2247 vero
1082 2176 1318 2273 tranquilliora
1335 2174 1513 2246 Christiani
1533 2181 1878 2272 temporaviuerent,
1894 2173 1987 2272 publi·

375 2335 392 2354 ,
516 2297 594 2343 cum
610 2273 780 2366 religionis
797 2270 872 2344 suae
897 2274 1023 2343 cultum
1047 2299 1257 2354 exercentes,
1289 2298 1387 2344 vnam
1413 2276 1446 2343 in
1470 2273 1617 2369 qualibet
1637 2298 1737 2344 enam
1762 2271 1848 2346 vrbe
1876 2283 1986 2368 (quum
2029 2291 2031 2296 '

517 2370 667 2440 nondum
682 2371 765 2440 adeo
780 2368 955 2442 numerosa
968 2369 1122 2444 sementis
1138 2369 1345 2444 Christianae
1360 2368 1450 2462 seges
1464 2374 1609 2460 extaret)
1626 2369 1815 2452 Ecclesiam,
1833 2374 1888 2442 cui
1906 2393 1987 2468 prae·

400 2487 423 2565 ss
518 2488 590 2540 erat
606 2467 808 2565 Episcopus,
831 2471 871 2540 ad
887 2467 1109 2570 Baptismum,
1134 2468 1287 2568 synaxes,
1312 2466 1489 2564 sacrosque
1501 2492 1683 2539 conuentus
1699 2469 1875 2541 habendos
1889 2468 1943 2539 aed
1956 2463 1985 2536 ii·

518 2590 658 2652 cauere3
682 2587 772 2639 extra
787 2566 902 2641 vrbem
920 2573 1000 2640 vero
1017 2571 1048 2636 in
1067 2568 1209 2662 pagis&
1232 2568 1314 2638 locis
1336 2563 1465 2637 rullicia
1486 2565 1566 2638 aliar
1590 2564 1801 2639 construxere
1829 2565 1985 2646 Ecclesta,

435 2711 438 2726 ·
520 2690 603 2761 quas
621 2669 799 2746 Parorbias,
823 2663 890 2738 iiue
907 2670 1093 2738 vicinorum
1112 2659 1378 2738 Christianorum
1394 2663 1676 2745 cohabitationes,
1699 2664 1936 2761 appellarunt,
1960 2662 1987 2733 dt

525 2765 559 2835 in
575 2766 623 2833 eis
645 2767 810 2853 Presbyteri
827 2761 1121 2838 constituebantur.
1170 2763 1283 2836 Audio
1300 2763 1435 2833 dentum
1450 2759 1601 2835 fidelium
1616 2788 1778 2848 numero,
1807 2761 1953 2838 diuersae
1964 2766 1991 2832 in

521 2859 711 2933 ciuitatibus
726 2885 861 2956 quoque
876 2859 1071 2933 constitutae
1084 2858 1222 2933 fuerunt
1237 2861 1426 2958 parochiae.
1449 2868 1468 2906 *

564 2991 580 3023 '
601 2991 739 3066 Harum,
773 3003 836 3052 tam
854 2991 1055 3070 rusticorum,
1083 3009 1174 3070 quant
1199 2992 1389 3055 urbanarum
1409 2992 1531 3055 mentio
1553 2990 1590 3055 fit
1604 2991 1637 3056 iu
1657 2989 1742 3055 Corae.
1758 2989 1903 3053 Aniiorlr.
1924 2985 1991 3053 nd.

501 3179 506 3196 Ι
547 3171 549 3175 ¹
640 3093 713 3154 341.
739 3073 818 3176 Cap.v
829 3072 869 3136 X.
888 3075 919 3135 in
929 3073 1024 3170 'solen
1047 3072 1168 3152 Agalla.
1184 3091 1215 3137 a.
1232 3076 1265 3139 C.
1281 3076 1354 3157 506.
1367 3092 1432 3136 can.
1450 3094 1500 3139 22.
1520 3076 1551 3137 in
1573 3073 1703 3186 Synodq
1713 3073 1911 3156 Regianum
1924 3073 1995 3216 bib

643 3155 960 3333 iniistis?
974 3153 1917 3333 libidinantelitlilltli‘iitzn.
1939 3237 1998 3298 a,

638 3320 863 3384 tbidmomlrus
881 3320 1084 3401 Presbyterrs,
1106 3341 1137 3403 5.
1153 3322 1228 3384 Idus
1244 3323 1342 3387 Iulias
1355 3340 1437 3386 urano
1457 3328 1528 3407 877.
1547 3324 1648 3397 duris,
1672 3320 1754 3404 apud
1773 3319 1892 3387 Biton.
1911 3316 1995 3384 Tora.

641 3403 1041 3485 annoniaco

642 3546 769 3617 xxiii.
798 3548 880 3612 Non
895 3542 1052 3637 equidem
1070 3539 1191 3610 accedo
1207 3541 1289 3622 illis,
1316 3543 1374 3634 qui
1393 3544 1563 3634 parochias,
1584 3537 1651 3611 liue
1666 3564 1742 3610 cum
1761 3542 1919 3638 templis,
1942 3537 1998 3613 liue

527 3637 653 3735 absque
669 3642 739 3722 bis,
764 3666 855 3712 certo
877 3642 989 3734 aliquo
1014 3639 1079 3709 illis
1101 3635 1271 3730 praefeiio
1296 3639 1493 3733 presbytero
1517 3636 1704 3721 diffinias,
1739 3644 1806 3711 iam
1833 3663 1910 3713 ante
1933 3650 1999 3711 cin·

521 3741 653 3829 stamini
668 3749 727 3809 M.
746 3762 896 3834 tempora
912 3735 1064 3820 extitille,
1091 3735 1237 3809 l'cribunt
1260 3763 1336 3809 cum
1362 3743 1518 3814 Ganzalrz
1539 3736 1578 3805 ad
1605 3747 1677 3829 Cap.
1702 3764 1733 3808 ι.
1757 3764 1786 3809 r.
1813 3744 1853 3808 de
1883 3741 1998 3810 Parati.

530 3861 566 3909 o.
589 3860 650 3918 103
678 3861 753 3905 narn
770 3861 855 3928 quae
871 3836 955 3905 liber
971 3832 1192 3917 Pontificalis,
1220 3835 1286 3907 siue
1308 3836 1501 3920 Arrasiassus,
1518 3834 1645 3905 aliusue
1662 3860 1775 3917 autor,
1800 3833 1923 3908 tribuit
1936 3844 2002 3907 Eri·

533 3927 604 4022 aisti
621 3939 745 4028 Papae,
771 3938 885 4004 Canon
902 3956 1036 4002 econtra
1050 3959 1104 4004 vn.
1123 3936 1216 4004 Xlll.
1234 3930 1358 4030 quaest.
1381 3960 1409 4003 1.
1426 3934 1561 4021 Diornfio
1579 3936 1686 4028 Papae
1704 3931 1746 4003 de
1771 3936 2002 4006 parochiarum

532 4028 709 4111 diuifionc,
733 4034 796 4102 viri
811 4028 1016 4103 eruditissimi
1033 4055 1109 4111 cum
1133 4039 1239 4103 carolo
1257 4033 1425 4112 Sabidi-rna
1444 4035 1579 4101 Berarrio
1595 4037 1625 4100 in
1639 4052 1718 4121 part.
1737 4058 1771 4102 ι.
1794 4053 1873 4106 tom.
1901 4060 1930 4103 r.
1953 4041 2002 4100 Ga·

533 4153 642 4197 nonum
661 4136 805 4201 Gratiani
820 4157 887 4224 pag.
909 4148 985 4205 148.
1009 4153 1074 4198 non
1095 4129 1252 4212 credunt,
1277 4128 1396 4224 quibus
1412 4133 1524 4224 potius
1540 4151 1668 4197 certum
1686 4124 1750 4209 eli,
1772 4128 1883 4201 tribua
1901 4127 2005 4200 saltem

535 4224 696 4296 Ecclesiae
706 4225 847 4302 saeculis
864 4229 969 4299 nullas
986 4229 1063 4298 alias
1080 4222 1174 4298 fuille
1190 4226 1365 4305 Ecclelias,
1389 4231 1487 4296 etiam
1505 4223 1569 4293 line
1587 4228 1720 4322 templis
1737 4250 1803 4322 pro
1823 4225 1901 4299 solis
1921 4227 2006 4299 chri·

536 4317 716 4393 ilianorunt
736 4326 904 4408 coetibus,
932 4323 990 4396 sub
1015 4352 1078 4396 vno
1104 4324 1217 4422 aliquo
1239 4325 1399 4421 peculiari
1424 4324 1622 4418 presbytero
1641 4326 1805 4418 acceptia,
1829 4323 1891 4412 nist
1911 4327 2009 4396 corbe·

536 4422 647 4490 drales.
697 4423 759 4490 Sed
778 4425 850 4520 poll
866 4449 999 4522 pacem,
1018 4449 1035 4494 a
1059 4425 1249 4513 Constantino
1267 4434 1326 4495 M.
1343 4418 1537 4491 Christianis
1555 4416 1694 4500 fodiam,
1715 4423 1936 4495 inualuerunt
1948 4442 2009 4493 tuni

505 4589 511 4598 .
535 4519 570 4588 in
588 4518 806 4598 Ciuitatibus,
829 4546 898 4594 tum
915 4525 998 4593 ruri.
1047 4526 1085 4591 ln
1106 4530 1235 4594 Concilio
1254 4522 1416 4605 Meldenfi
1429 4520 1563 4588 demum
1581 4522 2005 4605 otc-84<.·Can.xi.vl1n

536 4637 571 4689 rt
585 4637 618 4691 et
640 4619 674 4689 iu
696 4619 892 4697 Burchardo
918 4620 1011 4716 (Lib.
1030 4645 1062 4714 3.
1083 4645 1111 4693 c.
1133 4649 1188 4698 22.
1215 4647 1253 4695 ex
1282 4619 1428 4717 quodam
1453 4621 1691 4714 Aqursgunenss
1717 4622 1872 4714 Concilio)
1900 4619 2007 4693 diserte

1943 4738 2007 4790 con·
