5017 5592
507 634 580 732 ,36
726 555 1074 714 tirrannum
1101 567 1456 700 iunuouunus
1481 619 1756 700 cnuouicn

503 793 624 878 siarum
639 804 824 876 vacationet
839 802 891 875 hia
906 800 1007 879 essent
1022 777 1178 887 tiociune',
1206 806 1403 875 utilitatium
1417 801 1554 901 quidem
1571 827 1723 900 eousque
1739 822 1878 899 tempus
1891 798 1976 876 exsti·

504 923 608 985 terat,
632 900 674 974 fic
694 925 821 984 raineri,
847 925 881 974 vt
903 928 967 973 non
982 899 1059 975 esset
1079 906 1225 986 nultum,
1247 899 1488 998 consequenter
1507 905 1630 990 nonad
1648 928 1708 992 40.
1727 925 1786 995 30.
1807 921 1885 983 to„
1914 910 1975 975 imo

505 1000 604 1074 need
622 1028 643 1078 2
662 1001 798 1097 quidem
814 1025 916 1072 annos
937 1000 1198 1085 extendendum3
1231 996 1285 1072 sed
1308 1000 1366 1070 illo
1391 1002 1503 1096 potius
1525 998 1593 1071 fine
1612 999 1901 1081 concludendum,
1924 1001 1975 1096 qui

380 1181 382 1186 ¹
500 1097 641 1193 fenestre
655 1119 734 1174 tune
750 1095 980 1195 praestitutum
1002 1097 1053 1170 vel
1074 1095 1237 1178 efficeret,
1270 1096 1325 1169 vel
1347 1121 1456 1195 prope
1477 1094 1744 1194 subsequeretur.
1799 1099 1847 1169 Et
1868 1095 1909 1170 stc
1928 1102 1974 1169 aio

504 1197 758 1288 intelligendum
780 1192 855 1270 fote
873 1189 1086 1269 Alexandnnn
1108 1203 1173 1268 ΙΙΙ.
1189 1193 1443 1278 rescribentem,
1468 1198 1501 1264 iri
1517 1195 1592 1268 casu
1607 1193 1811 1290 ignorantis,
1838 1217 1894 1267 tut
1907 1219 1974 1267 con·

506 1293 699 1367 tradicentis
713 1298 923 1376 conuentus,
945 1290 1090 1365 debuisse
1100 1298 1254 1365 Decimam
1271 1319 1328 1364 uni
1341 1293 1405 1392 pasl
1419 1299 1547 1366 multum
1565 1301 1704 1392 ttiiipnis
1715 1285 1886 1380 conserti,
1905 1293 1975 1366 eliae

505 1390 717 1466 acollttioire
730 1387 946 1489 'praeclusum
965 1386 1059 1465 fiiitte
1081 1391 1236 1465 eundem.

436 1611 438 1616 Ι
623 1527 682 1599 Ll.
708 1531 820 1622 Atque
833 1525 895 1600 hac
909 1529 1057 1611 ratione,
1079 1525 1267 1612 omittendo
1282 1525 1378 1609 aliar,
1401 1524 1441 1597 ad
1458 1527 1529 1598 citt.
1543 1520 1688 1615 Regulat
1711 1524 1795 1598 iuria
1818 1523 1976 1622 exceptio·

433 1651 437 1660 ·
508 1644 567 1692 ner
584 1615 689 1695 facilia
703 1623 749 1696 esi
766 1621 950 1720 responsio,
977 1624 1276 1723 praesentationem
1292 1619 1478 1697 Abbatilsae
1492 1649 1557 1692 non
1580 1618 1675 1692 fuisse
1689 1621 1729 1693 ab
1745 1624 1846 1694 initio
1867 1626 1975 1695 linai

509 1724 599 1803 iiam,
625 1745 728 1817 quum
745 1744 779 1794 et
792 1719 862 1818 ipsa
876 1718 982 1797 fuerit
999 1733 1199 1818 Coinpatraiiu
1215 1720 1290 1796 suae
1308 1723 1474 1806 decimae;
1500 1715 1595 1792 fuisse
1616 1721 1977 1808 tamen'iiisuffitierttn,
2020 1715 2023 1808 ἶ

536 1817 589 1887 uia
604 1816 776 1891 consensus
792 1824 1013 1919 Coinpatroni
1027 1826 1220 1908 conuentus
1235 1821 1367 1903 deerat,
1388 1820 1492 1892 donec
1517 1840 1644 1892 tantum
1668 1839 1834 1915 temporie
1856 1817 1888 1889 lc
1913 1815 1978 1888 sum

508 1840 639 1999 suerat,
664 1918 881 2014 quantumde
897 1917 1132 1993 consuetudine
1151 1918 1351 2014 Anglicana,
1378 1917 1431 1995 vel
1457 1912 1596 1990 arbitrio
1615 1916 1812 2004 iudicarint,
1844 1911 1866 1987 s
1945 1916 1951 1930 '

510 2010 560 2088 set
574 2012 615 2087 ad
632 2015 916 2111 praecludendum
933 2021 1157 2093 Conuentum.

627 2151 702 2222 ΙΙΙ.
726 2151 775 2220 Ex
788 2148 840 2221 hia
854 2148 1006 2248 probatis
1023 2149 1164 2222 textibus
1180 2147 1357 2222 necessario
1373 2150 1437 2220 iam
1454 2147 1681 2230 conciuditur,
1719 2149 1875 2244 priorem
1899 2150 1979 2220 Dni-

511 2266 579 2321 nue
590 2243 845 2330 concessionem,
868 2246 1032 2342 Migistro
1047 2254 1097 2320 N.
1114 2248 1154 2319 ab
1171 2244 1353 2327 Abbatissa,
1380 2255 1557 2319 Conuentu
1575 2251 1765 2339 ignorante,
1789 2247 1845 2320 ves
1859 2268 1981 2319 contre·

513 2343 644 2417 dicente
659 2339 799 2428 fabiam,
825 2346 902 2419 sicet
918 2348 1012 2420 initio
1026 2346 1135 2437 [astla
1150 2350 1222 2418 iure
1239 2372 1304 2419 non
1322 2344 1523 2426 substiterat,
1549 2369 1610 2440 per
1624 2347 1863 2438 negligentiam
1876 2365 1980 2416 tamen

513 2446 709 2516 Conuentus
726 2439 954 2517 conualescere
973 2439 1134 2540 potuisse;
1159 2446 1228 2516 imo
1241 2449 1341 2516 eriam
1359 2467 1422 2539 per
1437 2446 1617 2535 niuiffiinuin
1634 2445 1821 2530 cirtensem,
1836 2465 1902 2538 ng.
1914 2451 1980 2534 cp.

438 2589 443 2605 ι
519 2569 549 2615 ι.
564 2566 594 2612 r.
611 2544 648 2612 de
660 2544 726 2624 liis,
750 2565 827 2634 quat
841 2547 879 2612 vi
895 2545 956 2620 lde·
973 2539 1088 2614 saltem
1103 2542 1341 2635 praesumpturus
1365 2539 1560 2610 incredibile
1574 2542 1663 2610 enim
1678 2537 1742 2630 etl,
1774 2543 1981 2612 &truentum

511 2639 576 2737 post
592 2643 721 2711 multum
735 2661 850 2735 tempus
873 2635 1109 2711 concessionem
1128 2645 1271 2711 vellinae
1290 2637 1331 2708 ab
1351 2633 1518 2708 Abbatilsa
1543 2633 1663 2708 fatiam
1685 2645 1845 2729 ignorare
1866 2629 1982 2736 potuis

514 2734 568 2819 se;
593 2737 697 2829 igitur
711 2762 753 2810 eo
774 2733 865 2832 ipso,
892 2736 983 2833 quod
1003 2738 1084 2809 haec
1100 2733 1260 2809 concessio
1276 2734 1383 2806 musto
1404 2731 1513 2831 elapso
1539 2758 1693 2829 tempore
1717 2733 1984 2814 Conuentumlt·

515 2854 589 2907 tere
610 2860 677 2906 non
693 2856 843 2932 poterat,
868 2831 891 2905 si
910 2860 976 2905 noii
992 2836 1247 2917 contradixerit,
1269 2828 1393 2906 accessit
1414 2837 1579 2927 niuiffinius
1598 2836 1767 2922 contentus,
1790 2835 1851 2929 qui
1865 2825 1985 2906 conces-

514 2930 640 3006 fionem
656 2938 806 3029 priorem
824 2934 919 3004 initio
933 2933 1173 3023 insufficientem,
1196 2930 1415 3028 postmultum
1432 2953 1546 3025 tempus
1568 2925 1723 3001 effecisset
1734 2931 1944 3020 sufficientem.

633 3069 727 3135 Llll.
754 3068 866 3158 Qtam
885 3065 1022 3162 quidem
1037 3064 1078 3136 de
1098 3062 1189 3160 lapsu
1204 3065 1300 3135 musti
1318 3070 1480 3160 temporis
1498 3061 1696 3136 decisionem
1715 3060 1809 3135 resse
1830 3064 1985 3137 intellexit

517 3168 755 3237 Panormitanns
772 3165 826 3233 liic
845 3188 877 3234 ii.
894 3188 929 3254 9.
945 3161 986 3236 de
1007 3161 1112 3255 figura
1129 3159 1238 3245 casus,
1262 3189 1330 3259 quo
1351 3160 1517 3234 Abbarilsa
1528 3165 1619 3253 sila,
1638 3185 1671 3233 et
1689 3166 1799 3255 aisque
1820 3169 1891 3232 altu
1906 3169 1987 3256 capi·-

518 3264 615 3334 tulati
631 3255 825 3331 concessilset
840 3267 1014 3343 Decimam3
1034 3260 1122 3331 aliud
1139 3256 1214 3333 fore
1232 3262 1372 3340 docens,
1389 3257 1489 3358 stipsi
1504 3269 1534 3330 in
1550 3282 1724 3353 congregata
1745 3264 1988 3355 captiuncula,

517 3355 696 3455 sequenter
713 3365 826 3450 sciente
849 3368 1029 3440 conuentu,
1063 3353 1203 3431 eandem
1225 3353 1446 3440 concesssset,
1475 3380 1508 3430 ct
1532 3357 1778 3429 Conuentualce
1803 3354 1986 3441 tacuissent;

518 3480 598 3529 runc
613 3458 703 3527 enini
716 3457 783 3527 iam
802 3480 843 3527 eo
860 3479 1015 3551 tempore
1030 3458 1127 3528 tacite
1148 3453 1340 3527 consensum
1355 3452 1577 3551 praebuissent
1594 3480 1727 3540 omnes,
1751 3478 1785 3529 et
1811 3451 1855 3529 fic
1877 3451 1989 3531 ialu'ii

518 3552 585 3637 set,
607 3576 752 3646 tauquam
770 3576 963 3625 communiter
979 3557 1078 3640 filla,
1102 3550 1306 3626 concesso*

560 3696 574 3727 ⁸
594 3692 637 3759 Et
654 3684 802 3764 qnoniam
820 3686 969 3750 notabilia
984 3685 1036 3748 hic
1052 3705 1068 3746 a
1082 3685 1299 3748 Panormitano
1312 3682 1445 3747 traditur
1457 3683 1600 3749 taurini
1615 3685 1719 3768 quoad
1730 3683 1820 3750 anua
1833 3704 1990 3768 quoacun-

558 3762 564 3774 ’
635 3785 697 3849 que
709 3766 921 3847 Capitulates,
943 3788 1055 3849 nempe
1069 3767 1167 3830 baec:
1192 3766 1230 3829 Si
1248 3768 1402 3829 Praelatut
1423 3770 1457 3827 in
1482 3769 1636 3851 lbpitulo,
1669 3768 1990 3853 qualiprutfint'eiido,

634 3849 753 3931 alequid
765 3850 922 3918 decernat,
943 3851 988 3910 uel
1000 3851 1158 3923 concedat,
1178 3846 1218 3913 s&
1239 3849 1410 3930 Capitulum
1422 3856 1539 3922 taceat,
1562 3850 1690 3913 liabetur
1708 3851 1788 3933 t'jlud
1798 3870 1857 3933 pro
1876 3853 1990 3933 coithu·

635 3934 745 4003 titulae
769 3931 842 3992 ideo
859 3932 954 3994 verba
970 3932 1039 3993 eius
1054 3931 1116 3993 huc
1131 3931 1316 4011 apponenda
1330 3931 1429 3990 duxi:
1450 3971 1471 4002 ,.
1483 3930 1554 4012 Ego
1569 3933 1723 4005 dicerem,
1746 3936 1833 4013 quod
1850 3948 1909 3996 eut
1920 3947 1991 3996 tex·

635 4025 712 4090 „tua
725 4012 781 4075 iste
792 4011 982 4092 intelligitur
996 4014 1027 4075 in
1040 4012 1262 4084 concessione,
1281 4031 1361 4093 quae
1377 4009 1413 4073 tit
1430 4013 1490 4074 lato
1503 4014 1670 4076 collationis
1690 4013 1850 4093 bentfict'i:
1887 4027 1942 4078 aut
1962 4015 1993 4077 iu

635 4092 859 4170 „concessione
879 4097 1006 4157 alterius
1023 4098 1069 4157 rei
1089 4096 1182 4159 elicui
1204 4094 1287 4158 fasta
1307 4108 1360 4156 tan
1383 4113 1455 4154 uam
1475 4096 1554 4158 bene
1572 4097 1697 4158 merito.
1763 4096 1871 4159 Primo
1889 4092 1993 4179 easasi

634 4176 818 4254 „Praelttur
836 4178 961 4239 eontulit
974 4175 1163 4260 benificium,
1185 4177 1345 4258 praesente
1360 4112 1525 4257 siponto,
1548 4175 1581 4239 lic
1596 4198 1661 4239 non
1678 4181 1930 4250 contradicente,
1946 4180 1994 4241 vi·

635 4260 753 4335 „detur
767 4262 976 4343 incontinenti
990 4258 1183 4330 consentire,
1204 4279 1263 4320 nec
1278 4260 1401 4320 dabitur
1416 4270 1540 4340 tempus
1553 4262 1591 4322 ad
1608 4261 1900 4326 contradicendum.
1924 4260 1994 4324 Hoc

637 4341 848 4421 „apertissime
861 4340 934 4404 vuit
945 4341 1131 4423 principium
1145 4340 1240 4403 huiua
1252 4339 1345 4419 Cap„
1367 4350 1398 4401 et
1409 4340 1448 4402 lic
1461 4339 1555 4403 habes
1568 4342 1690 4410 cilum,
1711 4343 1745 4404 in
1757 4359 1818 4425 qua
1833 4354 1932 4406 tactus
1942 4341 1994 4404 sia·

635 4426 747 4497 „bttur
761 4444 818 4502 pro
835 4420 1050 4502 consentiente,
1069 4423 1145 4485 licet
1158 4441 1224 4484 nou
1241 4435 1353 4504 egetur
1367 4421 1406 4484 de
1420 4441 1452 4483 te
1468 4421 1704 4506 concupiscibili:
1720 4423 1768 4485 sed
1784 4427 1896 4508 potius
1910 4443 1995 4504 prae·

636 4504 817 4579 „initiabili
828 4550 857 4570 ..
875 4557 878 4565 .
894 4550 903 4567 .
945 4502 1024 4569 Item
1043 4505 1146 4585 potest
1162 4504 1291 4584 allegari
1305 4501 1423 4566 dilium
1439 4503 1505 4565 lun.
1521 4506 1552 4564 in
1566 4508 1639 4590 (ip.
1657 4525 1681 4565 t.
1696 4505 1731 4565 dt
1742 4504 1809 4579 liis,
1831 4506 1996 4590 qiiatfiuitl

639 4602 683 4668 „a
699 4602 749 4645 mu
765 4632 771 4644 .
788 4595 871 4667 part.
887 4587 980 4666 Cap,
1006 4587 1061 4651 vbi
1078 4587 1175 4656 dicit,
1195 4585 1490 4669 quaternitatum
1510 4584 1710 4666 Vniuersnan
1724 4587 1830 4651 debent
1842 4589 1996 4653 contradi·

638 4684 725 4747 ,ueri
739 4606 802 4745 sis,
825 4684 901 4751 quar
915 4678 1071 4756 aguntur,
1085 4668 1114 4754 ſs
1126 4670 1233 4736 uolunt
1248 4664 1431 4755 indentitas
1465 4669 1544 4735 alias
1553 4667 1702 4735 tuentur
1710 4687 1771 4755 pra
1786 4669 1998 4756 consentienti-

1916 4751 1997 4834 »lut
