5017 5592
581 648 658 748 ,ran
836 675 841 685 .
1035 623 1617 707 ntssanrarto

583 813 723 920 prorsus
738 808 829 886 foret
848 808 890 883 ad
912 809 1080 906 ejusmodi
1102 807 1262 884 beneficia
1281 832 1395 923 curata
1414 811 1613 905 quempitm
1634 802 1792 906 precibus
1812 804 1969 893 offerre,
1989 832 2071 883 cum

583 918 627 992 ad
647 936 766 987 nutum
782 908 940 1008 Episcopi
954 933 992 979 er
1011 910 1123 1005 aliqua
1141 907 1225 1001 justa
1243 907 1276 978 dt
1291 931 1385 999 grem
1406 905 1523 987 causa,
1549 904 1608 977 etli
1632 933 1699 978 nott
1721 904 1759 978 fit
1779 904 1951 980 sectorum
1972 932 2075 981 cauo·

583 1039 667 1088 num
693 1006 889 1108 praescripto
915 1003 1106 1097 designata,
1136 1006 1286 1077 amoveri
1307 1027 1434 1101 queat:
1461 1028 1500 1075 et
1516 1027 1582 1098 qut
1603 1002 1757 1078 doflritta
1775 1005 1857 1078 alita
1878 1009 2077 1079 eommunis

586 1108 820 1221 aullomm'r)
844 1103 1025 1272 scateatp,
1046 1100 1148 1217 rerba
1170 1102 1386 1272 ἰιιιέἓὲιοιιιιέ
1402 1101 1437 1268 dle
1457 1124 1615 1269 prectpp,
1635 1128 1705 1176 uon
1729 1126 1843 1178 autem
1861 1100 2075 1178 consuetudi·

586 1233 665 1283 nem
682 1227 870 1303 prtxtnqne
885 1225 975 1275 atteu
999 1223 1146 1283 cunum,
1165 1225 1206 1274 to
1269 1223 1334 1270 tart
1387 1222 1450 1271 cte
1467 1223 1548 1295 pote
1577 1245 1589 1270 .

629 1377 671 1458 ι)
690 1370 741 1438 Ite
757 1368 896 1434 sentiunt
910 1366 1051 1434 Chokier
1071 1369 1135 1434 loc.
1149 1371 1204 1434 tit.
1215 1367 1258 1435 V.
1274 1365 1510 1452 saptrfingralt‘s
1523 1368 1594 1431 leae
1616 1367 1682 1432 tiis.
1723 1367 1968 1453 Wagnereeltio
1981 1388 2077 1434 com·
2143 1358 2151 1372 ’

702 1464 837 1519 mentat.
856 1451 1028 1532 Exegetic.
1045 1450 1102 1517 SS.
1125 1451 1246 1516 Canon.
1265 1454 1316 1515 tit.
1329 1451 1369 1512 de
1385 1450 1562 1530 praebendis
1628 1449 1776 1532 dignitac
1795 1455 1886 1535 snper
1902 1450 2075 1517 indultum.

702 1538 775 1614 §.m
799 1543 831 1597 n.'
850 1534 881 1599 6.
903 1532 1077 1598 Leuteuius
1098 1554 1129 1616 p.
1145 1551 1176 1599 2.
1198 1551 1229 1615 q.
1244 1534 1319 1596 602.
1344 1531 1483 1613 Pirlting.
1512 1532 1552 1594 de
1572 1532 1785 1614 praebend&
1811 1534 1926 1618 dignit.
1947 1551 1980 1602 n.
1999 1533 2072 1618 267.

701 1613 862 1687 Wiestner
877 1615 952 1684 eod.
967 1617 1018 1686 tit.
1039 1616 1156 1684 n.160.
1175 1613 1461 1697 schmalzgruebet
1477 1615 1552 1681 ibid.
1579 1632 1609 1697 q.
1626 1635 1658 1699 7.
1679 1632 1711 1679 n.
1730 1634 1804 1700 373,

1271 1839 1301 1921 §.
1355 1829 1405 1904 V.

707 1991 832 2063 Tertio
845 1985 1102 2084 comprehendit
1116 1980 1262 2059 formula
1278 2011 1419 2083 precum
1438 1982 1599 2059 beneficia
1620 1991 1742 2061 omnia¹
1754 1986 1940 2072 secularin
1965 2005 2000 2058 at
2019 1984 2079 2060 hic

593 2113 733 2191 quoque
749 2084 1032 2160 animadverfione
1047 2086 1190 2181 quadam
1209 2110 1296 2179 opus
1311 2082 1377 2167 est;
1403 2088 1532 2180 quippe
1546 2085 1672 2158 etiamn
1693 2087 1749 2158 hic
1768 2088 1892 2157 nullius
1910 2087 2080 2181 exceptio·

591 2195 644 2262 nis
659 2188 787 2260 mentio
801 2183 879 2265 fiat,
905 2183 1115 2254 indultorum
1128 2204 1237 2253 tamen
1254 2181 1527 2277 Apostolicorum
1542 2203 1641 2255 tenor
1656 2182 2081 2278 raritsscatetexceptioni·

591 2285 675 2367 bus,
702 2283 734 2355 dt
753 2283 890 2378 quidem
920 2284 949 2354 Ι.
963 2282 1084 2376 primis
1098 2280 1255 2377 precibus
1271 2280 1361 2351 haud
1374 2277 1516 2352 obnoxia
1532 2281 1688 2352 dicuntur
1702 2278 1860 2354 beneficus
1880 2277 1964 2350 ledia
1984 2290 2080 2375 Apo·

593 2371 716 2457 llolicae
733 2377 914 2477 provisioni
931 2375 1095 2450 reservata
1109 2397 1281 2470 extravag:
1307 2381 1350 2448 ad
1361 2384 1523 2472 Regimen:
1547 2403 1622 2475 quae
1645 2376 1914 2451 &concordatis
1934 2378 2080 2450 Germa·
2107 2381 2115 2392 '

593 2485 679 2554 nieis
698 2477 817 2549 inserta
833 2473 895 2557 cll,
923 2474 1078 2546 videlicet
1093 2473 1272 2566 dignitates
1289 2474 1322 2547 dt
1342 2472 1539 2547 beneficius
1568 2477 1606 2545 tt
1625 2479 1662 2548 F..
1684 2475 1930 2554 cardinalium,
1954 2469 2081 2545 officia·

595 2579 701 2657 lium,
726 2574 923 2658 curialium,
950 2567 1167 2643 familiarium
1179 2576 1274 2669 Papa·
1290 2563 1324 2644 dt
1338 2573 1481 2643 aliorum
1493 2572 1539 2644 ibi
1552 2571 1797 2669 exprellorum,
1820 2578 1900 2646 item
1916 2567 2080 2644 beneficia

595 2674 746 2748 vacantia
761 2672 919 2753 incuria,
943 2669 977 2742 dt
994 2692 1133 2762 eorum,
1156 2673 1215 2765 qui
1229 2668 1271 2740 ad
1289 2671 1373 2742 hanc
1387 2670 1579 2742 aecedentes
1593 2669 1636 2742 ab
1648 2697 1728 2743 eave
1738 2670 1931 2742 recedentes
1943 2673 1977 2740 in
1995 2670 2080 2740 locis

596 2773 688 2845 ultra
703 2770 784 2842 duas
798 2767 905 2839 dietas
920 2766 962 2838 ab
976 2791 1014 2837 ea
1035 2793 1102 2840 non
1118 2771 1258 2839 remoris
1271 2792 1311 2840 et
1332 2770 1417 2840 viris
1434 2767 1599 2840 decedunt
1616 2772 1667 2862 a).
1692 2773 1737 2839 ΙΙ.
1757 2770 1947 2860 Dignitates
1965 2768 2081 2840 Ponti·

598 2867 730 2948 ficales,
752 2860 1043 2959 fiscEpiscopales
1055 2914 1064 2945 ‚
1078 2868 1116 2956 l)
1140 2886 1417 2962 utpotequarum
1431 2862 1552 2937 elcfilio
1565 2864 1670 2938 libera
1689 2867 1854 2962 Capitulis
1872 2862 2083 2938 cathedrali·

598 2966 663 3039 bus
678 2991 717 3037 er
733 2964 807 3054 lege
821 2960 953 3056 publica
969 2962 1258 3033 Concordatotum
1273 2964 1456 3056 competit,
1480 2986 1590 3054 neque
1601 2988 1676 3035 eam
1694 2988 1841 3059 unquam
1857 2961 2001 3036 casarea
2016 2985 2082 3055 per

597 3084 740 3162 pterea,
765 3061 849 3130 citra
864 3058 1046 3129 eorundem
1061 3059 1276 3131 violationem
1297 3086 1334 3132 ac
1347 3060 1432 3155 jutis
1445 3058 1578 3153 jurandi
1600 3057 1852 3142 inftallionem‚
1877 3062 2081 3134 imminuere

599 3184 658 3231 ant
672 3179 823 3255 quaerent
838 3177 895 3227 aut
910 3155 1094 3226 tentabunt.
1145 3161 1208 3227 ΙΙΙ.
1225 3160 1414 3249 Dignitates
1432 3157 1680 3232 Boutilicalibns
1693 3164 1855 3255 proxime
1876 3161 1910 3227 in
1926 3152 2080 3228 Ecclestis

574 3290 582 3345 l
601 3254 878 3350 Metropolitauis
895 3253 929 3325 dt
944 3253 1218 3335 Cathedralibus,
1242 3279 1280 3326 ut
1295 3259 1329 3326 in
1343 3259 1495 3350 Imperio
1512 3253 1626 3327 nolito
1640 3254 1713 3327 sunt
1728 3252 2083 3352 praepolituraevelde·

602 3376 755 3426 conatus:
781 3352 957 3442 dignitates
972 3355 1089 3445 prime
1104 3355 1137 3422 in
1158 3353 1373 3444 eollegiatis;
1400 3352 1434 3425 dt
1450 3354 1485 3423 in
1501 3354 1554 3423 his
1569 3352 1724 3426 omnibus
1741 3352 2083 3448 consuetudoptaxia·

602 3446 896 3547 qucEeclesrarum
906 3450 1185 3522 Germanicarum
1199 3447 1246 3521 est
1261 3451 1411 3532 notoria,
1435 3451 1641 3544 vicujusnec
1655 3476 1674 3521 a
1687 3449 1815 3524 Celere
1828 3474 1965 3546 preces,
1982 3452 2082 3547 queis

602 3551 675 3622 ltaec
691 3543 850 3618 beneficit
864 3542 1069 3627 afficiantur,
1091 3546 1302 3640 diriguntur,
1326 3570 1387 3620 nec
1401 3544 1443 3620 ab
1457 3546 1627 3630 Eccleliia,
1644 3545 1750 3644 liquid
1770 3574 1810 3623 es
1824 3552 1860 3620 in
1876 3574 1914 3620 te
1934 3547 2022 3620 ultra
2041 3544 2085 3617 li·

605 3651 704 3719 mites
727 3644 811 3739 juris
837 3665 1048 3728 tentaretur,
1071 3669 1218 3739 unquam
1238 3644 1457 3729 admittetur,
1477 3668 1554 3718 cum
1575 3668 1635 3718 nec
1661 3646 1807 3728 indulta,
1827 3670 1866 3718 et
1898 3641 2083 3718 Pontifici:

635 3739 781 3815 otellatis
806 3741 1016 3837 plenitudine
1039 3745 1243 3826 emanantia,
1266 3743 1301 3816 id
1317 3769 1361 3816 un
1386 3768 1464 3815 uam
1493 3738 1720 3817 conmiserint.
1760 3748 1822 3816 lv.
1850 3739 2014 3815 Bene'fi'cis
2033 3739 2081 3812 ad

600 3769 717 3915 'ledem
738 3834 965 3941 Apollolicam
985 3838 1134 3931 legitime
1154 3839 1328 3925 devoluta,
1350 3768 1410 3913 uli
1431 3842 1582 3915 advertat
1607 3841 1726 3923 selim,
1748 3839 1825 3914 eali
1845 3841 1887 3912 ad
1907 3837 2083 3912 immedia·

603 3960 676 4012 tum
697 3934 903 4033 superiorem
923 3934 1082 4015 Pontifice
1099 3935 1298 4012 inferiorem
1313 3937 1469 4013 devoluta
1487 3935 1566 4023 lint,
1588 3938 1745 4034 precibus
1758 3935 1823 4013 effe
1847 3937 2008 4018 obnoxia,
2025 3959 2083 4009 er·

606 4036 761 4202 cpptppnp
776 4029 931 4106 firmante
947 4035 1098 4127 regulam
1115 4039 1319 4108 contrariam
1333 4038 1369 4110 ia
1386 4033 1513 4110 ceflbua
1529 4062 1596 4108 non
1608 4038 1766 4134 exceptio.
1784 4039 1818 4130 t)
1842 4041 1888 4108 V.
1908 4030 2082 4128 Litigiosa,

608 4158 620 4204 t
662 4157 679 4203 e
716 4179 725 4212 ,
755 4156 839 4225 uper

745 4230 753 4245 ι
843 4155 999 4297 'quorum
1021 4136 1228 4240 proprietate
1247 4157 1324 4248 pum
1344 4157 1464 4206 eorum
1479 4130 1713 4249 podelloribus
1733 4130 1900 4208 defuostia
1921 4155 2015 4206 mota
2036 4132 2083 4205 lis

608 4230 719 4302 adhuc
745 4227 887 4341 tndecra
910 4229 1052 4325 pendet,
1076 4253 1155 4325 quta
1176 4228 1835 4347 guttatuspeuuanvae,quibusprecea
1855 4228 2084 4346 recensentur,

609 4348 885 4439 generattmtnon
906 4326 1028 4397 cadunt
1047 4324 1147 4423 super
1172 4324 1332 4400 benefitia
1357 4323 1516 4421 ltttgtosa,
1535 4327 1594 4401 msa
1614 4329 1665 4402 sel
1688 4330 1729 4401 lrs
1750 4328 1788 4403 fit
1806 4354 1939 4402 norotte
1957 4325 2084 4401 frivola

612 4422 647 4494 dt
668 4419 884 4587 calutpmosa,
907 4422 960 4494 vel
980 4419 1086 4495 solum
1109 4422 1210 4519 super
1229 4422 1421 4540 polleldonc
1440 4423 1593 4540 beneficii
1611 4450 1737 4542 agatur.
1758 4430 1797 4521 d)
1827 4432 1890 4500 Vl.
1916 4422 2086 4500 Bcnefieie

611 4544 755 4592 monocu
770 4543 856 4634 arra,
878 4541 954 4587 nam
974 4541 1198 4632 preterquam
1220 4523 1311 4619 quod
1327 4522 1454 4635 indulta
1476 4524 1602 4608 dicant,
1625 4522 1779 4621 precibus
1800 4548 1929 4598 tamum
1945 4524 2087 4597 collato·

610 4642 665 4701 tes
677 4640 809 4719 gratari
820 4608 930 4716 pole,
949 4636 1009 4714 qut
1023 4612 1138 4706 saltem
1152 4641 1256 4713 attint
1269 4617 1430 4712 btosfistt
1443 4620 1569 4709 hebent
1581 4618 1801 4730 cqofeteudt,
1818 4620 1963 4724 Caesares
1978 4626 2085 4700 etiam

1217 4787 1224 4802 ‚
1323 4787 1327 4794 .
1805 4755 1809 4760 ·
2013 4743 2086 4797 nun
