5017 5592
550 630 619 748 ua
647 626 776 727 Junia
806 627 1073 731 caesonio
1101 629 1473 712 iniiiniuniiuu
1501 591 1720 715 enecuit.
1827 672 1897 749 2„
1964 597 1974 608 ”
2120 583 2125 592 ’

1091 846 1125 936 §.
1176 843 1221 918 X.

529 983 624 1055 Dum
640 978 709 1052 hec
725 980 760 1050 in
776 997 957 1074 utramque
973 1000 1104 1074 partein
1117 975 1214 1049 allata
1233 976 1386 1051 nonnihil
1400 977 1632 1077 pensiculttlua
1650 990 1810 1085 expendl,
1842 995 1897 1068 vir

413 1107 482 1159 non
507 1081 544 1152 in
562 1077 781 1151 affirmantem
802 1074 1019 1160 sentenciam,
1055 1075 1186 1147 illicitas
1209 1073 1272 1149 esse
1294 1076 1499 1172 ejuscemodi
1519 1079 1737 1170 ceffionones,
1770 1115 1897 1185 pertra·

413 1175 693 1258 nummasii,
723 1175 941 1248 nihilominus
964 1171 1075 1246 media
1098 1171 1230 1244 tandein
1252 1176 1305 1246 via
1323 1175 1468 1271 placuit,
1507 1203 1572 1274 qua
1588 1185 1724 1280 utrique
1746 1179 1908 1264 facerem.
2013 1255 2061 1284 Γ
2122 1195 2127 1214 ’

412 1278 511 1361 satia,
536 1277 697 1366 nimirum
710 1268 881 1345 asserendo
898 1269 1022 1344 validas
1043 1270 1217 1366 licitasque
1229 1265 1294 1343 effe
1311 1272 1385 1343 talis
1400 1274 1492 1345 modi
1505 1273 1678 1368 cessiones,
1703 1277 1829 1356 lihaud
1846 1290 1897 1360 in·
2009 1319 2014 1328 ¹

368 1453 370 1457 Α
413 1382 484 1451 ,ito
502 1378 715 1471 Imperatore
732 1374 764 1442 in
780 1368 973 1465 personam,
999 1391 1069 1439 ium
1085 1367 1176 1462 juria
1189 1369 1243 1462 jus
1258 1391 1438 1442 commune
1450 1376 1668 1458 canonicum,
1694 1400 1765 1450 tuin
1782 1378 1894 1454 secun·

412 1476 494 1548 dum
510 1470 629 1543 statura
647 1470 681 1541 u
697 1465 919 1539 observantias
933 1466 1167 1562 capitulorum
1188 1468 1361 1549 idoneam,
1392 1467 1518 1566 absque
1534 1472 1601 1543 ulla
1622 1470 1795 1566 simoniaca
1819 1479 1894 1552 labe

412 1596 468 1647 rur
484 1570 550 1642 alia
565 1565 688 1638 sinislra
706 1567 888 1637 intentione
912 1559 986 1636 siat:
1011 1564 1102 1659 quod
1115 1562 1271 1634 duntaxat
1285 1567 1431 1636 rationes
1449 1569 1476 1656 §.
1497 1572 1575 1638 Vll.
1599 1572 1632 1640 in
1652 1572 1800 1646 medium
1815 1602 1894 1672 pro·

414 1665 523 1748 qua„
538 1669 712 1745 evincunt,
737 1683 933 1754 argumenta
948 1684 1029 1733 vero
1046 1664 1076 1750 i.
1091 1665 1138 1732 Vs
1146 1664 1187 1729 ll.
1205 1658 1356 1755 opposita
1370 1658 1444 1734 satis
1459 1662 1633 1739 diluuntur
1642 1673 1892 1768 exceptionibus

412 1766 516 1841 ,mdo
533 1759 651 1843 dissic,
676 1755 792 1831 namsi
813 1754 968 1831 cessiones
984 1756 1064 1831 tales
1087 1757 1212 1852 absque
1227 1755 1334 1853 passis
1355 1754 1539 1833 simoniacis
1561 1763 1614 1835 vel
1635 1763 1761 1840 bonum
1779 1771 1893 1846 Eccle-

413 1865 464 1940 ἦε
482 1861 656 1959 pubiicum
673 1854 916 1954 susquedeque
936 1853 1077 1928 habente
1096 1852 1218 1970 affatio
1233 1856 1341 1925 carnis
1356 1855 1389 1927 dt
1404 1855 1586 1949 sanguinis,
1605 1862 1655 1933 ves
1673 1868 1892 1959 privaiiconi·

436 1962 529 2034 eridii
546 1979 661 2028 amore
684 1953 780 2036 fiant,
807 1979 872 2025 non
895 1955 1095 2047 impingitur
1119 1979 1152 2023 io
1176 1954 1323 2024 rationes
1343 1955 1455 2048 primo
1478 1955 1512 2026 dr
1536 1956 1602 2029 ado
1624 1958 1699 2032 loco
1713 1961 1903 2050 'adduslam

412 1988 468 2134 scd
483 2059 600 2154 potius
615 2053 680 2124 ilsae
695 2050 850 2124 omnibus
864 2053 1012 2122 numeris
1028 2047 1244 2122 absolvuntur
1260 2049 1293 2120 u
1308 2048 1420 2123 exasle
1435 2055 1651 2128 attenduntur
1666 2062 1710 2129 ll.
1728 2057 1751 2132 si
1765 2062 1799 2132 in
1813 2087 1892 2160 per·

411 2156 526 2231 somn,
543 2149 624 2224 fiam
643 2150 818 2229 idoneam,
841 2173 908 2219 non
922 2147 1043 2220 liabent
1061 2146 1210 2220 Ecclesiae
1231 2146 1265 2219 dt
1284 2149 1447 2243 capitula,
1471 2176 1532 2222 cur
1549 2176 1815 2251 conquerantur,
1832 2181 1891 2246 eur

410 2253 649 2354 peoeJudicium
666 2247 834 2343 quoddam
856 2245 1055 2326 obtendant,
1087 2269 1156 2340 quo
1183 2246 1305 2316 rationi
1329 2247 1404 2340 qtiae
1425 2244 1577 2320 satisfieri
1597 2248 1808 2328 manifestum
1831 2256 1889 2334 esi.

411 2359 584 2449 Qiartum
603 2368 836 2438 argumentum
850 2345 927 2440 plus
941 2341 1073 2413 roboris
1090 2343 1123 2412 in
1145 2339 1178 2412 se
1198 2341 1323 2413 habere
1338 2342 1489 2427 videtur,
1518 2344 1564 2418 asi
1578 2348 1753 2444 pensitanti
1775 2355 1890 2428 condi·

412 2455 523 2524 tiones
546 2443 714 2519 sententiae
737 2439 855 2513 nolsrte
875 2437 1040 2536 appositas
1062 2434 1160 2511 sicile
1181 2438 1349 2521 illucebit,
1386 2439 1562 2536 precillam
1584 2469 1626 2518 co
1646 2450 1748 2520 modo
1768 2451 1891 2528 cedere

409 2543 521 2648 posse,
550 2568 626 2615 cuni
644 2547 833 2637 Imperator
843 2539 920 2634 jure
934 2534 1034 2609 scniel
1047 2537 1384 2634 concedendipreces
1397 2540 1574 2634 primarias
1590 2545 1625 2614 in
1641 2543 1891 2623 EcclesiisGer·

408 2649 551 2720 ,micis
571 2640 728 2735 gaudeat,
753 2638 898 2733 ideoque
911 2631 1051 2708 cessione
1066 2637 1100 2707 in
1120 2634 1264 2707 alterum
1284 2633 1444 2708 idoneum
1459 2640 1525 2711 rire
1545 2634 1632 2712 sosia
1654 2644 1787 2717 easdem
1808 2637 1890 2722 huic

408 2741 594 2817 concedere
609 2739 731 2820 valeam
750 2760 911 2831 praterea
927 2731 949 2806 si
965 2730 1104 2830 precisia
1118 2732 1328 2804 clanculariis
1345 2734 1618 2811 conventionibus
1636 2739 1801 2814 &illicitis
1816 2768 1892 2820 mm
2044 2803 2048 2816 .

409 2844 457 2914 dis
480 2834 656 2912 cessionem
673 2857 844 2916 tentaret,
869 2827 1004 2904 abusum
1020 2824 1082 2903 else
1096 2856 1163 2903 tion
1176 2827 1386 2917 dubitamus,
1416 2835 1474 2930 qui
1496 2854 1607 2907 tamen
1626 2836 1813 2931 legitimum
1833 2865 1887 2916 ce·
2026 2839 2029 2846 ’

410 2940 509 3011 dandi
532 2933 629 3007 usum
656 2934 775 3005 tollere
802 2934 919 3027 nequit
939 2928 1031 3025 justa
1057 2929 1253 3021 vulgarum:
1292 2929 1429 3002 tollatur
1457 2930 1595 3017 abusus,
1628 2953 1760 3010 maneat
1794 2935 1886 3023 ustis.

410 3044 537 3132 Qiinta
551 3037 679 3104 rarione
698 3057 764 3101 non
783 3034 887 3100 everti
908 3025 1055 3099 nostrum
1077 3023 1250 3107 asserium,
1284 3028 1362 3100 inde
1381 3028 1581 3105 concludere
1604 3030 1667 3114 esl,
1703 3037 1794 3132 quod
1813 3038 1886 3112 asiae

408 3133 509 3207 causae
524 3131 719 3226 suppetant,
742 3152 802 3197 cur
819 3127 991 3221 Episcopis
1017 3123 1252 3216 resignationes
1271 3127 1304 3193 in
1321 3114 1471 3197 savorem
1486 3133 1594 3211 tertii,
1609 3130 1784 3206 admittere
1794 3137 1883 3208 haud

408 3234 524 3312 liceat,
553 3253 625 3325 quae
643 3231 676 3296 in
691 3220 883 3297 cessionibus
908 3247 1047 3319 precum
1063 3220 1288 3293 Caesarearum
1312 3225 1421 3294 locum
1444 3252 1509 3294 non
1533 3227 1672 3312 habent;
1705 3257 1779 3302 nam
1803 3234 1884 3305 asina

408 3352 552 3430 propter
570 3348 688 3396 eorum
703 3318 897 3394 facilitatem
917 3316 1075 3391 beneficia
1090 3318 1179 3414 quasi
1195 3320 1405 3391 haereditaria
1422 3320 1557 3407 fierent,
1579 3327 1660 3397 olim
1676 3330 1833 3423 equidem
1850 3335 1885 3403 in

407 3451 524 3501 eorum
545 3423 686 3492 arbitrio
702 3442 794 3500 erar,
821 3420 972 3515 recipere
995 3414 1228 3509 resignationes
1245 3416 1277 3489 u
1295 3421 1615 3493 recommendationi
1635 3425 1771 3496 alterius
1793 3452 1810 3496 a
1833 3453 1886 3501 re·

409 3524 554 3618 sgnanre
571 3513 665 3589 fasta
686 3518 760 3612 psus
784 3509 934 3597 deferre,
962 3512 1136 3611 poslquiim
1160 3539 1240 3586 vero
1256 3540 1309 3587 res
1327 3522 1361 3586 in
1378 3512 1515 3588 abusum
1539 3515 1766 3593 Ecclesiastico
1787 3523 1881 3596 disci·

408 3626 505 3721 plinae
551 3619 724 3689 ernoxium
743 3611 852 3695 desit,
874 3608 1024 3683 facilitati
1041 3612 1235 3685 admittendi
1259 3605 1493 3704 resignationes
1515 3620 1549 3684 in
1564 3607 1714 3688 favorem
1737 3644 1816 3714 repa
1842 3647 1883 3693 u.

408 3722 476 3791 lum
493 3644 547 3790 esi
556 3711 766 3810 oppositum,
784 3738 824 3783 ne
846 3713 1021 3803 iniquitate
1038 3703 1093 3780 sbi
1110 3707 1339 3781 mentiente&
1359 3731 1490 3805 peccata
1512 3711 1700 3795 excusante,
1723 3645 1883 3792 brocsela

409 3820 508 3889 aeluri
525 3813 737 3884 hereditaria
751 3809 946 3889 evaderent,
966 3806 1057 3901 quod
1076 3802 1208 3902 semper
1222 3829 1363 3879 conones
1378 3809 1520 3881 maxime
1535 3809 1683 3883 detestati
1699 3806 1788 3883 sunt:
1802 3839 1886 3911 pto·

409 3913 499 3988 seilo
522 3913 593 3983 hec
613 3914 700 3981 racio
720 3905 760 3976 ad
787 3897 940 3979 cessones
964 3930 1102 4001 precum
1124 3930 1190 3975 uon
1212 3905 1260 3976 lta
1281 3903 1440 4004 adplicari
1463 3906 1590 4002 potest,
1613 3935 1678 3980 non
1699 3914 1788 3982 enim
1806 3910 1880 3986 sunt

410 4015 451 4084 ita
470 4007 687 4105 frequentes,
709 4027 746 4075 ut
768 4000 1001 4096 resignationcs
1018 4005 1051 4073 in
1065 3995 1216 4074 savorem
1237 4006 1322 4096 3tii,
1344 4028 1404 4076 nec
1426 4008 1593 4102 quispiam
1616 4005 1773 4079 beneficia
1791 4005 1883 4106 quasi
1968 4042 1977 4060 =

408 4103 607 4182 infuniculo
621 4103 824 4177 baereditatis
842 4104 968 4198 capiet,
995 4095 1017 4169 si
1037 4093 1190 4174 cessiones
1210 4120 1368 4196 precum,
1401 4099 1584 4197 praesertim
1608 4106 1710 4175 modo
1729 4103 1883 4205 superius

409 4203 620 4306 prescripto,
647 4199 740 4273 fiunt.
790 4205 937 4272 Demum
961 4200 1070 4294 pratis
1092 4201 1283 4271 Germania
1307 4197 1457 4280 restatur,
1484 4197 1719 4291 refignationes
1737 4207 1772 4275 in
1789 4202 1884 4280 savo·

409 4331 476 4380 rem
496 4329 516 4375 a
532 4299 748 4373 collatoribus
765 4299 943 4368 ordinariis
962 4295 1163 4392 &capitulis
1186 4296 1337 4384 admitti,
1364 4293 1498 4392 quodsi
1518 4291 1575 4369 siai
1595 4297 1721 4397 absque
1737 4304 1803 4374 ulla
1826 4330 1884 4402 pa·

407 4403 515 4478 ssione
533 4396 708 4471 simoniaca
730 4394 783 4468 tel
799 4396 973 4487 illegitima
989 4392 1052 4464 alia
1066 4394 1214 4475 rarione,
1236 4394 1336 4465 talem
1351 4393 1620 4468 consuetudinem
1635 4398 1793 4473 damnare
1804 4405 1882 4497 quis

406 4530 468 4576 non
483 4498 643 4587 audebit,
665 4498 769 4594 igitur
786 4493 819 4574 ἃ
834 4489 955 4573 casiri
971 4492 1049 4571 licet
1064 4514 1183 4593 preces
1203 4489 1276 4563 suas
1295 4496 1420 4591 pratia
1441 4492 1580 4578 cessione
1597 4499 1633 4572 in
1653 4498 1756 4573 alium
1777 4523 1883 4574 trans·
1904 4577 1914 4583 ,

406 4596 507 4685 ferra

1171 4703 1244 4789 Dis
1270 4734 1290 4811 3
1468 4775 1472 4784 .
1765 4723 1797 4809 ς.
1817 4711 1882 4806 xi.
