5017 5592
485 656 840 804 innumerum
856 649 1883 773 ranntsvanctvrnnrxrraannuc.431
2133 645 2138 652 ’

488 870 515 916 e
528 841 666 916 exordio
686 841 785 940 plene
798 839 971 925 transiisse,
995 842 1051 926 sed
1073 845 1323 944 precipuepro
1342 849 1409 918 reis
1431 868 1503 920 tum
1523 848 1732 924 intercedere
1751 848 1885 926 consue·

485 965 634 1014 ttantum
650 939 834 1037 Episcopus
855 942 944 1037 apud
960 944 1131 1039 Principes
1147 939 1334 1028 seculares,
1360 947 1408 1017 uti
1430 945 1463 1017 id
1479 946 1667 1020 declaratur
1681 972 1719 1018 er
1734 951 1889 1032 Concilio

485 1039 595 1112 licens
610 1042 695 1111 circe
709 1041 858 1111 medium
874 1041 1193 1112 SeculilV.Canon.
1212 1044 1372 1135 grecisp.
1397 1047 1484 1116 Dlo
1496 1061 1641 1118 musto
1660 1063 1890 1136 Extuuoss.
1916 1099 1919 1104 -

485 1176 488 1204 .
504 1139 652 1211 arbitrati
669 1136 825 1247 pastorali
840 1139 875 1209 id
888 1135 1203 1222 meximeofficio,dr
1219 1144 1351 1213 muneri
1359 1139 1418 1214 suo
1432 1144 1619 1225 convenire,
1630 1164 1739 1311 prout
1752 1147 1785 1218 S.
1795 1153 1891 1220 Auo.

485 1240 505 1309 l.
527 1268 539 1307 ι
549 1265 566 1316 5
573 1263 604 1323 3.
623 1237 825 1330 respondens
844 1237 1048 1330 Macedonio
1062 1239 1096 1307 in
1110 1238 1182 1310 baee
1201 1235 1302 1311 verba
1324 1236 1491 1312 rescribit:
1543 1241 1609 1313 uod
1643 1266 1653 1312 t
1676 1246 1750 1334 (ait
1764 1240 1815 1316 N.
1831 1244 1893 1337 6.)

487 1339 562 1432 quis
580 1334 612 1404 dt
633 1331 772 1404 scelestis
792 1333 850 1404 ille
870 1337 1013 1428 (Deus)
1037 1335 1227 1428 parcendo,
1260 1338 1376 1434 eisque
1399 1341 1503 1411 vitam
1518 1267 1730 1433 lalutemque
1751 1338 1893 1432 largien-

492 1481 502 1515 ,
525 1437 625 1504 etiam
643 1429 813 1526 plerisque
832 1456 968 1514 eorum,
1003 1455 1088 1525 quoa
1110 1436 1222 1517 novit,
1255 1458 1322 1506 non
1346 1430 1479 1524 siluros
1502 1440 1749 1532 poenirentiam,
1783 1460 1895 1510 tamen

485 1530 575 1601 biber
593 1532 808 1624 patientium
834 1533 1078 1625 quantomagis
1094 1553 1154 1599 nos
1170 1521 1202 1599 in
1220 1554 1296 1615 eos,
1328 1536 1387 1628 qui
1410 1531 1655 1606 correslionem
1679 1536 1894 1630 promittunt,

485 1635 558 1699 :eru
575 1626 704 1706 sumus,
727 1626 978 1708 misericordes,
1006 1621 1069 1697 elle
1092 1626 1270 1712 debemus,
1295 1651 1333 1700 ut
1354 1634 1504 1722 rigorem
1528 1627 1671 1703 restrum
1691 1641 1756 1725 pro
1775 1636 1822 1704 eis
1840 1636 1896 1704 in·

485 1725 643 1799 eedendo
659 1720 843 1794 flesltmut.
897 1724 992 1795 ldem
1007 1719 1080 1797 fere
1095 1721 1204 1796 riserit
1218 1729 1250 1797 S.
1266 1731 1295 1797 C
1302 1745 1589 1801 HRYsost’um
1602 1751 1649 1800 us
1674 1735 1764 1804 Hcttt·
1788 1757 1842 1816 υ.
1862 1735 1896 1803 itt

485 1825 512 1900 l.
528 1851 563 1901 ι.
576 1826 617 1896 ad
635 1822 866 1906 corintb.,buie
881 1820 1037 1896 consonet
1052 1826 1085 1895 S.
1101 1830 1266 1897 Aulaeo
1277 1841 1378 1900 stus
1394 1827 1488 1926 Epist.
1503 1853 1561 1913 ²5·
1577 1829 1613 1904 ct
1627 1851 1688 1903 42.

1083 2033 1114 2124 §.
1166 2033 1241 2110 Vl.

544 2163 697 2240 Secundo
713 2161 788 2238 satis
803 2159 974 2238 maniselle
989 2165 1154 2237 evincitur
1168 2174 1222 2240 Aa
1232 2187 1426 2242 raonunt
1440 2166 1492 2263 jus
1506 2168 1540 2238 in
1554 2168 1734 2264 primitive
1747 2164 1900 2243 ucclefiae

485 2291 506 2338 u
525 2272 718 2360 neutiquam
738 2262 927 2360 pependill'e
941 2264 983 2334 ab
1000 2261 1199 2336 au'eioritate
1218 2263 1388 2348 Ecclesiae,
1414 2265 1470 2338 sed
1488 2291 1505 2336 a
1523 2265 1751 2339 bevevolentia
1775 2269 1903 2341 Princi-

485 2390 526 2446 n,
551 2363 583 2434 dr
601 2359 857 2455 Magistratuum
874 2359 1089 2442 secularium,
1114 2360 1155 2432 ad
1173 2386 1257 2459 quoa
1273 2358 1467 2461 frequentes
1489 2359 1732 2436 interceffiones
1746 2388 1812 2462 pro
1831 2367 1902 2440 reis

485 2465 537 2533 SS.
554 2461 639 2531 aedea
654 2453 923 2551 confugientibus
942 2454 1082 2542 fiebant,
1114 2480 1224 2532 totum
1243 2484 1405 2557 quantum
1425 2457 1619 2560 profestum
1636 2457 1742 2536 fuisse.

539 2613 666 2703 Neque
678 2606 820 2681 Ecclesia
830 2633 975 2704 unquam
985 2607 1087 2682 ullam
1096 2605 1151 2681 libi
1161 2613 1195 2681 in
1209 2610 1271 2682 bac
1280 2611 1417 2683 materia
1436 2609 1632 2707 potestatem
1640 2611 1822 2690 vendicasse
1832 2618 1903 2716 pri·

485 2731 548 2790 us,
561 2709 613 2777 vel
624 2707 754 2778 decreta
764 2705 899 2778 edidisse
908 2707 1048 2802 legitur,
1068 2704 1459 2804 qqusylijuaEcclefiis
1474 2733 1666 2807 competere
1680 2711 1833 2796 doceret,
1848 2712 1904 2788 vel

485 2806 514 2876 id
535 2801 775 2884 morficendo,
795 2806 1026 2902 ampliandove
1045 2803 1233 2879 sludueritt
1256 2802 1479 2878 sedconttnuo
1490 2807 1525 2877 id
1540 2833 1641 2881 omne
1655 2834 1695 2881 er
1707 2808 1905 2908 prescripto

485 2899 828 3071 infcipumpiimensam
842 2899 925 3094 eges.
944 2904 979 2977 dt
996 2901 1036 3072 s}
1051 2926 1160 3094 tppppn
1175 2907 1209 2974 in
1225 2903 1286 3074 lupe
1300 2928 1338 2977 re
1361 2902 1491 3101 lepibua
1503 2905 1907 3080 paicommAEsubmistlsedp

485 3025 612 3072 n.van
674 3019 1054 3073 saautnt.can.e
1110 3023 1232 3094 yttem
1297 3013 1470 3092 c.t.'.5.
1538 3023 1653 3076 a'rett
1727 3025 1844 3090 non,

494 3103 629 3171 narde
650 3100 734 3188 Alit.
757 3125 782 3171 c.
802 3128 831 3170 1.
849 3103 910 3191 fol.
934 3127 987 3182 iq.
1017 3103 1214 3174 Besoau.
1231 3028 1266 3171 in
1288 3103 1411 3172 relatae.
1437 3105 1492 3171 til.
1512 3128 1544 3173 ι.
1570 3108 1623 3174 rit.
1653 3107 1692 3173 de
1723 3109 1809 3195 Atii.
1832 3109 1908 3177 Ka·

497 3216 694 3266 rumaren
723 3200 773 3267 lib.
795 3225 818 3267 r.
846 3204 971 3269 Paline.
993 3219 1055 3289 cap.
1080 3226 1132 3277 17.
1186 3203 1312 3270 Contra
1338 3221 1553 3271 communem
1580 3197 1824 3273 canonistarum
1839 3196 1907 3272 dis·

489 3317 525 3364 t:
553 3318 683 3363 remex
712 3295 831 3389 primia
855 3298 1029 3391 principiis
1050 3320 1117 3364 non
1147 3292 1261 3367 sedulo
1282 3292 1524 3378 scrutantium,
1550 3294 1605 3368 sed
1629 3323 1716 3369 ceco
1739 3301 1812 3370 zelo
1834 3294 1909 3370 sere

485 3416 531 3462 tce
553 3389 742 3461 dubiorum.
802 3395 941 3464 Accedit
956 3417 1063 3488 porro
1089 3392 1122 3463 dr
1144 3415 1254 3476 ratio,
1279 3417 1353 3487 quae
1374 3395 1519 3489 principi
1541 3417 1579 3464 ut
1605 3393 1756 3465 ministro
1773 3393 1909 3488 justitie

485 3486 631 3560 testatem
646 3491 845 3560 illimitatam
862 3494 1002 3590 tpibuit3
1027 3514 1103 3561 cum
1119 3494 1210 3560 Deus
1226 3489 1373 3583 gladium
1390 3488 1430 3558 ed
1453 3494 1663 3586 punitionem
1683 3491 1717 3562 dt
1733 3493 1910 3562 coercitio·

485 3613 513 3657 m
538 3586 803 3682 delinquentium
819 3585 925 3681 ipsum
943 3611 1078 3683 portare
1092 3583 1237 3681 jusserit,
1262 3610 1322 3657 nec
1339 3585 1434 3655 ullibi
1459 3610 1601 3683 propter
1622 3587 1750 3658 cultum
1773 3591 1807 3657 in
1826 3608 1911 3657 tem·

490 3685 685 3780 &aliisque
704 3686 784 3755 locis
799 3687 878 3756 Deo
897 3687 1013 3756 dicatis
1040 3683 1262 3756 exhibendum
1286 3680 1507 3764 resltinxerit,
1524 3684 1576 3754 vel
1601 3686 1778 3758 minimum
1794 3684 1913 3780 limiti·

485 3808 501 3852 s
523 3785 695 3877 quibusvis
717 3784 987 3855 circumscribere
1012 3783 1215 3854 intenderit:
1241 3778 1295 3851 sed
1311 3782 1500 3874 Principem
1517 3804 1558 3851 eo
1581 3784 1631 3851 uti
1655 3780 1913 3854 indeterminate

485 3880 602 3960 luerit,
625 3906 726 3977 prout
744 3885 965 3977 tranquillitas
984 3883 1134 3977 publica,
1158 3879 1296 3976 &pacis
1319 3872 1543 3961 conservatio,
1566 3878 1658 3975 quod
1679 3876 1806 3949 sumnia
1818 3875 1912 3975 justi·
2026 3931 2029 3936 ·
2085 3879 2088 3884 ’
2112 3927 2119 3940 -

504 3976 612 4057 audit,
638 3975 823 4049 defidemrc
840 3981 1006 4075 sapiemer
1019 3978 1186 4073 judicarit.
1240 3975 1390 4047 Ulterius
1414 4001 1480 4047 non
1504 3974 1628 4049 sinistre
1647 3985 1823 4072 putemus,
1843 3999 1914 4048 nott

485 4069 534 4145 ille
551 4097 622 4144 tum
640 4080 801 4167 temporis
820 4102 920 4172 penes
945 4072 1089 4148 summos
1106 4071 1289 4171 Episcopos
1302 4077 1474 4144 minimam
1492 4073 1685 4176 potestatem
1699 4073 1754 4166 jus
1767 4082 1914 4147 ASYLI

489 4172 612 4242 oddam
629 4174 819 4263 arrogandi.
871 4179 945 4268 Qua
963 4177 1050 4242 enim
1075 4175 1205 4244 ratione
1230 4168 1387 4244 Ecclelas
1404 4168 1445 4241 ab
1469 4167 1751 4243 administratione
1771 4153 1944 4267 Jullitis
2067 4203 2070 4208 ·

485 4295 565 4340 ueras
593 4274 811 4367 pronuntiare
834 4266 1037 4342 veluissent?
1065 4295 1133 4365 quo
1159 4265 1406 4341 fundamento?
1430 4289 1522 4337 certe
1541 4259 1619 4336 fidei
1643 4292 1733 4339 non:
1760 4270 1840 4341 elias
1861 4269 1915 4340 vel

500 4367 575 4461 jure
591 4372 704 4439 divino
728 4370 983 4464 quodammodo-
998 4365 1215 4447 descendere,
1230 4365 1322 4462 quod
1340 4361 1487 4434 Ecclessae
1511 4364 1727 4458 interpretari
1751 4363 1816 4451 est,
1838 4362 1916 4438 ell'e·

485 4470 552 4536 rari
573 4466 725 4543 deberet,
749 4469 837 4561 quod
856 4493 954 4537 nemo
969 4460 1067 4534 facile
1083 4464 1226 4534 dixerit:
1254 4462 1306 4533 vel
1321 4465 1493 4532 materiam
1511 4457 1588 4532 fidei
1604 4458 1686 4545 else,
1708 4488 1782 4558 quae
1805 4464 1916 4535 derer-

485 4564 599 4633 inanda
616 4562 719 4658 lpsrns
742 4568 953 4643 conveniret,
974 4563 1006 4633 dt
1029 4562 1183 4656 adquam
1203 4564 1312 4631 omnis
1330 4557 1464 4640 illorum
1487 4558 1629 4655 poteslas
1651 4563 1838 4642 reducitur,
1860 4557 1917 4629 sed

489 4687 555 4764 que
570 4664 635 4735 boe
650 4659 715 4734 sale
735 4660 958 4770 sarierarionis
972 4660 1127 4745 imbutis,
1153 4658 1186 4732 a
1202 4660 1335 4732 veritati
1349 4651 1479 4732 assuetis
1492 4657 1628 4733 auribus
1641 4658 1796 4757 placebis
1830 4659 1921 4825 0οὲ
