5017 5592
548 759 551 766 Ι
625 636 695 715 nc
709 636 838 736 June
851 637 1118 717 cantaro
1137 627 1509 722 rntnnntattuut
1525 639 1746 727 rancura.
1841 673 1914 735 ..ι
2029 701 2050 712 ..
2110 633 2116 640 ·

423 820 594 902 vacantis,
623 815 718 891 nelfi
743 845 945 916 procurator
965 820 1066 920 ipsius
1089 824 1216 896 interea
1240 819 1387 907 obiisset,
1407 821 1462 899 nel
1484 822 1697 921 hujusmodis
1717 852 1836 904 netum
1855 855 1910 918 an,

417 918 599 992 ficollatio
621 914 772 988 beneficii
793 924 937 992 vacantis
955 919 1029 1019 post
1051 919 1196 992 mensem
1217 920 1366 1018 elapsum
1388 920 1428 994 ab
1455 923 1627 996 ordinario
1643 926 1805 1003 collatore
1828 925 1908 1004 ell'et

416 1013 527 1099 facta,
552 1013 810 1113 probatiojullae
830 1021 1025 1108 ignorantia
1042 1017 1080 1092 fit
1093 1019 1298 1093 admittenda
1306 1015 1322 1104 ,'
1341 1019 1438 1093 valde
1453 1018 1586 1102 dubito,
1601 1019 1804 1118 ptaelerrim,
1825 1050 1903 1101 eutu

419 1139 542 1214 preces
558 1112 619 1185 sant
640 1110 762 1185 odiosae
783 1117 963 1189 ordinariis
994 1117 1209 1190 collatoribus
1234 1117 1270 1191 dt
1294 1140 1457 1217 praeterea
1478 1142 1597 1216 preces
1617 1116 1801 1209 effestum,
1822 1126 1906 1199 dutu

415 1213 510 1287 eliud
525 1233 619 1284 vacat
634 1208 854 1297 beneficium,
876 1212 988 1287 sortiri
1002 1211 1131 1313 palliat.
1966 1231 1969 1242 '

461 1383 505 1469 a)
526 1379 665 1445 Chnltier
677 1379 742 1445 loc.
762 1400 845 1444 mox
862 1384 916 1446 cit.
936 1380 970 1445 dc
989 1380 1117 1465 Pithing
1128 1382 1192 1448 loe.
1209 1366 1263 1448 cii.
1280 1400 1311 1445 u.
1326 1392 1398 1466 378.
1420 1380 1593 1450 Reiuhatth
1608 1384 1662 1451 eit.
1677 1384 1802 1452 Dillert.
1817 1404 1850 1453 n.
1863 1381 1906 1453 X·

537 1464 573 1528 dc
584 1464 638 1527 alii
653 1462 758 1547 plures
769 1462 863 1546 juxte
879 1462 1012 1549 glollcm
1023 1466 1056 1529 in
1075 1466 1174 1530 Cleua.
1194 1466 1279 1531 unic.
1297 1484 1329 1531 v.
1345 1473 1420 1530 note
1433 1467 1503 1531 erit.
1518 1466 1559 1531 de
1572 1466 1716 1536 Coueeff.
1729 1467 1889 1536 Ptaebeud.
1999 1533 2006 1540 .

1058 1665 1093 1750 §.
1143 1659 1269 1744 thl.

439 1865 443 1871 ι
539 1790 655 1887 Major
670 1790 803 1865 videtur
820 1789 883 1865 elle
908 1789 1085 1866 difficultas
1109 1797 1142 1867 in
1167 1792 1348 1890 questione
1368 1794 1482 1869 altera·
1497 1791 1711 1879 resolvenda,
1730 1796 1907 1882 nimirum,

415 1887 444 1961 fi
458 1885 532 1987 poll
551 1887 697 1985 elapsum
713 1888 859 1962 mensem
876 1891 916 1963 ab
940 1892 1113 1967 ordinario
1136 1896 1298 1965 collatore
1320 1892 1518 1967 beneficium
1534 1920 1600 1966 non
1617 1891 1655 1966 stt
1675 1893 1846 1973 collatum,
1860 1919 1905 1966 att

417 1985 580 2157 fitecista,
600 2012 638 2058 re
664 1989 772 2059 adltuc
793 1993 940 2081 integra,
963 1988 1036 2083 poll
1056 1988 1422 2074 mensembeneficium
1448 1992 1530 2064 illud
1557 2015 1728 2088 acceptare
1750 1987 1905 2088 pollis&
2048 2003 2058 2085 ᾗ

446 2109 481 2156 ae
497 2087 627 2155 ratione
642 2086 836 2156 collatorem
853 2088 1043 2183 impedire?
1069 2090 1244 2160 indubium
1286 2089 1397 2161 uidem
1412 2086 1476 2171 est,
1497 2085 1588 2188 polle
1602 2088 1797 2162 collatorem
1814 2087 1905 2176 ordi·
2002 2087 2012 2111 ⁸

423 2185 559 2253 narium
584 2177 656 2279 poll
680 2181 826 2254 mensem
851 2182 1048 2257 beneficium
1068 2212 1184 2259 vacans
1204 2114 1378 2268 rualene,
1398 2211 1474 2257 cum
1483 2187 1587 2258 nullo
1607 2186 1684 2282 jure
1702 2184 1739 2259 stt
1762 2185 1905 2281 impedi·

419 2302 495 2366 tus,
515 2305 553 2352 ae
574 2280 751 2351 collatione
767 2278 871 2364 falla,
892 2284 976 2353 nthil
998 2284 1240 2380 ampliusjuris
1272 2308 1326 2355 tro
1343 2308 1381 2356 ea
1402 2285 1473 2356 vice
1492 2285 1702 2381 pretendere
1724 2281 1902 2377 preciliana

416 2374 537 2476 polle,
561 2403 677 2451 nerum
699 2382 732 2449 in
754 2379 933 2476 quallione
962 2381 1131 2477 proposita
1148 2311 1297 2452 dilsenllo
1326 2379 1527 2478 scriptorum
1555 2384 1783 2479 comperitur,
1806 2405 1843 2479 ae
1865 2382 1901 2453 iu

417 2500 601 2571 utramque
622 2499 750 2570 partem
771 2501 889 2549 eorum
907 2502 1000 2548 mens
1019 2477 1065 2549 est
1080 2477 1272 2575 pertralla:
1297 2482 1508 2551 communius
1525 2480 1646 2552 docent
1659 2480 1696 2568 e)
1723 2475 1796 2574 poll
1809 2501 1904 2550 meta·

415 2570 485 2645 sem
496 2609 506 2654 ,-
527 2597 564 2644 re
584 2575 691 2644 adhue
706 2580 854 2667 integra,
876 2580 1096 2673 receptationi
1111 2577 1299 2672 adhucpcr
1318 2576 1554 2669 negligenciam
1571 2571 1693 2647 omilsae
1713 2575 1825 2648 locum
1838 2569 1904 2650 else

414 2694 562 2842 propter
575 2669 1227 2843 clausulambettraordinariatsstssaddittm
1247 2674 1381 2846 ifidulgtlo
1396 2669 1571 2842 l¹²ontitlcio
1587 2669 1618 2771 §-
1638 2668 1914 2842 finalhiexprelse‘·

440 2789 501 2841 ero
527 2792 635 2841 antem
658 2794 748 2841 omna
776 2795 814 2842 us
838 2795 896 2853 ns,
944 2797 993 2843 ute
1015 2799 1037 2844 o
1089 2795 1145 2845 ant
1190 2795 1257 2844 teet
1286 2797 1313 2843 te
1386 2795 1451 2844 ato
1478 2796 1534 2843 um
1579 2795 1709 2844 eccon
1751 2791 1899 2844 tunooes

412 2793 625 2966 Apollolicas
642 2874 862 2965 requiruntur
882 2796 1222 2956 deqinfinttatitne,p&
1240 2873 1439 2967 publicatione
1454 2796 1644 2962 qpratillum
1664 2864 1897 2965 exspeElatita·

414 2990 512 3047 rum,
531 2968 567 3041 {3
581 2971 743 3058 dtligenttis
757 2994 810 3062 pet
835 2990 1023 3062 acceptantes
1040 2970 1163 3063 desuper
1184 2971 1334 3059 faciendis
1350 2974 1382 3039 in
1396 2969 1545 3060 savorem
1568 2971 1789 3038 ordinationem
1813 2970 1902 3038 callen

415 3085 527 3135 tatem.
579 3068 707 3135 Verum
724 3089 799 3135 cum
817 3066 886 3137 haee
907 3070 992 3136 ratio
1013 3070 1122 3137 minus
1138 3063 1230 3137 recle
1246 3064 1283 3137 stt
1306 3067 1372 3160 ltue
1394 3064 1576 3161 adplicata,
1594 3067 1627 3135 in
1644 3064 1845 3136 contrariam
1861 3065 1899 3158 b)

415 3160 499 3232 abeo
515 3157 718 3231 sententiam.
768 3163 882 3234 l’rimo
893 3168 982 3235 enim
999 3189 1079 3234 vero
1097 3160 1269 3235 Pontificia
1281 3163 1408 3234 indulta
1423 3162 1457 3234 id
1473 3187 1539 3234 non
1554 3162 1730 3234 intendunt
1747 3185 1788 3234 eo
1804 3159 1898 3257 quod

414 3259 649 3334 tantummodo
665 3256 856 3343 edisserant,
880 3258 1027 3357 precillae
1042 3259 1170 3333 obstare
1184 3286 1250 3331 non
1273 3258 1394 3333 debere
1411 3257 1659 3333 constitutiones
1674 3266 1705 3330 A
1731 3255 1897 3342 ostolieas,

413 3351 511 3455 llueis
530 3382 648 3427 norma
664 3363 750 3427 circa
774 3358 1024 3430 infirmationem
1045 3359 1340 3454 exlpellttitarum
1358 3355 1607 3430 Pontificitrum
1627 3355 1674 3429 est
1699 3283 1839 3439 tlncita,
1863 3354 1899 3428 id

415 3454 508 3552 quod
529 3453 572 3526 de
591 3453 806 3527 insinuatione
831 3482 968 3552 precum
991 3457 1080 3527 haud
1094 3454 1140 3528 est
1166 3454 1439 3549 intelligendum,
1461 3455 1540 3526 alias
1567 3450 1724 3525 incassum
1749 3474 1820 3524 tum
1841 3455 1895 3525 in·

415 3552 535 3635 dultia,
554 3577 630 3623 cum
653 3552 891 3646 diplomatibus
908 3551 1120 3626 eaesarearum
1137 3578 1275 3649 precum
1290 3552 1329 3624 ad
1353 3550 1552 3623 beneficium
1570 3547 1809 3645 acceptandum
1824 3545 1897 3646 sp't·

415 3655 499 3722 tium
518 3655 617 3720 unius
641 3650 758 3721 menits
788 3646 1068 3749 praescriberetur.
1097 3653 1162 3722 ado
1179 3649 1201 3720 fi
1221 3655 1321 3721 etiam
1344 3646 1520 3720 Pontifices
1542 3671 1581 3717 er
1599 3645 1808 3744 plenitudiue
1834 3670 1897 3744 po·

415 3747 538 3819 tellaria
556 3748 638 3842 quid
658 3750 800 3843 amplius
818 3754 849 3819 in
872 3748 935 3821 suis
954 3749 1090 3820 indultis
1104 3742 1292 3828 sanxissent,
1311 3746 1344 3817 id
1359 3748 1392 3816 in
1411 3746 1622 3818 Germanicis
1638 3739 1788 3815 Ecclefiis
1804 3742 1895 3818 haud

415 3868 592 4015 ξεξερωω
612 3842 674 3916 elle
692 3845 847 3960 constat&
861 3870 978 3943 utpote
997 3872 1070 3944 qua
1088 3844 1153 3919 suis
1165 3843 1317 4012 juribupi,
1344 3843 1378 3915 dt
1400 3841 1713 4014 [lorgul'mliqffll
1735 3843 1897 4010 recitarit?

415 3944 1896 4149 llll533¹·lelll'i‘zsltllllmtit,itlsstttallllltalia:

416 4164 481 4210 non
496 4137 635 4219 collata,
659 4136 733 4235 post
750 4137 891 4235 spatium
907 4143 1004 4211 unius
1020 4138 1137 4212 mensts
1156 4135 1312 4213 conferre
1350 4134 1474 4219 offunt,
1492 4137 1575 4207 adeo
1591 4157 1646 4219 ut,
1664 4158 1702 4206 re
1716 4156 1816 4207 ettam
1835 4133 1897 4208 ad·

418 4235 482 4308 hue
503 4240 651 4327 integra,
678 4231 765 4306 falla
780 4263 796 4306 a
813 4235 974 4311 Pontifice
990 4235 1133 4333 provilio
1146 4236 1219 4335 poll
1234 4164 1380 4308 menllm
1397 4234 1485 4306 haud
1500 4232 1689 4316 attendatur
1703 4232 1737 4301 in
1750 4233 1895 4307 Germa·

417 4336 470 4404 nia
484 4335 519 4416 c)
546 4335 683 4423 igitura
699 4338 822 4430 potiori
841 4335 1010 4407 confimile
1023 4334 1076 4436 jus
1093 4337 1158 4405 etit
1175 4359 1277 4432 penes
1294 4332 1433 4420 eosdem
1444 4331 1639 4412 collatores,
1660 4326 1683 4400 li
1699 4327 1897 4426 precillain·

417 4428 630 4503 utinensem
651 4428 848 4504 beneficium
864 4458 982 4505 vacans
998 4455 1171 4528 acceptare
1191 4428 1353 4503 omiserit.
1402 4432 1469 4500 His
1487 4450 1546 4517 4to
1561 4427 1686 4501 aceedit
1703 4428 1789 4496 ratio
1804 4425 1894 4497 haud
1958 4450 1980 4512 ⁴,

417 4528 681 4602 contemnenda:
709 4554 826 4625 preces
849 4536 1003 4604 Caelareae
1018 4555 1129 4601 cuma
1152 4533 1205 4602 vit
1228 4527 1405 4600 ordinarie
1425 4528 1611 4599 collationis
1635 4520 1829 4604 deflectam,
1848 4543 1896 4593 at·
1940 4555 1949 4563 ·

418 4650 484 4727 que
504 4626 585 4698 ideo
598 4624 720 4698 odiosae
735 4625 796 4703 smt
811 4634 910 4703 etiam
931 4626 1079 4729 speciata
1089 4628 1167 4725 jure
1193 4627 1561 4710 Canonico2terminus
1580 4622 1798 4723 acceptationi
1836 4642 1895 4696 tae·

519 4719 725 4803 TantutV.
1303 4724 1363 4799 ce
1521 4753 1526 4760 ·
1855 4736 1896 4790 us
2008 4771 2010 4776 ,
