5017 5592
610 645 863 730 noctttr.
879 647 925 724 ιι.
945 647 1014 724 ne
1030 645 1128 760 ins,
1146 645 1471 746 Quintium
1487 649 1523 724 n
1540 583 1817 734 innttnro
1839 655 1903 731 ec.
1929 677 2002 756 557
2067 629 2070 634 ’

754 859 1378 973 Animadversiones
1446 859 1762 980 EditoriS.

509 1011 611 1185 Ad
626 1113 662 1188 tl.
679 1110 729 1182 11.
752 1111 798 1177 Ν.
816 1105 877 1176 IX.
928 1110 1001 1198 cap.
1025 1130 1057 1198 3.
1072 1108 1108 1175 de
1127 1108 1220 1174 Feriis
1241 1100 1281 1174 ab
1304 1099 1452 1175 Austore
1477 1104 1532 1174 hic
1551 1103 1653 1175 citato
1679 1103 1830 1196 indulget
1856 1109 2002 1176 Alexan·

509 1214 567 1282 ter
581 1199 650 1284 ΠΙ.
665 1227 702 1274 ιιι
716 1203 922 1299 paroecianis
940 1201 1037 1273 liceat
1051 1202 1167 1273 diebus
1184 1201 1360 1271 dominicis
1387 1224 1421 1272 et
1446 1200 1518 1271 eliis
1541 1197 1645 1271 Fellis
1669 1225 1905 1296 pructetqutm
1929 1225 2003 1272 mu·

509 1302 643 1404 juribus
660 1305 754 1382 coni,
780 1298 911 1370 stalecia
932 1322 1042 1372 terrre
1063 1298 1095 1371 se
1114 1299 1364 1378 inclinaverint,
1400 1322 1520 1368 eorum
1542 1300 1689 1393 captioni
1710 1299 1894 1371 intendere.
1961 1300 2003 1368 ln

513 1413 591 1493 Gap.
611 1413 642 1470 6.
663 1421 698 1469 ut
715 1399 767 1480 lti,
795 1401 852 1492 qui
871 1419 1025 1469 tenentur
1041 1398 1081 1467 cd
1097 1399 1336 1489 poenitentiam
1356 1399 1389 1466 in
1405 1419 1492 1491 pane
1512 1417 1545 1469 et
1562 1413 1657 1492 aqut,
1680 1418 1798 1492 pauent
1814 1420 1914 1478 vero,
1933 1416 2003 1492 quo

512 1496 705 1577 vescantur,
731 1520 796 1564 non
815 1495 937 1565 habent
956 1491 1074 1586 poffinr
1096 1493 1320 1587 leguminibus
1338 1516 1394 1563 rut
1409 1490 1576 1589 piscibus,
1602 1485 1660 1564 cut'
1683 1494 1755 1564 aliis
1778 1491 1911 1566 cibariis
1926 1489 2003 1565 refi-

510 1599 564 1680 ci,
587 1591 611 1666 fi
627 1589 792 1665 necessitas
809 1590 842 1662 id
859 1589 1029 1687 exposcat,
1050 1591 1173 1662 dumne
1191 1592 1243 1661 his
1260 1612 1396 1662 utuntur
1412 1589 1452 1660 ud
1469 1589 1615 1661 delicies.
1657 1589 1912 1686 inscriptionem
1931 1589 2003 1662 vul·

511 1716 628 1789 garctn
648 1715 821 1762 erroneum
835 1687 914 1770 else,
931 1713 989 1759 nec
1005 1687 1096 1761 telle
1112 1715 1129 1759 rt
1145 1690 1178 1759 G
1192 1709 1211 1757 s>
1224 1707 1402 1760 xzitbez
1416 1711 1480 1783 pro
1502 1690 1702 1772 Trilurienss,
1719 1687 1865 1762 substitui
1888 1693 2003 1759 Trrei·

513 1793 597 1880 renfi
607 1788 927 1883 jompnimudvertit
944 1784 1090 1871 duflum
1120 1812 1172 1856 cur
1189 1785 1290 1866 udde,
1316 1786 1406 1881 quod
1424 1783 1504 1856 telle
1519 1785 1592 1856 Cel.
1611 1791 1772 1859 NELLE
1785 1807 1839 1858 tto
1854 1792 1886 1857 itt
1904 1795 2004 1876 Exer-

512 1896 569 1963 rit.
585 1890 693 1987 Jurid.
712 1890 753 1952 ad
779 1912 832 1954 io.
851 1887 918 1981 Jul.
943 1912 1043 1964 1771·
1109 1883 1222 1955 Codex
1243 1908 1329 1954 unus
1351 1885 1425 1954 MS.
1443 1881 1669 1958 Bibliothecae
1693 1889 1726 1956 S.
1746 1893 1892 1958 Simeonis
1913 1887 2003 1956 Tre.

512 1991 578 2062 vir.
595 1983 713 2056 lrabeat
732 1983 908 2067 Tribunenfi
924 1984 1044 2051 Archi·
1055 1979 1239 2076 Episcopo:
1268 1991 1380 2070 Corpus
1395 1984 1487 2080 juris
1504 1984 1704 2053 Pitlioernum
1722 2003 1815 2054 notat
1831 1985 1863 2054 in
1877 1982 2002 2078 pleris-

513 2111 583 2182 que
598 2080 776 2154 Codicibus
793 2080 858 2171 legi
879 2077 1062 2173 Episcopo,
1084 2104 1150 2149 non
1169 2074 1486 2172 Archi-Episcopo„
1511 2076 1742 2150 verosimilius
1759 2077 1805 2150 cll
1819 2080 2000 2172 legendum

494 2177 600 2257 'essct
631 2180 821 2269 Wrbutgenfi
847 2181 978 2270 Episcopo
1002 2183 1033 2245 tn
1052 2172 1257 2245 Chersoneso
1281 2173 1468 2254 Cimbrice,
1501 2175 1602 2245 hodie
1628 2179 1720 2271 Jutia
1742 2179 1849 2268 Regni
1871 2179 2002 2253 Diniae

513 2280 708 2378 provincie,
734 2272 952 2366 Suffrrgoneo
968 2272 1148 2344 Lundcnlis
1162 2273 1244 2342 olim
1261 2273 1388 2342 Archi·
1401 2268 1558 2367 Episcopi
1577 2278 1609 2341 in
1626 2274 1740 2345 Scrinia
1753 2277 2001 2368 provinciaho·

516 2379 575 2450 die
591 2403 609 2446 a
624 2378 730 2444 Dania
746 2369 872 2452 avulsa,
898 2369 992 2462 cujus
1011 2374 1058 2440 uri
1077 2393 1109 2441 et
1123 2371 1340 2462 Abllurgenſss
1358 2365 1513 2463 Episcopi
1529 2369 1702 2442 Dioecclin
1717 2371 1848 2444 haleces
1860 2399 1898 2444 er
1914 2374 2001 2446 mari

512 2475 681 2548 Bothnico
696 2474 861 2543 autetiam
877 2465 1004 2540 Arsino
1022 2489 1281 2566 prorumpentes
1295 2490 1357 2565 per
1372 2471 1469 2539 Sinus
1477 2467 1650 2540 Codanum
1666 2492 1698 2541 et
1708 2472 1873 2544 Limicum
1888 2472 2001 2564 ingrcq

515 2575 666 2646 diuntur.

633 2671 688 2739 Ad
705 2669 834 2758 ejusdem
851 2669 884 2748 ff.
904 2667 950 2737 N.
969 2664 1005 2735 X
1006 2667 1045 2738 it.
1096 2665 1175 2736 Huc
1192 2657 1289 2742 lacit,
1314 2662 1404 2759 quod
1421 2658 1561 2736 illustret
1582 2668 1787 2740 ttutntr
1805 2672 1836 2739 in
1852 2671 2003 2764 Antiqui·

514 2768 633 2844 rasile
649 2769 897 2860 septentrionalis
911 2785 942 2834 tt
955 2769 1139 2834 Britannicis
1164 2785 1194 2834 et
1218 2765 1389 2852 Hybetnicis
1414 2769 1496 2833 inter
1517 2763 1548 2845 (e
1568 2786 1763 2855 comparatis,
1795 2765 1889 2862 cujus
1913 2789 2002 2862 opue

515 2863 628 2962 ipsum
646 2886 721 2934 cnm
736 2863 820 2932 milti
837 2861 876 2932 ad
892 2885 1007 2932 munus
1023 2886 1090 2933 non
1106 2858 1161 2940 stt,
1185 2857 1291 2940 oddo,
1316 2882 1401 2954 quue
1417 2857 1566 2930 breuiter
1579 2858 1745 2932 habentur
1760 2863 1800 2939 t'tt
1813 2869 1884 2941 oen
1893 2862 2005 2947 (Bou

517 2956 915 3063 tinglstltcttlltt3ct'gttt
934 2969 1013 3054 138.
1029 2954 1154 3044 &titt
1174 2979 1278 3052 1774.
1294 2956 1335 3030 ab
1352 2953 1494 3028 Alfrcdo
1511 2961 1601 3050 Rege
1616 2955 1753 3030 divisam
1770 2957 1832 3033 esse
1842 2963 2001 3056 Anglinnt
2036 2989 2039 2994 ·

515 3068 554 3136 in
571 3061 713 3150 majores
731 3081 764 3128 et
785 3063 930 3129 minores
951 3054 1137 3144 dillrillus,
1161 3061 1218 3152 qui
1238 3064 1340 3146 Styra,
1366 3061 1507 3126 Hrndcri
1529 3056 1583 3126 vel
1607 3063 1787 3148 erenrrk
1808 3083 1842 3132 et
1869 3067 2001 3159 Thyring

517 3159 737 3236 uocabantur.
800 3153 918 3226 Affinis
945 3152 1060 3225 diullio
1082 3155 1189 3227 elucet
1210 3180 1248 3225 er
1274 3159 1484 3244 Slesreytrrum
1511 3159 1643 3236 ilardt's,
1667 3162 1810 3242 ilerden,
1840 3169 2003 3234 Danorutn

517 3260 684 3337 Herrcdt's,
709 3277 741 3323 et
758 3258 915 3324 Srrecorrtm
933 3256 1110 3323 Hrertadit.
1158 3255 1254 3320 Circa
1274 3248 1435 3342 Upsalnm
1458 3247 1565 3343 ipsum
1587 3277 1709 3324 nomen
1732 3260 1871 3326 Hundari
1891 3258 2002 3332 odlruc

517 3354 687 3430 residuum
705 3350 765 3421 elle
781 3350 869 3423 idem
887 3352 1010 3445 inquit:
1037 3353 1080 3419 irc
1096 3371 1129 3418 ct
1147 3371 1251 3441 porro
1269 3343 1430 3414 existimer
1446 3355 1579 3414 nomino
1600 3345 1808 3419 distrisluum
1831 3352 2000 3445 majorum

518 3459 555 3528 in
573 3450 759 3545 Uplaudia,
788 3453 951 3527 Arruntis,
972 3449 1110 3526 trinta,
1131 3446 1320 3513 Fietdlntnda
1335 3445 1400 3513 rite
1419 3436 1538 3510 referri
1562 3444 1600 3511 ad
1625 3468 1801 3516 numerum
1823 3453 2001 3520 Hundart't-

520 3576 608 3633 rum,
624 3555 687 3625 Otr
707 3551 866 3629 Hrrndrri,
891 3542 1062 3640 exquibus
1080 3540 1213 3612 conflati
1235 3560 1341 3612 erunt.
1394 3550 1540 3609 veturus
1558 3562 1614 3610 out
1631 3551 1772 3610 [nomas
1785 3544 1926 3616 ulterius
1950 3547 2000 3620 di·

518 3646 604 3723 visas
620 3641 712 3716 fuisse
733 3649 763 3711 in
782 3650 922 3734 Septtnrr
937 3666 970 3713 er
989 3647 1161 3738 Qntrnrs
1180 3666 1217 3710 ex
1238 3644 1533 3708 Wfitinetttto
1560 3659 1651 3708 notat
1667 3642 1854 3712 Eccnttn
1877 3648 1920 3714 ad
1942 3652 2002 3717 Le·

515 3772 588 3845 gent
608 3751 734 3815 saluam
754 3765 782 3834 p.
808 3759 862 3818 87.
884 3766 968 3837 quae
991 3745 1024 3810 in
1049 3732 1350 3810 Consuetudinrbus
1373 3731 1627 3805 lliruricenstbus
1653 3761 1687 3806 cr
1707 3738 1998 3830 Andcgovenlibuc

519 3865 683 3921 vocantur
700 3844 854 3933 Septrines
870 3862 901 3909 et
919 3845 1067 3935 Qntes,
1101 3837 1176 3905 inde
1192 3855 1328 3928 quoque
1351 3838 1517 3923 Septenartt
1535 3855 1566 3902 et
1589 3840 1801 3926 Qintmriiir
1828 3837 1870 3906 de
1891 3850 2000 3911 Centr-

522 3945 619 4016 nariis
637 3942 906 4019 Germanorum,
942 3936 1090 4030 quidque
1117 3935 1158 4004 de
1184 3932 1389 4001 derivatione
1414 3935 1677 4024 Zentgraoirruin
1699 3932 1939 4006 hodiernorum
1963 3963 1999 4011 et

523 4044 674 4113 Zenrrnis
692 4058 748 4106 eut
766 4039 905 4105 Centenis
927 4059 965 4107 ex
988 4036 1175 4105 centenariis
1197 4032 1446 4102 Germenorutn
1467 4049 1618 4102 veterum
1639 4027 1676 4099 lit
1695 4027 1900 4104 sentiendum
1921 4035 1999 4110 vide

521 4134 613 4238 apud
631 4141 755 4205 eundem
770 4140 791 4206 l.
812 4138 863 4204 cit.

642 4263 697 4328 Ad
715 4260 843 4345 ejusdem
859 4257 886 4344 p.
904 4260 951 4324 N.
968 4254 1116 4326 XXVII.
1166 4247 1292 4321 Eadem
1309 4250 1515 4342 comparatio
1535 4245 1758 4320 instituitutin
1779 4255 1929 4323 formulis
1942 4281 1999 4342 tn·

523 4362 619 4448 tinnis
638 4354 787 4442 Alsrrtirir
808 4353 898 4450 apud
918 4355 1104 4422 Eccntto
1118 4369 1178 4417 unt
1201 4345 1385 4418 errantibus
1404 4347 1457 4419 l.c
1483 4371 1515 4439 p.
1534 4371 1614 4435 234·
1631 4341 1732 4419 form.
1758 4373 1790 4442 3.
1812 4351 1864 4420 vel
1884 4357 1997 4448 potius

523 4459 772 4528 Eccnnnus
795 4453 878 4521 hane
900 4446 1079 4518 formulam
1095 4471 1134 4516 ex
1156 4447 1301 4516 Strabone
1321 4443 1362 4511 ab
1384 4439 1532 4512 Auelore
1550 4444 1692 4536 allegato
1711 4444 1906 4543 desumpstr3
1940 4473 1998 4522 cut

524 4551 679 4648 quisquis
695 4572 749 4619 ers
768 4550 1020 4637 Marrulplrirm's
1034 4551 1067 4614 in
1087 4541 1209 4615 Codice
1226 4534 1448 4634 antiquissimo
1465 4562 1497 4612 et
1508 4538 1634 4636 probae
1646 4568 1762 4633 notre,
1787 4569 1825 4619 ut
1846 4548 1997 4618 unimod-

509 4653 644 4760 uertit,
667 4640 989 4745 praeftticl'orilinc
1003 4642 1161 4740 adjunxit.

1273 4741 1458 4830 Atec3
1610 4745 1613 4750 “
1821 4739 1996 4844 XLJQ.⁸
