5017 5592
669 654 736 733 tin
754 639 882 758 June
902 652 1238 732 constituenti
1263 631 1452 751 tuentii
1481 655 1626 734 cinca
1652 658 1827 735 sacas.
1939 688 1991 758 ,5v

513 829 644 904 dentur.
661 826 719 926 (a)
767 827 831 901 sed
846 825 997 920 ficulnei-a
1014 815 1168 921 professu
1184 803 1407 900 fundamentis
1425 831 1510 912 niti,
1530 829 1609 926 quid
1625 833 1745 903 enini?
1783 830 1881 904 Prisci
1899 836 1985 908 Ger·

510 933 628 1003 maniae
649 932 763 1000 Ducea
788 928 843 1022 (ut
864 928 975 1019 arguit
995 930 1306 1000 Lunuwioius
1329 928 1410 1020 dcc.)
1432 929 1581 999 Theudn
1601 935 1625 999 s.
1650 930 1879 1024 Bojnariorum
1903 935 1984 1015 Rex,
2010 955 2017 964 ·
2100 981 2103 986 -

509 1029 684 1102 Henrieua
701 1031 770 1100 Leo
787 1028 914 1122 pariter
926 1022 1087 1119 Bojurum
1105 1024 1137 1097 dt
1155 1028 1320 1098 Saxonum
1334 1031 1429 1108 Dux,
1456 1026 1579 1124 aliique
1595 1028 1824 1120 Paganismum
1844 1029 1985 1122 proscri-

507 1122 624 1225 psere,
657 1121 895 1224 Episcopatus,
927 1123 1088 1196 Coenobia
1103 1124 1136 1196 dt
1151 1122 1304 1216 collegia
1318 1123 1407 1195 sacra
1426 1124 1671 1209 condiderunt,
1697 1124 1879 1223 Episcopus
1896 1125 1985 1222 ipsoa

509 1228 745 1309 nominarunt;
771 1248 812 1294 an
836 1221 914 1294 inde
930 1225 1114 1295 Sacrorum
1135 1220 1280 1319 poteslas
1304 1225 1343 1292 iis
1366 1217 1458 1294 asseri
1483 1222 1611 1295 debet?
1650 1221 1878 1295 Idololatriam
1896 1231 1987 1298 Prin·

507 1317 840 1493 {sesilliis
855 1317 1987 1517 “llll5:52⁹‘llll‘iill‘sllssll’ilslllllsllisf
2125 1445 2131 1464 ·

502 1522 621 1592 Laicis
646 1521 803 1616 privarit,
833 1542 875 1588 ne
900 1516 980 1588 dum
1004 1516 1212 1613 Principibus
1233 1517 1415 1588 hodiedum
1432 1518 1518 1589 sicet.
1565 1519 1629 1589 Sed
1646 1522 1823 1615 inquiunt:
1860 1525 1988 1593 Princi-

510 1641 567 1716 pes
588 1619 801 1699 Germania,
823 1613 967 1712 synodos
987 1624 1187 1708 coegerunt,
1204 1637 1241 1687 ut
1258 1611 1410 1686 Thassilo
1424 1618 1470 1686 11.
1486 1616 1674 1688 Concilium
1688 1614 1989 1711 Dingolsinganum

511 1718 544 1789 io
558 1719 700 1789 Bouaria
716 1714 749 1788 dt
764 1714 963 1811 Arnuspsius
979 1713 1069 1785 aliud
1087 1712 1212 1785 ibidem
1231 1738 1240 1784 t
1267 1710 1486 1808 Episcopatus
1503 1715 1609 1787 eloco
1625 1717 1659 1786 iii
1677 1715 1788 1787 locum
1810 1718 1988 1790 transtule-

512 1837 609 1897 runt,
636 1837 699 1886 eeu
720 1816 890 1884 Henticus
905 1816 977 1884 Leo
999 1807 1229 1910 Episcopalem
1251 1814 1371 1883 Sedent
1392 1810 1558 1886 Lubecam
1573 1838 1612 1884 ex
1638 1815 1780 1885 Ciuitate
1801 1814 1989 1888 Aldetibur·

514 1910 627 2008 gensi:
654 1908 810 2008 Episcopi
831 1910 969 1982 illorum
991 1903 1168 1982 Landsassti
1193 1904 1330 1982 suerunt
1350 1909 1413 1981 dte.
1464 1910 1646 1985 Verum&
1679 1911 1860 1984 hodiedum
1886 1939 1989 2012 quam

514 2011 630 2112 pluteo
651 2006 806 2107 Episcopi
829 2011 1023 2106 Principum
1046 2003 1219 2079 Landsaslii
1247 2004 1320 2079 sunt
1343 2013 1376 2077 in
1401 2011 1524 2080 Terris
1546 2007 1744 2088 Auslriacie.
1770 2009 1804 2083 dr
1831 2010 1926 2091 alibi,
1950 2038 1989 2085 ae

515 2106 629 2184 noslro
648 2112 750 2180 etiam
773 2105 891 2179 theuso
911 2103 1058 2202 supremi
1083 2102 1301 2178 Eeclcstatum
1324 2104 1482 2177 Praesuses
1504 2131 1591 2202 egre
1615 2134 1679 2179 nnn
1695 2103 1823 2192 serent,
1843 2133 1899 2182 aut
1921 2134 1990 2183 tan·

522 2219 615 2280 'uam
634 2201 885 2301 usurpationem
906 2207 999 2303 Jurie
1020 2202 1101 2276 sacri
1120 2229 1186 2275 non
1207 2199 1423 2283 accusabunt,
1444 2201 1467 2275 si
1485 2207 1654 2302 Principes
1672 2203 1855 2279 Piisstniidr
1879 2210 1990 2281 Eccle-

515 2229 566 2380 ξε
589 2299 937 2383 Nutritii-Munisici,
961 2326 1023 2375 teu
1047 2300 1216 2374 Henricue
1241 2305 1311 2373 Leo
1333 2302 1366 2374 dt
1386 2297 1560 2373 Thasiilo:
1586 2306 1778 2375 Conventus
1812 2304 1991 2404 Episcopo·

515 2427 613 2484 tuni,
638 2428 705 2475 non
721 2426 788 2473 tam
808 2405 958 2496 Imperio
975 2402 1113 2492 cogant,
1132 2424 1232 2495 quam
1249 2401 1387 2470 monitio
1407 2397 1608 2481 concilient,
1636 2400 1792 2473 Ecclesiae
1810 2406 1890 2502 iterp
1909 2429 1991 2501 pte·

517 2497 666 2575 consulta
691 2498 908 2573 Ecclesiastico
930 2499 1146 2572 Autlioritate
1160 2493 1372 2570 transferant.
1424 2495 1921 2582 sincerosecussat,fat1uni
1948 2525 1992 2577 ue

517 2592 660 2698 fit,'Jua
677 2600 754 2669 inde
772 2623 839 2669 non
866 2595 953 2669 fluit.
1004 2600 1118 2669 Miror
1138 2620 1219 2668 vero
1245 2598 1596 2678 Lupeniorum,
1618 2622 1655 2668 ur
1674 2595 1777 2669 causae
1801 2597 1865 2672 suae
1889 2529 2013 2673 inser·¹

517 2702 600 2780 aiat,
629 2692 762 2793 pessima
787 2696 884 2791 plane
906 2694 1071 2768 adducere
1097 2698 1291 2789 Principum
1316 2690 1431 2786 gessa:
1453 2696 1491 2764 E.
1518 2695 1564 2767 G.
1584 2696 1733 2768 Tstcodo
1753 2700 1815 2768 lv.
1844 2702 1993 2773 Baiaciae

518 2799 645 2869 1>an.
665 2798 868 2868 Emetanum
884 2798 946 2889 Ep.
964 2789 1237 2866 Ratiabonensem
1249 2815 1391 2864 cruento
1408 2789 1581 2864 carnificio
1603 2794 1763 2865 trucidari
1777 2791 1889 2888 jussu¹
1908 2820 1993 2891 ergo

520 2894 705 2987 legitimam
726 2898 758 2964 in
781 2893 877 2964 issum
899 2892 932 2964 dr
958 2893 1198 2989 consequenter
1223 2890 1309 2963 asion
1328 2886 1513 2987 Episcopus
1537 2894 1648 2963 Duces
1672 2891 1862 2966 habuerunt
1882 2899 1992 2993 Jurie·

501 3035 504 3041 ·
524 2991 704 3066 dislioncm
723 3015 779 3063 aut
794 2988 1023 3087 potestatem?
1047 2987 1176 3082 insigne
1198 3013 1315 3061 revera
1336 2990 1594 3081 argumentum!
1623 2989 1736 3084 Hujus
1756 2986 1899 3064 sursuria
1918 2992 1993 3067 sunt

524 3089 555 3164 dr
584 3096 857 3257 Ludnwiuir
884 3090 1040 3186 reliqua,
1069 3091 1193 3187 partim
1218 3088 1420 3162 refutenone
1446 3087 1604 3181 indigna,
1637 3094 1762 3187 partim
1790 3091 1894 3187 paulo
1918 3088 1995 3190 posi

507 3199 643 3278 'ningen
670 3214 700 3257 a.

555 3319 613 3410 (a)
636 3319 752 3385 Praeter
765 3321 923 3384 minorum
942 3314 1092 3380 Gentium
1108 3313 1274 3398 scriptores
1289 3317 1319 3380 id
1334 3314 1469 3381 affirmat
1483 3317 1592 3382 Sciit
1602 3335 1770 3381 uranus
1792 3317 1829 3381 de
1844 3317 1917 3382 Para
1938 3317 1998 3384 Ra·

633 3407 887 3554 ”assius
907 3394 1208 3564 'tirsi‘'''ns‘s3'²‘
1225 3399 2000 3564 sss-sssllsssssffnllzffslr
2148 3491 2152 3510 =

723 3508 733 3547 s
884 3530 892 3547 a
1020 3529 1029 3548 a
1104 3529 1111 3543 ·
1172 3513 1226 3546 eli·
1341 3528 1350 3547 a
1397 3534 1401 3543 ·
1863 3535 1866 3543 ·
1925 3525 1942 3564 ρ
1981 3516 2000 3532 “

634 3590 669 3634 aa
685 3569 879 3648 Principum,
900 3586 965 3627 tam
976 3568 1088 3647 primis
1101 3562 1269 3639 Saxonioe,
1288 3568 1367 3628 cirta
1380 3563 1485 3638 satra,
1509 3579 1600 3628 totus
1619 3567 1651 3627 ln
1663 3585 1704 3626 eo
1723 3564 1850 3628 desudat
1868 3568 2001 3631 suun·

635 3672 670 3716 w
683 3673 696 3714 t
707 3673 728 3716 u
749 3645 866 3733 Dtffart.
884 3650 921 3712 de
936 3645 1110 3728 Principiam
1126 3646 1159 3709 S.
1177 3646 1205 3709 R
1238 3651 1260 3711 Ι.
1273 3648 1462 3727 perenutriri
1477 3649 1571 3721 saeris
1585 3657 1654 3712 aiite
1668 3645 1754 3708 Pares
1766 3646 1953 3730 Religionis,
1966 3661 2002 3714 at

637 3754 748 3797 omnea
763 3737 906 3796 contenti
929 3729 1015 3794 sunt.
1037 3730 1058 3791 si
1076 3729 1229 3807 Exempla
1244 3731 1334 3812 quaed
1357 3750 1385 3791 m
1400 3727 1583 3791 corroserint
1600 3726 1791 3807 Principum,
1815 3731 1868 3814 qui
1888 3734 2003 3798 conni-

640 3833 739 3880 vente
753 3815 887 3878 Summo
903 3811 1057 3875 Pontifire
1074 3810 1216 3894 qoaedaui
1232 3815 1313 3875 circa
1329 3752 1539 3875 sccseiiastira
1554 3810 1787 3896 disposuerunt,
1809 3827 1862 3874 iiut
1878 3832 2002 3890 eorum,

640 3903 692 3982 qui
709 3900 823 3961 limites
840 3896 901 3958 snae
918 3894 1151 3969 Jnrisoittinnis
1168 3898 1219 3960 via
1236 3894 1310 3959 sassi
1325 3892 1503 3977 transgressi
1523 3893 1608 3960 sunt.
1631 3914 1696 3978 quo
1715 3915 1766 3957 tne
1782 3896 1888 3958 hercle
1903 3899 2007 3961 inteu-

641 3992 708 4044 tnar
734 3980 821 4042 soum
846 3979 927 4041 haud
951 3982 1094 4060 probant.
1163 3976 1307 4056 Longius
1334 3981 1455 4040 aberrat
1480 3977 1517 4041 D.
1544 3975 1855 4042 Evuuuaauua
1879 3978 2004 4045 Orno

641 4059 770 4129 Proseis.
801 4061 1027 4142 Ulitajeslinus
1058 4057 1299 4124 Trosiatt'uitede
1318 4057 1408 4142 &aar
1435 4055 1635 4140 Imperat&
1655 4058 2004 4141 Stanamcarrasarra.

637 4146 695 4231 sul.
707 4145 759 4210 66.
783 4146 835 4208 ille
854 4148 950 4206 verba
979 4145 1000 4211 Ι.
1019 4143 1048 4209 Ρ.
1074 4143 1114 4205 A.
1137 4141 1173 4205 V.
1194 4146 1221 4222 §.
1237 4163 1291 4225 3⁰·
1334 4141 1390 4219 Jua
1410 4141 1615 4206 Resntmendi
1631 4162 1675 4205 ex
1693 4147 1856 4208 communi
1879 4164 1934 4229 per
1955 4161 2007 4206 in·

643 4245 710 4293 tirrn
731 4228 896 4306 imperium
910 4226 1049 4289 sanantis
1066 4227 1113 4303 (id
1129 4224 1173 4287 est
1188 4229 1224 4288 ab
1247 4228 1340 4289 initio
1361 4226 1471 4289 dissidii
1489 4225 1684 4308 Religionis)
1698 4226 1809 4306 assuta
1822 4234 1920 4312 praxi
1934 4248 2008 4293 cum

643 4312 716 4386 Jute
728 4311 880 4375 territorii
894 4313 1034 4370 statibus
1050 4320 1252 4392 competere,
1276 4309 1315 4369 de
1325 4310 1472 4389 jastitato
1486 4307 1587 4390 prisco
1597 4308 1655 4370 illo
1667 4307 1738 4389 juta
1749 4307 1928 4377 Germania
1938 4311 2010 4377 Du·

644 4415 737 4473 autri,
756 4396 873 4478 dequo
892 4412 950 4458 nec
963 4392 1155 4457 somniarunt
1173 4393 1300 4474 quidem
1319 4390 1528 4474 paciscentes,
1549 4392 1746 4476 accipiendo.
1810 4431 1812 4436 ·

1162 4543 1192 4630 i·
1244 4537 1394 4613 xxxi.

649 4671 778 4775 Quodsi
796 4674 942 4775 proinde
962 4669 1084 4756 Caesari
1102 4670 1135 4752 dr
1150 4672 1321 4763 snnbns,
1347 4672 1499 4777 adeoque
1515 4674 1671 4752 comitiis
1691 4673 1785 4776 Jutit
1805 4673 1893 4749 eirca
1914 4670 2013 4755 sacra,
2029 4648 2099 4752 ‚1⁸3¹
2116 4652 2157 4718 ‘⁰¹

1921 4749 2157 4884 iniustus!
