5017 5592
495 692 576 764 ,ψ
886 658 1516 780 ‚nissum-arto

495 844 615 922 tionis,
642 842 698 934 qui
723 842 852 937 optime
876 839 908 918 sc
932 837 1115 912 meminill'e
1138 841 1238 922 dixit,
1263 844 1294 909 in
1315 864 1352 911 ea
1379 838 1513 912 lellione
1534 842 1675 914 Concilii
1698 840 1917 925 Tridentini,
1940 844 1974 914 in

495 945 560 1035 qua
579 939 717 1035 quellio
730 937 787 1010 illa
809 963 995 1011 concertata
1014 934 1094 1020 fuit,
1114 964 1189 1011 cum
1210 941 1411 1010 molirentur
1424 941 1527 1038 aliqui
1544 944 1679 1012 Parrum
1704 943 1767 1013 hoc
1790 948 1974 1035 imperato·

428 1067 431 1074 ·
494 1038 646 1133 rum-jus
672 1034 857 1132 infringere
882 1038 914 1111 ἃ
935 1037 1086 1126 abolere,
1109 1034 1230 1109 frustra
1252 1039 1328 1110 illos
1351 1033 1465 1125 fuille,
1489 1037 1522 1110 dr
1547 1042 1813 1112 communiorem
1838 1043 1978 1110 Parrum

494 1135 690 1209 sententiam
706 1134 832 1223 vieille,
855 1161 891 1210 ot
910 1136 1085 1210 tolleretur
1100 1151 1238 1235 precum
1253 1139 1399 1221 mentio,
1421 1133 1531 1237 licque
1552 1162 1619 1212 non
1645 1137 1977 1236 comprehenderen-

495 1261 550 1308 tur
565 1231 706 1308 in‘diilo
728 1260 800 1334 cap.
828 1263 840 1307 t
848 1263 882 1326 9.
909 1240 948 1328 d)
974 1241 1057 1308 Her
1079 1239 1160 1308 dum
1184 1237 1380 1334 perpendo,
1407 1237 1581 1309 nonnullas
1602 1263 1641 1309 er
1664 1241 1703 1308 iis
1727 1236 1978 1309 observationes

496 1333 655 1427 colligere
673 1331 721 1408 ell
742 1339 769 1407 l.
788 1339 820 1406 in
844 1336 996 1408 Concilio
1016 1336 1221 1407 Tridentino
1241 1361 1306 1406 non
1332 1359 1428 1429 equo
1450 1336 1489 1404 ab
1512 1336 1668 1406 omnibus
1688 1337 1839 1410 Patribus
1862 1339 1979 1408 animo

494 1428 558 1506 else
576 1432 735 1530 toleratas
757 1458 875 1530 preces
892 1429 1046 1505 cesareae
1062 1484 1071 1517 ,
1090 1436 1146 1505 aut
1169 1431 1292 1505 rcellus
1316 1433 1523 1504 indultorum
1548 1433 1822 1532 Apostolicorum
1848 1429 1978 1506 formu·

494 1530 560 1613 las,
581 1555 644 1627 per
671 1555 759 1626 quas
775 1556 879 1623 genus
894 1531 1060 1628 ejusmodi
1086 1529 1380 1628 exspestativatum
1396 1534 1502 1623 magis
1527 1534 1689 1603 invaluit:
1716 1536 1761 1603 ll.
1777 1528 1851 1628 poli
1874 1557 1980 1627 qusn-

497 1633 572 1698 dam
595 1626 736 1724 desuper
760 1630 906 1701 habitam
932 1633 1212 1701 concertationem
1237 1654 1372 1726 preces,
1396 1653 1452 1700 aut
1474 1629 1601 1700 indulta
1617 1656 1683 1700 non
1704 1626 1767 1701 elle
1787 1656 1804 1700 a
1822 1631 1980 1702 Concilio

496 1726 699 1821 approbata,
727 1724 779 1796 sed
797 1728 951 1798 duntaxat
967 1728 1085 1823 majori
1108 1732 1241 1798 Parrum
1260 1725 1418 1818 suffragio
1439 1724 1612 1808 staturum,
1634 1753 1670 1799 ut
1694 1754 1736 1799 ne
1750 1733 1879 1800 mentio
1896 1753 1977 1824 pte·

368 1864 373 1876 ¹
495 1850 590 1905 cum,
613 1850 669 1894 aut
685 1827 892 1896 indultorum
909 1830 941 1896 in
958 1827 1091 1897 decreto
1108 1823 1342 1921 exlpeblativas
1360 1824 1585 1921 proscribente
1602 1823 1707 1899 lieret.
1724 1831 1786 1896 lll.
1808 1827 1897 1897 houd
1916 1829 1979 1898 mi·

497 1922 638 1993 randum
655 1920 734 2003 elle,
761 1925 851 2019 quod
870 1929 913 1994 ita
928 1950 981 1995 res
998 1920 1102 1996 fuerit
1123 1924 1274 2008 aelirum,
1297 1929 1456 1994 intererat
1472 1929 1559 1993 enim
1584 1923 1819 2004 Pontificis,dt
1843 1949 1977 2007 eorum,

498 2023 613 2116 quiex
632 2021 702 2115 ejus
727 2046 823 2116 parte
843 2021 990 2102 stabant,
1021 2047 1058 2094 ut
1078 2020 1223 2118 exprelle
1244 2049 1310 2093 non
1338 2020 1625 2116 proscriberentur
1649 2048 1764 2120 preces
1788 2025 1819 2095 dt
1846 2023 1980 2093 indulto

498 2122 736 2214 primariorum
756 2144 913 2211 precum,
934 2118 986 2191 led
1006 2118 1072 2191 sedi
1089 2119 1289 2215 Apostolicae
1308 2117 1451 2190 Caesares
1472 2117 1529 2191 fibi
1552 2121 1759 2192 devinciendi
1783 2115 1924 2193 facultas
1945 2121 1981 2194 dt

498 2221 531 2285 in
552 2214 708 2304 beneficia
726 2220 927 2289 Germanica
946 2219 1087 2314 potc'slas
1104 2221 1241 2289 uberior
1263 2221 1535 2313 relinqueretur:
1561 2219 1696 2290 demum
1714 2224 1872 2315 perpauci
1892 2219 1990 2292 Ger?

496 2321 704 2385 ntanicmum
727 2314 906 2386 Ptaelulum
927 2319 1035 2388 eidem
1055 2320 1207 2388 Concilio
1224 2314 1463 2396 interfuerant,
1485 2317 1590 2408 dt'qui
1609 2323 1721 2414 primo
1736 2343 1777 2387 eo
1794 2340 1889 2388 eraut
1905 2313 1982 2388 mis·

496 2411 537 2492 fr,
562 2416 700 2483 domum
724 2412 795 2509 poll
821 2414 922 2485 breve
943 2417 1152 2485 intervallum
1179 2417 1347 2493 redibant,
1368 2415 1511 2506 proinde
1533 2413 1667 2486 suorum
1689 2416 1818 2509 jurium
1835 2416 1980 2487 tuendo-

497 2535 573 2580 rum
594 2508 797 2581 occasroncm
818 2531 884 2580 tam
910 2515 1136 2606 propinquam
1160 2539 1225 2582 non
1253 2512 1418 2582 habuere:
1443 2510 1563 2583 firero
1586 2515 1700 2609 plures
1720 2514 1831 2584 eidem
1850 2511 1983 2609 synodo

495 2603 675 2704 presentes
697 2604 846 2691 fuissent,
869 2633 933 2705 pro
949 2608 1103 2681 libertate
1118 2610 1334 2681 collationum
1351 2605 1491 2680 fortaffis
1506 2615 1652 2682 tenacius
1668 2608 1917 2683 concertallent.
1998 2601 2006 2642 ³

535 2775 572 2853 a)
594 2774 668 2843 Vid.
686 2775 868 2841 Pallavicini
886 2777 1001 2841 Histoe.
1018 2775 1140 2842 Concil.
1156 2775 1243 2840 Trid.
1261 2774 1327 2838 Lib.
1343 2737 1393 2837 ad.
1409 2795 1476 2856 cap.
1491 2773 1521 2840 V
1525 2774 1549 2839 1.
1562 2797 1591 2837 n.
1605 2778 1636 2841 6.
1654 2776 1688 2841 dc
1705 2778 1766 2860 leq.

532 2894 568 2974 b)
588 2891 690 2956 Extat
706 2897 788 2977 apud
800 2895 971 2976 Lilaigium
987 2894 1083 2959 Tom.
1099 2894 1125 2960 L
1143 2894 1251 2978 Spieil.
1265 2894 1351 2958 Ech
1367 2914 1395 2977 p.
1408 2914 1480 2975 511.
1492 2892 1526 2958 dc
1543 2894 1603 2976 leq.

536 3012 571 3096 e)
589 3011 701 3075 Procul
714 3014 812 3078 dubio
828 3014 1081 3076 moderationem
1101 3031 1171 3075 erro
1187 3011 1543 3097 suadebanttemporum
1562 3011 1822 3086 circumstantiae,
1843 3030 1885 3074 ne
1899 3009 1984 3075 Ger·

609 3113 774 3157 manorum
800 3093 1062 3158 orthodoxorum
1083 3097 1195 3165 animi,
1226 3105 1292 3158 tum
1307 3094 1435 3160 dissidiis
1458 3095 1622 3176 religionis
1636 3099 1666 3161 in
1683 3096 1823 3178 inperio
1837 3095 1989 3164 maxime.

608 3176 827 3251 serventibus,
847 3178 1058 3250 irritarentur,
1080 3177 1113 3240 dc
1128 3178 1187 3241 lese
1210 3176 1356 3242 Pontilici
1372 3178 1546 3261 Caesarique
1559 3185 1659 3262 magis
1674 3186 1885 3263 opponerent.

537 3298 578 3385 d)
598 3294 751 3360 Referunt
763 3297 792 3359 id
808 3296 972 3378 Fagnanus
986 3298 1017 3358 iu
1028 3297 1095 3362 Lib.
1115 3295 1172 3360 lll.
1193 3296 1317 3360 Decret.
1335 3295 1416 3359 Part.
1432 3296 1502 3445 [ΒΓ.
1519 3316 1590 3381 231.
1607 3296 1766 3361 Choclrier
1784 3297 1816 3359 in
1837 3293 1926 3358 trast.
1939 3295 1982 3359 de

609 3380 722 3444 induit.
738 3380 827 3462 prim.
844 3377 1136 3462 prec.'l'homali1n.
1153 3379 1230 3440 Part.
1249 3379 1289 3442 ll.
1311 3380 1385 3446 Vet.
1404 3380 1438 3443 dc

1507 3400 1539 3447 v.
1554 3380 1672 3464 discipl.
1684 3379 1753 3444 Lib.
1769 3377 1793 3443 l.
1805 3397 1876 3461 cap.
1890 3376 1980 3448 LIV.

611 3461 637 3546 i.
652 3461 693 3531 X.
708 3460 741 3527 dc
757 3463 925 3547 Oligenius
942 3464 998 3529 cit.
1013 3459 1136 3526 Differt.
1155 3469 1178 3545 ς.
1196 3460 1295 3528 LXV.
1310 3484 1339 3545 p.
1358 3464 1410 3545 96.

1110 3643 1165 3744 t·
1194 3643 1352 3717 xxm.

612 3787 727 3859 Anno,
748 3803 924 3875 antequam
941 3780 1188 3851 Maximilianos
1213 3784 1223 3848 l
1232 3785 1256 3851 Ι.
1271 3778 1338 3874 jam
1361 3779 1418 3849 diu
1437 3801 1525 3871 eger
1544 3775 1672 3859 obiret,
1695 3773 1793 3848 focile
1815 3777 1981 3871 impetra·

496 3877 543 3944 vir
560 3875 599 3944 ab
625 3875 831 3947 Elelloribus
853 3878 1066 3946 liarisbonam
1082 3880 1122 3948 ad
1142 3882 1276 3949 comitia
1291 3882 1451 3959 evocatis,
1475 3901 1513 3948 ut
1530 3874 1635 3947 filium
1660 3876 1900 3972 Rudolphum,
1914 3897 1979 3945 nu··

496 3997 556 4065 per
573 3976 740 4045 Ilnbemirc
759 3974 789 4044 d·
808 3978 992 4066 Hungarior
1010 3979 1134 4066 Regem
1154 4002 1170 4045 a
1194 4000 1288 4069 patre
1308 3976 1528 4055 declaratum,
1549 3980 1582 4044 in
1604 3978 1832 4045 Romanorum
1844 3974 1977 4064 Regem

497 4070 679 4159 eligercn13
706 4071 793 4144 hisce
813 4078 898 4143 rotis
921 4076 1045 4169 potitus
1062 4099 1217 4143 unacum
1235 4076 1330 4143 Patre
1347 4074 1547 4167 Rudolphus
1566 4071 1607 4143 de
1625 4075 1783 4145 exercitio
1799 4069 1977 4165 primaria·

495 4191 572 4236 rum
599 4195 737 4265 precum
760 4167 933 4242 confellim
957 4168 1110 4262 cogiralie
1139 4196 1204 4240 non
1229 4171 1381 4251 videtur,
1411 4195 1486 4241 cum
1513 4194 1623 4242 morte
1669 4172 1748 4242 atris
1778 4168 1871 4238 brevi
1901 4160 1978 4263 poll

460 4314 462 4319 ,
499 4267 681 4336 Germania
703 4262 806 4339 fuerit
827 4266 964 4350 aliliiia,
990 4267 1193 4365 insuperque
1219 4263 1343 4339 bellum
1366 4271 1529 4340 turcicum
1552 4194 1695 4340 funedas
1718 4270 1766 4339 rei
1789 4261 1979 4337 christiane

496 4357 606 4436 clades
629 4366 863 4436 minitaretur:
892 4392 1051 4463 praetereo
1072 4367 1223 4463 quedam
1248 4364 1447 4437 differentiae
1468 4366 1577 4437 aulam
1603 4362 1809 4437 Pontificiam
1835 4365 1926 4436 inter
1941 4361 1979 4433 dr

495 4458 679 4534 Celarcam
699 4459 744 4532 ob
770 4461 1055 4536 confirmationem
1079 4464 1251 4537 eleflionis
1274 4460 1462 4536 efferbuisse
1488 4464 1661 4546 ridentut3
1683 4487 1758 4534 narn
1779 4461 1885 4532 modo
1901 4456 1979 4556 post

495 4584 641 4634 mortem
668 4561 889 4633 Maximiliani
912 4571 1016 4659 petris
1047 4566 1212 4637 indultum
1236 4563 1467 4659 Apostolicum
1495 4588 1633 4658 paterno
1657 4560 1760 4634 fimile
1787 4558 1978 4655 Rudolpbo

496 4660 687 4757 Gregorius
703 4661 799 4736 Xlll.
817 4684 902 4734 enno
922 4687 1027 4754 1577.
1050 4664 1083 4734 dr
1107 4661 1321 4736 Pontificorus
1341 4663 1392 4736 lui
1413 4658 1502 4735 serto
1525 4660 1663 4744 tradidit
1687 4662 1728 4758 a)
1756 4663 1825 4758 Qui
1846 4657 1987 4828 qulolq

468 4789 470 4794 ·
1180 4823 1182 4828 .
1733 4810 1737 4816 -
1865 4780 1890 4855 p
1918 4778 1980 4834 um
