5017 5592
700 783 705 790 .
792 712 802 719 ··
848 687 918 766 nt:
947 686 1246 767 onvocrrrs
1270 686 1676 767 recursmsrvcts.
1922 683 1996 793 '49⁷
2129 787 2138 796 .

511 895 583 970 per
599 865 694 948 suum
711 870 745 941 in
760 870 879 942 Suevio
903 894 1157 967 procuratorem
1174 897 1239 970 pro
1257 869 1440 944 Advocatio
1455 865 1661 957 defensorio,
1710 894 1788 944 uam
1803 870 1837 943 in
1851 865 1884 946 le
1898 866 2000 945 sulce-

509 994 633 1071 perat,
649 970 815 1042 annuatim
831 974 979 1062 exegerit
991 970 1247 1052 Advocoricum,
1266 969 1389 1042 scilieet
1404 992 1440 1042 ut
1457 967 1598 1066 q'uilibet
1610 895 1740 1068 mensus
1757 967 1999 1044 rusticanorum

511 1069 725 1167 prediorum
751 1066 893 1139 solveret
917 1068 1057 1142 multare
1072 1095 1176 1142 unum
1192 1092 1303 1145 avenae
1325 1094 1390 1170 pro
1404 1093 1535 1142 annona
1558 1093 1751 1168 equorum,
1774 1068 1999 1168 non‘quidem

467 1191 472 1210 ¹
507 1169 672 1252 suorum,
693 1164 748 1239 sed
770 1161 977 1239 officialium.
1889 1176 1893 1183 ’

636 1305 707 1374 XX.
735 1298 990 1381 subadvocatis,
1016 1303 1100 1393 quos
1116 1304 1343 1398 Imperatores
1357 1300 1432 1386 fibi,
1458 1325 1497 1376 ut
1511 1301 1670 1375 auxilium
1687 1300 1880 1399 promptius
1896 1322 1934 1370 er
1951 1298 2000 1368 vi·

515 1400 604 1473 einia
622 1399 781 1470 haberent
798 1395 965 1479 Ecclesiae,
991 1395 1185 1472 subllituere
1202 1398 1315 1494 paslirn
1332 1404 1432 1472 etiarn
1449 1404 1482 1471 in
1505 1399 1764 1497 particularibus
1781 1394 1930 1473 Ecclestis
1945 1393 2000 1466 so·

516 1500 649 1576 lebant,
677 1493 824 1566 officium
841 1494 934 1565 sunm
952 1494 1082 1595 semper
1101 1496 1269 1570 lucrol'um
1287 1501 1484 1579 voluerunt,
1501 1522 1557 1568 aut
1571 1501 1660 1571 enim
1677 1495 1735 1595 ipsr
1751 1493 1850 1568 feudo
1866 1496 1899 1565 in
1916 1517 2001 1590 prte-

515 1599 626 1669 mium
644 1595 708 1665 illis
725 1591 940 1685 allignabant,
966 1617 1022 1663 aut
1036 1591 1165 1666 eertum
1181 1596 1312 1691 aliquid¹
1324 1601 1357 1667 in
1373 1600 1515 1694 pecunia
1535 1598 1589 1671 vel
1603 1597 1675 1667 eliis
1694 1595 1812 1677 rebus,
1840 1617 1901 1691 per
1924 1614 2001 1661 mo·

517 1694 601 1774 dum
617 1695 717 1764 annui
732 1690 845 1764 census
868 1691 1301 1765 EcclefiisarMonasteriis
1317 1695 1545 1793 imponebant.
1596 1693 2000 1780 Salariumhocannuum
2129 1787 2132 1792 Ι

516 1797 765 1872 Advocaticum,
786 1796 836 1883 jus
854 1794 1100 1873 Advocatitvm,
1123 1794 1242 1883 justina
1258 1799 1460 1876 Advocatio,
1484 1795 1673 1885 germanice
1692 1795 1856 1886 Vogtmht
1871 1785 2001 1860 diceba·

516 1912 595 1974 tur,
622 1892 691 1962 imo
707 1885 844 1961 subinde
861 1884 961 1984 ipsius
984 1886 1134 1963 Ecclefiae
1155 1886 1383 1964 Defendendae
1399 1894 1535 1965 nomine
1557 1887 1773 1966 efferebatur.
1822 1890 1875 1959 Sic
1892 1885 2029 1960 Meri·¹
2141 1923 2148 1936 ·

516 1979 677 2062 milianus
710 1990 797 2083 lmp.
824 1989 864 2068 l,
890 1986 970 2055 dum
1000 2012 1086 2056 anuo
1113 2013 1216 2078 1504.
1241 1987 1433 2062 monosterii
1464 1985 1756 2062 Maulbrunnenfir
1779 1985 2022 2061 advocationu-

517 2087 642 2162 Ulrieo
663 2084 906 2174 Wirteubergae
930 2088 1017 2155 Duri
1040 2085 1196 2168 donarer,
1219 2085 1325 2182 ipsam
1350 2083 1611 2159 Maulbrunnam
1637 2084 1746 2158 eidem
1767 2079 1898 2156 donasse
1919 2080 2001 2172 legi·

518 2206 598 2261 tur:
628 2180 801 2256 Ecclesiam
817 2206 926 2253 autern
943 2183 1032 2252 illam
1049 2186 1136 2253 Duti
1154 2185 1307 2256 donatam
1323 2181 1444 2281 reipsa
1462 2207 1528 2254 non
1547 2177 1659 2265 fuisse,
1684 2181 1761 2254 inde
1774 2203 1885 2278 patet,
1906 2174 2002 2276 quod

468 2295 478 2306 '
517 2283 616 2356 Idem
641 2285 830 2377 Imperator
854 2299 891 2354 er
920 2278 990 2375 post
1015 2274 1105 2350 salio
1136 2278 1301 2356 Abbarem
1325 2282 1441 2367 illius,
1475 2281 1579 2356 veluti
1601 2280 1835 2362 immediatum
1856 2276 2001 2380 Imperii

496 2385 629 2459 sitem
650 2380 690 2454 ad
705 2384 860 2450 'Comitia
878 2375 1035 2450 solemnio
1059 2382 1171 2448 vocari
1190 2375 1332 2474 jusserit.

696 2508 804 2591 Besold
813 2514 846 2572 ἐκ
860 2511 1027 2593 prodromo
1039 2531 1173 2577 monum.
1214 2511 1360 2581 Wirlenb.
1376 2529 1440 2596 cap.
1452 2530 1501 2578 ιο.

636 2653 727 2724 xxl.
754 2645 1321 2745 Assertumaliquotxlmpetotorum
1337 2644 1433 2718 saliis
1449 2643 1719 2743 comprobemus.
1768 2649 1822 2716 De
1836 2605 2001 2717 Ottonell
2047 2669 2051 2676 ·

518 2755 662 2828 Miraeus
675 2755 707 2818 in
723 2751 829 2819 rbem
851 2751 1080 2834 desr'gnorsovis,
1096 2771 1197 2842 quarn
1215 2746 1351 2843 publico
1365 2768 1450 2911 typo
1469 2742 1602 2846 sparsit,
1626 2763 1756 2824 narret,
1779 2731 1870 2838 qdod
1884 2747 1918 2813 Is
1932 2745 2000 2815 Co·
2049 2796 2052 2802 -
2118 2737 2121 2760 '

518 2855 595 2925 miti
620 2842 811 2918 Luvanienst
835 2869 897 2940 pro
923 2845 1106 2915 Advocatio
1139 2844 1288 2915 Abbrtlae
1314 2846 1403 2915 Gern
1429 2840 1561 2913 lacensis
1584 2845 1617 2911 in
1638 2847 1773 2914 Ducatu
1801 2838 2000 2924 llrebantioe,

521 2952 565 3023 de
584 2942 738 3017 consensu
763 2967 871 3011 tamen
897 2937 1111 3023 fundatoris,
1142 2942 1280 3014 Abbatis
1304 2942 1336 3013 ar
1357 2946 1547 3013 Conventus
1563 2940 1596 3013 d.
1617 2965 1708 3013 mon.
1728 2961 1857 3010 eertum
1877 2933 1999 3014 benefi-

519 3052 611 3122 rium
629 3042 684 3116 seu
707 3042 758 3137 ¹ius
785 3042 989 3137 percipiendi
1012 3040 1175 3138 quosdam
1191 3042 1318 3113 reditus
1339 3036 1565 3120 constituerit,
1586 3062 1623 3111 ee
1644 3038 1754 3115 eidem
1771 3038 1899 3117 Comiti
1914 3032 2000 3116 Sul)-⁴

519 3145 717 3222 advocatum
741 3136 947 3236 permiserit,
971 3143 1064 3234 eujus
1080 3138 1154 3232 juro
1179 3135 1390 3237 sequentibus
1409 3134 1578 3210 definivit:

562 3278 809 3344 Subodvnrotus
826 3272 858 3332 in
878 3270 965 3333 villis
979 3269 1017 3331 nd
1034 3270 1198 3333 Abbatlotn
1222 3269 1452 3351 pertinentibus
1469 3269 1549 3333 nihil
1570 3267 1656 3333 eliud
1673 3267 1753 3350 juris
1774 3266 1921 3344 habebit,
1940 3265 1999 3334 ulli

638 3378 693 3442 per
714 3355 853 3434 singulos
873 3372 973 3413 annos
994 3353 1032 3413 de
1052 3370 1238 3435 unoquoque
1262 3352 1364 3418 domo
1388 3351 1550 3421 denarium
1570 3370 1690 3425 unum,
1717 3348 1869 3433 gallinam
1892 3367 2000 3424 unam,

528 3496 530 3500 .
639 3439 672 3503 dr
694 3456 805 3500 avenae
823 3435 1003 3500 Sextarium
1029 3452 1137 3501 unum.

471 3639 473 3644 ,
519 3563 619 3639 Idem
644 3547 783 3632 Miraeus
797 3560 830 3628 in
854 3555 918 3625 alia
936 3554 1050 3632 charta
1071 3575 1135 3647 cap·
1157 3579 1216 3641 53·
1232 3556 1290 3641 sue
1311 3556 1527 3646 compilationis
1547 3552 1619 3634 uit,
1645 3549 1737 3647 quod
1763 3554 1886 3622 Comes
1909 3548 2001 3617 Lim·

521 3658 715 3750 burgenfis,
738 3658 802 3750 qua
829 3655 1016 3725 Advocatus
1037 3649 1147 3723 sontii
1169 3648 1344 3721 Trudonis
1363 3675 1449 3721 enno
1475 3676 1578 3743 1130.
1601 3652 1636 3721 in
1663 3645 1823 3722 beneficio
1844 3643 2000 3718 habuerlt
2075 3730 2081 3744 .

522 3757 698 3852 affiguntur
715 3750 862 3847 millet&
883 3774 1016 3822 centum
1038 3746 1168 3825 mansus
1183 3771 1281 3824 terrae
1298 3749 1332 3818 in
1352 3746 1484 3821 verbis:

566 3889 639 3957 Vos
658 3886 812 3952 habebitis
827 3861 973 3947 iu'seudo
997 3878 1129 3964 (feudo)
1151 3880 1239 3943 mille
1256 3876 1290 3942 dr
1309 3890 1436 3944 centurn
1454 3877 1589 3943 mensor.

522 4006 689 4116 Julsrtque
709 4011 900 4102 Imperator
908 4019 980 4084 ,ut
1002 4021 1126 4104 praeter
1141 3994 1340 4074 beneficium
1363 3999 1396 4075 dr
1421 4000 1514 4102 juro,
1539 3995 1659 4099 quibus
1682 3991 1908 4075 donabantur,
1932 3989 2011 4081 Ado

522 4109 635 4185 vocati
658 4105 742 4178 nihil
766 4104 947 4194 erigerent.

742 4235 886 4318 Spirileg.
908 4240 979 4293 tom.
992 4227 1023 4295 6.
1045 4248 1109 4311 top.
1124 4247 1175 4314 53.

742 4348 843 4432 Aroe
868 4337 1014 4425 llomoff.
1031 4339 1072 4406 N.
1091 4338 1128 4407 V.
1145 4340 1186 4407 E.
1203 4336 1318 4426 discipl.
1337 4359 1368 4423 p.
1387 4357 1418 4420 3,
1440 4338 1479 4405 L.
1492 4354 1521 4406 2.
1543 4338 1574 4403 C.
1591 4354 1641 4420 55.
1664 4355 1695 4399 n.
1708 4353 1739 4416 3.

641 4488 747 4555 XXII.
775 4489 850 4556 Pari
872 4488 1000 4555 rarione
1020 4490 1245 4581 Imperatores
1272 4475 1451 4555 Advocatio
1474 4477 1708 4552 forensibus&
1728 4471 1999 4572 jurisdillionuli-

522 4581 587 4657 bus
609 4581 830 4658 Ecclesrarum
848 4585 880 4656 dt
899 4581 1127 4655 coenobiorum
1148 4605 1276 4655 certum
1297 4580 1397 4675 quid,
1426 4579 1544 4650 Salarii
1561 4578 1634 4649 loco
1653 4576 1850 4647 consliruere
1866 4572 2000 4666 placuit,

496 4761 504 4770 ,,
522 4682 616 4782 quod
639 4682 840 4779 plerumque
858 4686 893 4755 in
919 4683 1016 4758 tertie
1037 4677 1263 4780 sportularum
1281 4675 1491 4776 judicialium
1513 4699 1611 4778 perte
1633 4672 1839 4756 confluebat,
1862 4673 1910 4743 uri
1923 4689 2001 4764 pro·

649 4777 776 4858 Tonrus
799 4775 847 4858 V.
1314 4777 1410 4849 Rrr
1493 4863 1496 4868 Ι
1921 4787 2003 4904 num
