5017 5592
606 631 683 744 ,μ’
814 589 1629 714 ””··’“υιεεΕΜΑ’τιο

583 843 587 853 ’
604 821 707 921 siquis
722 814 829 903 adest,
855 815 1204 892 Castrensindubium
1217 831 1284 892 una
1296 841 1373 890 cum
1383 815 1559 914 praebenda
1574 817 1769 911 dignitatem
1781 815 1834 891 vel
1846 814 1995 892 officiunt
2006 843 2088 892 con·

604 919 764 1019 sequendi
785 920 838 1013 jus
854 914 971 998 habet,
997 917 1099 987 modo
1114 913 1231 989 statuta
1251 921 1432 1010 moresque
1455 912 1606 987 Ecclesiae
1620 941 1686 987 non
1702 937 1909 1012 repugnent,
1933 939 1991 988 aut
2014 911 2089 1014 ipse

604 1013 820 1120 qualitatibus
835 1016 869 1085 in
883 1012 941 1085 isla
955 1012 1097 1087 Ecclesia
1112 1018 1144 1086 vi
1157 1011 1354 1087 statutorum
1365 1010 1681 1085 &consuetudinum
1697 1014 1860 1109 autplane
1873 1019 1905 1087 vi
1919 1009 2089 1104 officiiqu-

631 1115 732 1191 uisttis
747 1111 785 1184 fit
798 1108 995 1195 instrutius,
1020 1110 1109 1185 unde
1124 1109 1147 1183 si
1160 1117 1409 1211 requireretur,
1433 1135 1471 1182 ut
1484 1107 1632 1184 officium
1655 1112 1720 1184 tale
1740 1110 1898 1211 consequi
1918 1113 2034 1185 volens
2051 1118 2088 1185 iu

604 1145 763 1292 saculnte
778 1209 831 1283 vel
848 1210 1038 1303 theologica
1051 1209 1103 1283 vel
1116 1209 1260 1308 juridica
1275 1209 1417 1304 gradum
1436 1208 1622 1281 licentiatus
1638 1210 1689 1281 rel
1704 1207 2089 1304 dossorcmapraevtori·

604 1309 725 1411 gnrolo
740 1309 889 1380 tramine
905 1307 1106 1390 obtinuerit,
1130 1309 1191 1380 hac
1205 1309 1365 1406 qualitate
1383 1308 1541 1402 preditus
1557 1304 1620 1379 else
1643 1307 1790 1380 deberet.
1840 1309 1905 1380 Sed
1929 1309 1985 1380 hic
1998 1309 2086 1380 mibi

581 1438 583 1441 ·
607 1409 726 1486 incidit
744 1402 898 1502 quaeilio,
924 1429 983 1487 nn,
1008 1404 1064 1476 ubi
1085 1429 1207 1478 munus
1230 1404 1367 1497 aliquod
1380 1409 1426 1479 V.
1443 1406 1488 1478 G.
1504 1400 1698 1476 Professoris
1719 1428 1818 1477 certae
1835 1404 2022 1502 prabendae
2039 1404 2089 1478 est

607 1509 746 1608 quidem
761 1526 943 1585 annexum,
965 1500 1020 1574 sed
1037 1501 1077 1573 ad
1097 1502 1161 1576 hoc
1175 1528 1214 1577 er
1230 1499 1444 1584 fundatione,
1465 1503 1518 1573 vel
1540 1501 1659 1574 statuto
1675 1500 1741 1575 sive
1762 1504 1895 1575 indulto
1908 1502 2088 1575 Pontificio

605 1600 734 1680 nonnili
756 1623 818 1697 per
839 1596 1035 1671 concursum
1059 1622 1154 1672 antea
1173 1600 1323 1672 habitum
1347 1601 1482 1690 dignior
1501 1623 1655 1698 repertus
1680 1604 1857 1695 pervenire
1871 1598 1999 1698 potest,
2023 1626 2085 1684 an,

605 1708 764 1799 inquam,
787 1694 926 1794 precista
942 1718 1112 1769 vacantem
1135 1697 1235 1771 talem
1251 1697 1465 1792 praebendam
1488 1722 1647 1768 unacum
1668 1694 1781 1770 officio
1796 1696 2088 1793 ejusmodicoose·

498 1839 502 1846 ·
633 1795 799 1892 ucndijus
816 1793 962 1867 babeat?
987 1819 1087 1892 quam
1105 1818 1142 1867 ut
1163 1799 1228 1867 rite
1251 1792 1435 1877 dissolvam,
1464 1796 1717 1892 praenotandum
1740 1793 1803 1877 est,
1825 1795 2015 1891 hujusmodi
2036 1798 2087 1867 in·

539 1895 544 1916 ’“
605 1828 756 1972 slitutum
773 1899 806 1963 in
822 1891 1031 1973 Academiis,
1055 1893 1103 1964 uti
1118 1916 1205 1970 errat
1221 1891 1688 1964 inUniversitateTrevirenst
1703 1896 1790 1964 circa
1806 1890 2087 1988 Professuramju'·

606 2000 654 2071 ris
671 1991 837 2070 canonici,
862 1991 915 2060 cui
931 2012 1054 2063 annexa
1068 1985 1114 2060 esl
1127 1990 1306 2088 prebenda
1320 1989 1524 2087 Capitulatia
1539 1995 1571 2060 iit
1588 1987 1730 2061 Ecclesia
1744 1990 1916 2083 collegiata
1931 1991 1971 2061 ad
1987 1994 2021 2062 S.
2036 1992 2088 2062 si·

609 2113 785 2170 meonetn,
809 2084 1025 2166 saluberrime
1041 2083 1103 2158 esse
1120 2089 1352 2168 adinventum,
1377 2111 1447 2157 tum
1464 2111 1500 2158 ut
1514 2089 1552 2157 ad
1568 2089 1633 2158 tale
1653 2084 1818 2168 officium,
1846 2114 1883 2158 ex
1897 2112 1966 2184 quo
1979 2088 2088 2186 pluri·

600 2213 705 2266 vrniitn
729 2183 881 2258 utilitatis
905 2186 939 2280 in
955 2184 1196 2279 rempublicam
1215 2182 1339 2257 sacram
1362 2180 1587 2281 &profanam
1602 2186 1784 2267 redundat,
1809 2184 1944 2277 dignior
1959 2191 1992 2255 in
2007 2209 2089 2258 con·

607 2284 707 2362 cursu
721 2305 876 2380 repertus
892 2283 1105 2363 admittatur,
1130 2306 1202 2355 tum
1216 2304 1254 2354 ut
1269 2307 1288 2354 a
1302 2282 1469 2353 cathedris
1484 2293 1675 2362 arceantur,
1697 2288 1755 2379 qui
1803 2286 1952 2379 rincipiis
1972 2280 2087 2354 solidis

609 2385 762 2480 sanisque
775 2378 935 2452 doslrinae
952 2404 970 2449 a
986 2376 1018 2452 se
1032 2379 1198 2451 tradenda
1213 2381 1355 2454 necdum
1371 2377 1446 2450 sunt
1460 2377 1598 2451 imbuti:
1621 2380 1689 2475 jam
1704 2306 1850 2476 spetlum
1863 2378 2087 2474 hocfinepte·

609 2480 723 2568 ailiam
737 2481 836 2550 talem
853 2475 1064 2571 prebendam
1080 2472 1296 2573 officiumque
1310 2500 1473 2549 annerum
1497 2474 1719 2573 consequendi
1740 2477 1794 2572 jua
1811 2478 1940 2551 nullum
1959 2476 2088 2552 babere

607 2575 731 2659 allero,
756 2579 783 2645 Ι.
803 2581 970 2672 quiscum
988 2572 1136 2672 precislae
1150 2574 1351 2671 plerumque
1367 2574 1408 2645 ad
1423 2572 1610 2647 docendinn
1625 2600 1691 2646 non
1712 2573 1773 2646 sint
1790 2579 1993 2672 comparati,
2016 2571 2087 2647 sco·

606 2701 673 2848 pus
688 2673 745 2745 ille
758 2675 899 2743 maxime
913 2667 1062 2743 salutaris
1080 2698 1146 2743 non
1161 2671 1377 2743 obtinebitur.
1406 2673 1449 2741 il.
1465 2675 1543 2765 quia
1558 2671 1764 2743 nullaeidem
1780 2669 1979 2766 suffragatur
1994 2675 2030 2744 in
2040 2693 2089 2746 taa

468 2825 472 2831 -
621 2772 633 2847 i
649 2767 1010 2852 ecclesiacousuetudo,
1027 2771 1163 2885 vincujus¹
1176 2766 1600 2868 precistaaliquisunquant
1616 2765 1725 2841 fuisset
1740 2766 1908 2858 admissus.
1930 2774 1993 2843 ΙΙΙ.
2004 2773 2088 2876 quia

607 2871 689 2946 sicut
703 2855 935 2966 precisla'aliaa
950 2861 1197 2948 canonicatum,
1226 2865 1284 2938 nili
1296 2867 1386 2963 jutta
1401 2891 1555 2962 normam
1577 2864 1773 2939 statutorum
1787 2867 1947 2952 idoneus,
1970 2863 2085 2940 conse·

608 2973 668 3068 qui
683 2965 807 3064 potest,
831 2966 877 3034 ita
892 2987 951 3033 nec
965 2964 1064 3035 talem
1082 2964 1313 3060 prebendam,
1336 2961 1394 3034 nisi
1411 2962 1532 3034 slatuto
1547 2970 1600 3052 uel
1627 2961 1856 3035 consuetudini
1878 2960 2020 3062 desuper
2038 2967 2087 3037 vi·

608 3068 701 3162 genti
716 3060 782 3134 sese
798 3056 1002 3142 conformet,
1026 3059 1179 3132 obtinere
1201 3066 1337 3158 poterit.
1392 3063 1646 3142 Nihilominus,
1674 3060 1744 3134 lise
1765 3065 1799 3133 in
1816 3064 1976 3134 concursu
1996 3060 2086 3134 lille·

607 3187 677 3245 ret,
703 3160 838 3232 &inter
853 3156 1064 3239 candidatos,
1091 3157 1191 3231 sinon
1209 3156 1431 3252 dignissimus,
1455 3156 1567 3229 saltem
1582 3157 1791 3250 dignioribus
1811 3163 1843 3229 in
1857 3161 2086 3257 omnibus-pa·

607 3285 684 3334 tuin
707 3278 762 3330 aut
786 3256 885 3353 plane
904 3279 972 3328 non
992 3251 1135 3333 inferior
1151 3255 1191 3330 ab
1204 3253 1484 3331 examinatoribus
1498 3253 1703 3342 baberetur,
1728 3280 1806 3331 eum
1827 3256 1901 3329 tliia
1927 3252 2085 3354 preferri

477 3449 479 3454 ,
588 3353 702 3457 ‘posse
717 3355 950 3431 existimarem.

1275 3492 1310 3581 t.
1359 3483 1405 3560 x.

693 3721 703 3754 l
722 3653 894 3729 Postremo
908 3678 973 3727 non
989 3648 1034 3724 eil
1046 3650 1229 3725 omittenda
1245 3648 1445 3749 disquisitio,
1471 3676 1585 3728 utrum
1596 3653 1786 3822 prebenda
1809 3653 1999 3752 capitularis
2013 3651 2086 3748 juri
2104 3716 2109 3728 .

551 3810 553 3813 -
611 3757 850 3855 primariorum
867 3775 1005 3849 precum
1021 3749 1161 3821 obnoxia
1176 3747 1229 3832 lit,
1258 3752 1358 3836 adeo,
1383 3776 1420 3823 ut
1435 3749 1582 3848 precillae
1625 3754 1707 3824 allus
1723 3757 1755 3823 in
1770 3754 1875 3825 choro
1893 3754 1926 3824 dr
1944 3755 2036 3822 locus
2049 3753 2084 3819 in

610 3853 783 3951 capitulo,
814 3875 891 3923 cum
916 3847 1123 3943 plenitudine
1140 3847 1226 3942 juris
1246 3852 1400 3946 canonici·
1418 3851 1451 3923 dr
1468 3847 1640 3922 fructuum
1662 3853 1897 3949 perceptione,
1934 3845 2085 3944 qualibet

609 3947 872 4023 contradiilione
885 3940 1042 4025 ceffante,
1068 3940 1272 4036 assignandus
1289 3943 1344 4029 stt,
1368 3947 1421 4019 vel
1436 3973 1476 4018 an
1491 3944 1634 4018 adinstar
1649 3949 1785 4019 alterius
1800 3948 1949 4020 canonici
1968 3945 2010 4015 de
2026 3967 2086 4015 no·

608 4073 650 4120 vo
660 4072 734 4120 rece
762 4049 786 4118 ti
800 4037 1058 4143 quiuisprecisla
1068 4039 1182 4113 statuta
1192 4040 1341 4116 Eccleliae
1353 4041 1574 4117 observate&
1590 4071 1691 4117 onera
1712 4043 1821 4118 subire
1837 4066 1997 4116 teneatur.
2014 4045 2083 4112 Pro

608 4147 715 4241 priori
733 4073 890 4216 sententia
905 4163 1000 4214 tenor
1012 4135 1221 4212 solummodo
1231 4139 1423 4236 diplomatis
1432 4140 1590 4222 Cesarei,
1605 4168 1642 4214 ac
1656 4146 1691 4215 in
1711 4168 1775 4213 una
1788 4141 1932 4213 alterave
1940 4135 2085 4210 Ecclesia

606 4240 802 4337 ptajudicia
823 4264 957 4349 recepta
975 4237 1129 4311 militant.
1153 4240 1218 4309 Pro
1236 4236 1413 4332 posteriori
1433 4235 1654 4311 fundatissima
1668 4237 1885 4312 Ecclestarum
1905 4239 2084 4310 Germani·-

608 4362 722 4410 carum
742 4338 817 4430 juta
833 4336 949 4428 pallini
965 4336 1160 4416 decertant,
1195 4359 1268 4432 quae
1287 4335 1366 4407 dum
1389 4341 1423 4407 in
1448 4337 1598 4408 medium
1613 4338 1824 4433 produxero,
1851 4336 2086 4432 unusquisque

482 4435 488 4442 ’
609 4430 2086 4533 partiEcclesiarumconttaavaritiae,ambitionisautlitiumardoresuccenlamquorun·

607 4536 684 4605 dam
707 4527 922 4629 pt'ccislatum
937 4532 1156 4625 cupiditatem
1177 4526 1241 4602 sese
1253 4530 1419 4624 adjunget.
1446 4535 1472 4602 1.
1488 4555 1582 4603 antea
1598 4531 1764 4604 omniaest
1778 4530 1979 4612 notandum,
2002 4551 2085 4600 vet·

604 4629 648 4710 ba
667 4633 739 4709 baec
757 4629 981 4730 diplomatum
995 4625 1222 4707 cannarum
1246 4630 1318 4710 “de
1330 4643 1372 4709 eo
1386 4629 1590 4727 provideatis
1607 4629 1766 4731 ponendo
1794 4653 1872 4708 eum
1885 4632 1921 4704 in
1940 4624 2084 4795 pacifiqq
