5017 5592
463 673 767 758 ornatuum
783 649 1098 771 ranclano,
1125 672 1195 752 ar
1211 667 1416 792 Juataur
1436 673 1683 757 cornutus
1701 672 1772 761 aa·
1821 693 1889 776 rr

407 852 486 951 apud
502 850 808 944 Magdeburgicum
825 849 959 933 habito,
985 850 1075 947 quod
1091 848 1216 922 dumet
1232 845 1443 946 acceprallct,
1467 874 1648 925 contentus
1674 881 1729 926 aa.
1743 854 1814 953 Jul.
1829 879 1887 928 eo·

407 955 476 1023 dem
504 976 592 1022 anno
614 949 703 1045 apud
730 973 806 1020 eum
823 949 937 1019 haberi
955 953 1065 1045 coepti
1087 948 1169 1020 sunt.
1219 953 1305 1020 Cum
1332 975 1418 1018 antro
1439 957 1543 1040 ¹⁶97·
1567 950 1703 1023 Elellor
1724 957 1886 1027 Saronico

405 1052 467 1121 Rer
483 1044 785 1120 roloniaaelerlus
804 1047 843 1116 ad
863 1047 1055 1120 Catholicus
1081 1044 1248 1126 transiret,
1273 1046 1453 1118 declaravit
1471 1046 1755 1131 Protellanribut,
1780 1069 1891 1121 muta·
2028 1076 2031 1122 3

406 1147 732 1238 tionemtReligionia
749 1142 923 1240 personam
934 1169 1059 1215 tantum
1076 1141 1165 1214 suam
1179 1167 1402 1225 concernere3
1429 1169 1483 1215 res
1505 1147 1688 1238 Religionis
1704 1145 1892 1219 Procellan·

405 1249 482 1317 ricae
499 1269 608 1341 aeque
625 1269 661 1312 ac
683 1266 777 1315 antea
802 1242 841 1311 ab
859 1251 993 1332 Agnato
1016 1245 1108 1313 Duce
1123 1240 1231 1313 Saxo·
1249 1236 1523 1312 Weillenfelscust
1543 1267 1575 1312 et
1601 1241 1745 1315 Conlilio
1769 1246 1890 1317 intimo
2016 1323 2020 1330 ,
2121 1257 2127 1276 ’

403 1341 638 1418 Protellantico
660 1331 822 1411 curandas
847 1337 928 1422 elle,
956 1363 1060 1433 quare
1081 1363 1115 1410 ec
1142 1335 1432 1409 aPtoteliantibus
1453 1336 1683 1411 Diree'lorium
1705 1342 1769 1413 hoc
1784 1343 1888 1414 modo

402 1443 514 1513 Saroni
533 1437 692 1511 reliilum
713 1433 786 1508 fuit.
839 1438 1022 1507 Recruduit
1041 1432 1281 1516 controuerlia,
1302 1460 1378 1507 cum
1401 1461 1486 1506 anno
1510 1459 1614 1533 ¹7¹7·
1638 1442 1795 1534 Princeps
1811 1440 1889 1512 Ele·

403 1537 534 1612 llortdis
559 1535 592 1608 sc
606 1534 748 1632 publicae
774 1534 985 1607 catholicum
1014 1532 1247 1630 profiteretur:
1275 1531 1332 1605 etst
1357 1530 1528 1629 pristinam
1545 1533 1802 1612 declarationem
1818 1541 1889 1609 Rex

404 1633 601 1732 repetiisset,
628 1631 761 1730 scriptis
791 1655 901 1726 tamen
923 1633 1014 1701 ultro
1036 1634 1190 1732 citroque
1216 1631 1258 1701 de
1280 1621 1476 1703 Direllurio
1500 1634 1771 1725 Brandcburgico
1795 1632 1892 1707 defe-

404 1733 525 1814 tendo,
550 1756 609 1804 aut
623 1732 665 1802 de
680 1728 923 1802 Condireliore
941 1725 1140 1821 designando
1156 1751 1209 1800 res
1227 1725 1378 1812 allitata;
1406 1753 1483 1800 cum
1501 1734 1672 1803 conveniri
1691 1756 1758 1803 non
1772 1729 1891 1828 pollen

405 1828 489 1905 fcllo
521 1829 636 1901 saltem
670 1827 901 1899 Dircllorium
930 1830 1127 1899 Saxonicum
1157 1826 1332 1920 hucusque
1362 1829 1512 1920 agnitum
1542 1852 1777 1925 retentumque
1805 1825 1889 1913 fuit,

427 1951 594 2028 nonquam
616 1952 684 2000 oon
706 1923 772 2000 linc
794 1921 1049 2009 controversiis,
1074 1948 1160 2023 quae
1181 1922 1270 2020 apud
1292 1928 1536 2000 Musaeum
1558 1924 1583 2001 l.
1606 1929 1663 2001 cit.
1685 1925 1793 2000 videri
1815 1924 1892 2026 pos·

420 2053 484 2105 unt.

516 2173 751 2252 Direliorium
768 2176 938 2275 quoddam
954 2178 1042 2250 inter
1058 2172 1124 2251 sese
1139 2198 1204 2273 pro
1225 2176 1369 2269 negotiis
1385 2172 1451 2249 suia
1469 2172 1657 2254 domesticis
1674 2201 1692 2249 a
1708 2176 1894 2252 Protellano·

362 2361 366 2372 .
412 2274 490 2350 tibae
505 2275 661 2349 constitui
678 2279 897 2369 agnoscique,
923 2276 1085 2372 quamdiu
1105 2274 1183 2345 inde
1198 2273 1380 2350 Catholicis
1397 2272 1641 2370 praejudicium
1658 2277 1786 2352 nullum
1802 2275 1894 2351 crea‘·
2013 2271 2017 2282 ’

414 2397 475 2458 tur,
506 2399 618 2469 neque
646 2372 730 2445 aliur
751 2370 891 2446 effecius
920 2372 1066 2465 Legibus
1088 2369 1323 2467 systematique
1354 2374 1495 2468 Imperii
1523 2373 1710 2444 contrarius
1738 2398 1894 2471 praeten-

414 2471 515 2554 ditur,
541 2472 591 2545 nil
608 2470 708 2542 habet
723 2474 942 2562 gravaminis,
980 2474 1027 2541 uti
1044 2469 1067 2542 st
1086 2468 1247 2554 adalium
1267 2467 1433 2565 quendam
1457 2458 1557 2539 finem
1581 2462 1702 2540 foedus
1720 2472 1892 2568 quoddam

414 2571 515 2642 Status
534 2571 618 2642 certi
635 2573 779 2651 inirent,
801 2593 899 2665 atque
916 2567 1026 2666 quoad
1044 2570 1151 2663 capita
1167 2561 1315 2636 foederis
1335 2567 1480 2637 curanda
1497 2565 1710 2638 Direllutem
1727 2568 1787 2665 ipli
1804 2574 1893 2644 inter·

363 2713 364 2742 ;
414 2665 713 2745 lesenominareot;
745 2667 1028 2763 quemadmodum
1045 2662 1152 2737 ferme
1176 2688 1250 2734 ante
1272 2667 1389 2734 Pacem
1414 2663 1582 2760 publicam
1605 2665 1645 2735 ad
1664 2692 1816 2739 normam
1833 2670 1901 2742 ho·x
2014 2679 2025 2746 ἶ

363 2809 364 2854 ,
416 2763 555 2836 diernam
576 2761 753 2837 univerlim
769 2764 999 2859 constitutam,
1034 2763 1115 2834 dum
1129 2766 1238 2833 Status
1255 2762 1446 2856 complures
1468 2759 1600 2855 auspice
1614 2765 1716 2834 ctiam
1738 2761 1811 2859 ipso
1827 2770 1899 2838 Im·

363 2859 365 2928 l
414 2885 562 2959 peratore
591 2869 740 2954 Treugam
762 2866 1023 2933 conventionaltm
1046 2865 1091 2932 ita
1115 2855 1235 2930 diliam
1261 2861 1403 2940 inirent,
1442 2855 1624 2929 constitutis
1644 2863 1746 2932 etiam
1766 2887 1832 2959 pro
1853 2885 1893 2937 ea

415 2957 628 3031 conservanda
658 2962 844 3038 Irenattlrt's,
876 2965 1044 3040 Paciaecis,
1075 2964 1161 3028 Pacis
1190 2956 1480 3046 conservatoribus,
1509 2977 1565 3025 aut
1588 2961 1636 3027 uti
1657 2959 1690 3027 in
1714 2958 1895 3032 documen·

384 3097 387 3102 ·
415 3060 451 3128 tia
468 3060 682 3129 Germanicis
697 3080 894 3136 occurrunt,
919 3055 1106 3150 Sridcttea
1125 3051 1301 3148 Ilionae,
1325 3047 1622 3150 Ettnuatlmttr,
1648 3055 1894 3137 munumina

363 3241 364 3246 Ν
415 3174 494 3250 nrt,
520 3162 742 3230 ocrorunete
763 3150 854 3229 labet·
876 3159 946 3231 oen
969 3152 1220 3245 lenonium,
1254 3149 1546 3247 §arpocration
1566 3157 1632 3228 oar
1656 3153 1816 3247 sciaena
1840 3177 1894 3242 rc.

415 3257 536 3351 Neque
551 3261 654 3326 etiam
667 3254 919 3324 catholicorum
935 3251 1088 3333 interest,
1115 3251 1288 3347 quiaillud
1307 3249 1534 3320 Direllorium
1555 3274 1666 3342 gerat,
1690 3278 1731 3323 an
1746 3254 1806 3351 ipfi
1826 3258 1896 3338 adis

414 3355 455 3423 mi
470 3361 584 3424 denuo
604 3373 722 3447 queat,
745 3376 786 3420 an
811 3349 1033 3422 Condirellor
1054 3348 1206 3443 adjungi,
1237 3371 1293 3417 aut
1312 3344 1542 3420 Dtrellorium
1569 3352 1703 3420 interim
1722 3353 1817 3425 alteri
1838 3352 1897 3427 de·

415 3444 511 3533 ferri,
538 3474 580 3519 an
602 3449 698 3519 detur
717 3445 947 3520 Direllotium
967 3447 1107 3543 speciale
1127 3448 1321 3541 Principum
1341 3447 1374 3515 in
1397 3441 1524 3540 specie,
1552 3448 1640 3518 inter
1662 3447 1895 3537 Prorellantea,

416 3571 543 3645 ecquae
558 3545 764 3618 aliaa‘adhuc
787 3572 803 3616 a
832 3547 876 3617 ud
891 3543 1051 3643 ipsosmet
1072 3542 1282 3615 controversa
1304 3540 1395 3624 sunt;
1420 3548 1532 3634 agnito
1554 3567 1664 3614 autem
1690 3544 1896 3621 lucratione

416 3643 607 3718 Ditcllorio
624 3640 685 3716 illo
699 3572 936 3715 Protellanticu
952 3644 1061 3715 denuo
1078 3667 1143 3713 non
1163 3638 1331 3735 sequi'tur3
1357 3644 1460 3731 igitur
1476 3641 1640 3713 Catholici
1663 3652 1774 3737 Corpus
1788 3652 1896 3716 Evan-

414 3751 537 3837 gelinnn
558 3746 593 3812 in
613 3764 652 3812 ea
675 3739 872 3827 unirerlim,
909 3766 1008 3836 quam
1030 3738 1220 3838 praetendit
1244 3735 1381 3836 forma,
1414 3760 1513 3832 atque
1539 3741 1815 3835 praecipuarum
1841 3747 1895 3829 iia,

418 3864 496 3935 quos
509 3837 732 3912 Prorellantes
748 3841 857 3910 eidem
873 3840 1045 3920 tribuunt,
1070 3830 1259 3934 pru'milcue
1278 3831 1454 3906 effcllibua
1477 3834 1626 3909 'uridicis
1646 3837 1822 3929 agnoscere
1838 3839 1904 3926 des
1922 3837 1924 3842 ¹

416 3937 507 4020 beot,
535 3939 698 4035 quamdiu
712 3940 835 4008 mcrito
850 3935 1012 4018 statuunt,
1039 3933 1229 4031 praetensos
1243 3932 1408 4023 eiusmodi
1427 3860 1566 4007 esslllus
1588 3959 1607 4005 a
1624 3935 1769 4027 Legibus
1784 3941 1896 4037 Impe-

417 4039 473 4121 rii,
494 4060 599 4133 atque
614 4038 661 4107 ita
676 4036 741 4108 hoc
756 4034 847 4107 sensu
863 4060 997 4132 quoquc
1012 4034 1075 4106 hoc
1091 4038 1225 4129 Corpus
1242 4057 1310 4103 non
1326 4029 1469 4126 agnosci.

529 4192 573 4285 4)
599 4190 747 4261 Acrisio
763 4186 871 4283 specie
889 4185 1105 4259 .antroverfia
1122 4190 1155 4257 in
1171 4188 1354 4260 Palatinam
1373 4185 1541 4285 quondam
1560 4188 1668 4260 extitit
1686 4185 1818 4285 dejure
1834 4187 1900 4266 Le·

421 4287 513 4379 gandi
530 4289 697 4384 Corporis
713 4286 829 4381 hujus,
855 4312 930 4356 rum
945 4289 1050 4357 inrito
1073 4286 1227 4359 Eleilore
1249 4284 1291 4358 de
1311 4290 1453 4375 Ilerdam
1471 4285 1637 4380 quendam
1659 4310 1815 4385 tanquam
1840 4288 1900 4358 ab·

420 4384 561 4478 legamm
578 4387 675 4456 luum
691 4388 723 4455 in
741 4408 846 4456 terras
866 4385 1028 4456 Palatinas
1048 4386 1217 4467 mitteret,
1240 4383 1428 4478 codemque
1451 4382 1635 4456 reluliante
1656 4384 1781 4457 ibidem
1803 4382 1902 4458 subli-

422 4478 500 4557 llere
514 4485 664 4580 juberet:
692 4480 881 4577 exasperata
897 4477 962 4554 fuit
976 4482 1018 4552 lis
1033 4481 1173 4561 illhaec,
1199 4506 1274 4553 cum
1291 4480 1427 4555 Elelior
1449 4476 1587 4554 subditis
1603 4505 1729 4554 vetaret
1751 4507 1906 4578 commug

423 4583 550 4653 aionem
567 4586 602 4653 in
619 4579 720 4652 causta
736 4580 921 4673 Religionis
943 4605 1020 4651 cum
1035 4583 1145 4668 Retltio
1166 4578 1308 4663 habere,
1333 4581 1425 4677 quod
1447 4578 1668 4654 Protellantea
1684 4604 1801 4653 mutuo
1815 4582 1902 4651 ami··

363 4763 364 4774 q
420 4700 524 4780 caque
542 4682 729 4780 praecipue
748 4682 836 4758 circe
848 4681 1041 4779 gravamina
1061 4677 1249 4854 Religignir
1266 4677 1499 4778 componenda
1516 4681 1607 4757 inter
1630 4680 1741 4759 Statua
1758 4676 1900 4773 Imperii

1233 4800 1253 4875 3
1812 4796 1903 4855 cotue
