5017 5592
444 659 582 739 '150
789 605 839 684 -'
955 575 1535 711 utssenvavio

622 827 692 870 narn
709 827 820 956 greces
835 805 983 874 cesaree
994 829 1059 875 uon
1075 813 1166 896 dirigi
1180 812 1290 910 solent·
1299 814 1337 876 ad
1357 813 1583 899 Episcopatus,
1611 818 1727 899 quippe
1746 815 1925 902 Episcopus
1944 818 1985 884 li·

621 893 696 956 bcre
735 891 853 975 apitula
870 893 1067 959 cathedralia
1080 897 1204 1002 eligunt
1221 916 1264 960 ex
1278 916 1350 979 ynre
1362 919 1417 980 per
1427 900 1627 963 Concordata
1640 900 1711 983 ipsla
1727 900 1876 967 stabilito.

546 1028 582 1109 lt)
603 1027 677 1095 Vid.
691 1041 785 1096 tenor
795 1031 955 1098 literarum
968 1034 1140 1101 Clementia
1156 1038 1242 1144 apud!
1256 1035 1416 1134 linitores
1430 1039 1548 1102 citatos
1561 1058 1629 1121 cap.
1643 1037 1668 1104 1.
1683 1038 1717 1122 §.
1731 995 1855 1107 XXVl.

438 1163 440 1168 ¹
545 1175 579 1256 a)
595 1168 788 1254 Rescriptum
802 1174 888 1239 illiue
906 1174 1078 1243 Cardinalia
1098 1179 1138 1241 de
1151 1195 1236 1239 anno
1253 1196 1345 1262 17⁰9·
1362 1180 1400 1243 ad
1413 1177 1592 1260 Capitulum
1606 1177 1767 1243 Vtcdense
1779 1180 1904 1242 ratione
1922 1180 1987 1261 pti-

618 1257 933 1423 tcnuagignntrmppzecnm
949 1258 1058 1326 datum
1069 1262 1201 1326 exbibet
1214 1261 1356 1342 Ayrctns
1370 1264 1402 1327 in
1414 1262 1549 1326 laudatae
1568 1274 1741 1325 comment.
1758 1260 1903 1345 Append.
1925 1265 1987 1326 dn·

750 1386 760 1405 .
806 1393 810 1401 .
851 1359 882 1423 3.

545 1452 587 1538 d)
606 1450 806 1521 Reiffenstuel
823 1456 889 1524 un.
907 1459 947 1524 de
962 1461 1057 1543 praeb.
1077 1457 1113 1524 dr
1125 1461 1238 1542 dignit.
1257 1457 1429 1556 §.xxm
1448 1469 1520 1557 535.
1540 1457 1825 1559 schmalzgrueber
1844 1460 1917 1526 eod.
1933 1462 1985 1527 tit.

619 1556 651 1601 n.
664 1539 919 1687 midsbokievr
930 1541 1094 1689 {udins-lsi
1109 1561 1140 1624 4
1159 1563 1191 1608 v.
1209 1561 1324 1688 ming
1340 1543 1498 1688 ‘if-{mu
1512 1554 1605 1608 attam
1625 1546 1809 1610 adimens.
1841 1542 1985 1629 Wagne-

620 1636 672 1682 rec
795 1629 866 1704 53.
913 1645 1012 1692 ,eo.
1060 1645 1272 1709 emean47.
1373 1645 1405 1690 t.

546 1763 576 1835 a)
597 1760 767 1833 Gribnerua
786 1739 909 1831 Dissert.
936 1767 976 1831 de
997 1767 1088 1850 prim.
1104 1785 1188 1848 prec.
1212 1765 1325 1847 Impet.
1348 1765 1412 1829 fine
1428 1763 1591 1830 Pontificio
1613 1767 1738 1830 indulto
1757 1765 1871 1831 validis
1889 1766 1915 1849 s.
1933 1766 1984 1832 16.

618 1844 792 1915 Linckerua
806 1852 835 1913 in
854 1852 971 1913 vindic.
1007 1851 1073 1913 rim.
1114 1868 1174 1914 tec.
1192 1848 1388 1912 Bochtnerua
1404 1848 1468 1922 Jnr.
1493 1848 1578 1914 Eccl.
1601 1848 1684 1914 Prot.
1705 1850 1772 1913 Lib.
1790 1848 1848 1912 lll.
1869 1853 1920 1913 tit.
1942 1850 1984 1913 de

616 1933 722 2097 ἕξεί
731 1931 984 2099 dellidy'grfiiltssAE
1020 1931 1059 1997 ll.
1124 1932 1423 2054 tarnacomment.
1440 1934 1480 1995 de
1497 1932 1568 2013 jure
1589 1936 1678 2017 prim.
1700 1953 1783 2017 pree.
1802 1951 1870 2016 cap.
1888 1930 1932 1996 ll.
1952 1951 1986 2034 p.

1168 2176 1203 2264 t.
1255 2117 1319 2245 11.=

622 2326 707 2394 Non
722 2326 838 2398 attinet
858 2324 913 2399 hic
936 2321 1131 2407 confutare,
1158 2323 1248 2420 quod
1275 2318 1499 2410 protestamini
1527 2319 1705 2416 scriptores
1731 2315 1888 2393 adserunt
1906 2347 1986 2396 cun·

505 2439 557 2489 rra
576 2419 779 2493 validitatem
797 2424 1106 2504 Concordatorum,
1127 2429 1225 2493 variis
1241 2415 1432 2499 fraudibus,
1456 2418 1638 2515 praesertim
1654 2422 1766 2489 AEneae
1783 2420 1908 2516 Sylvii,
1924 2446 1983 2517 pu·

505 2512 571 2586 ssei
588 2514 756 2589 Pontificis
782 2523 831 2591 Pii
850 2522 894 2589 11.
914 2542 950 2590 ut
969 2543 1113 2610 arguunt
1131 2570 1138 2599 ,
1168 2522 1327 2588 initorum
1346 2543 1354 2601 3
1376 2512 1493 2587 sufficit
1514 2521 1601 2588 enirn
1620 2517 1675 2586 illa
1697 2515 1729 2588 dr
1752 2515 1921 2589 Pontificis
1949 2519 1984 2594 dt

504 2614 647 2684 nationis
662 2611 818 2687 consensu
837 2613 901 2689 elle
920 2616 1123 2712 adprobata,
1147 2639 1220 2685 utut
1237 2616 1349 2685 dextra
1364 2617 1501 2708 argendi
1515 2617 1600 2685 ratio
1615 2619 1728 2684 AEneae
1745 2617 1850 2710 Sylvii
1873 2620 1971 2710 lmpe

504 2711 700 2784 ratonem&
718 2717 887 2788 nationem
903 2715 1061 2809 inclytam
1078 2714 1117 2784 ad
1136 2713 1210 2809 plns
1235 2713 1276 2782 dc
1290 2711 1420 2805 juribus
1446 2709 1509 2783 suis
1534 2709 1772 2782 remittendum
1796 2711 1983 2789 induxisset.

505 2812 583 2882 Nec
598 2834 639 2882 eo
659 2807 843 2905 confugere
859 2808 909 2883 fas
928 2811 991 2894 esi,
1013 2837 1082 2908 quo
1098 2809 1240 2883 secundo
1261 2810 1363 2880 iidem
1382 2833 1515 2882 autores
1533 2812 1600 2879 vim
1619 2809 1707 2879 illius
1724 2807 1812 2905 poili
1838 2808 1984 2883 solennia

504 2906 635 2978 elevare
651 2932 830 2990 conantur,
855 2908 1062 2988 dislitantes,
1087 2911 1276 2981 Germanos
1290 2904 1331 2978 ab
1348 2909 1440 2978 omni
1465 2905 1677 3000 obligationis
1694 2908 1824 2984 vinculo
1836 2908 1906 3003 jam
1923 2910 1983 2980 du·
2004 2933 2007 2939 ·

504 3001 586 3073 dum
609 3002 734 3076 solutos
755 3001 875 3087 fuisse,
897 3007 988 3103 quod
1014 3002 1189 3078 Pontifices
1213 3001 1314 3076 fidem
1337 3005 1397 3076 hac
1417 3009 1449 3074 in
1479 3007 1699 3080 conventione
1725 3006 1835 3076 datam
1859 3002 1900 3077 se
1928 3009 1981 3078 ius

503 3094 687 3192 fregerint,
711 3102 742 3173 dr
768 3108 874 3174 noxiis
896 3109 1019 3177 nationi
1045 3105 1220 3202 principiis
1241 3101 1379 3183 imbuti,
1409 3102 1618 3174 Concordata
1640 3101 1695 3172 illa
1712 3127 1750 3172 ex
1773 3125 1866 3197 parte
1894 3031 1981 3176 sidia

503 3196 704 3294 Apostolicae
728 3225 858 3272 merum
879 3207 1050 3273 continere
1066 3203 1279 3299 privilegium
1297 3201 1328 3271 dr
1348 3205 1506 3292 gratiam,
1529 3197 1732 3282 existiment,
1758 3202 1901 3295 ideoque
1925 3203 1983 3274 de·

503 3299 713 3388 rogationem
735 3298 954 3371 Concordatis
970 3325 986 3369 a
1005 3298 1036 3371 se
1052 3300 1142 3370 licite
1163 3296 1256 3380 fieri,
1276 3301 1429 3369 credant:
1453 3323 1527 3368 nam
1546 3295 1694 3369 hoc-non
1718 3296 1866 3370 obstante
1888 3301 1981 3373 Ger·

502 3397 593 3465 mani
610 3394 698 3492 apud
722 3395 898 3470 Pontifices
916 3394 1062 3469 etaslnm
1086 3398 1374 3468 concordatorum
1399 3393 1662 3466 observationem
1684 3394 1864 3479 urserunt,
1885 3396 1983 3470 casa·

504 3516 626 3589 resque
647 3497 679 3563 in
707 3493 1010 3592 capitulationibus
1035 3495 1076 3566 ad
1099 3495 1213 3568 eadem
1237 3496 1325 3587 apud
1347 3491 1456 3564 sedem
1482 3490 1706 3588 Apostolicnm
1733 3493 1868 3565 tutanda
1889 3493 1983 3592 jure·

504 3589 645 3677 iurando
674 3589 942 3674 obstrinxerunt,
972 3594 1116 3689 indeque
1139 3617 1176 3662 aa
1197 3593 1278 3682 legis
1297 3591 1433 3681 alicujus
1459 3592 1598 3686 publicat
1619 3590 1650 3660 dt
1674 3597 1886 3687 pragmaticae
1910 3595 1981 3664 vim

502 3689 685 3759 hodienum
706 3692 874 3774 obtinere,
898 3690 1111 3788 perspicuum
1128 3689 1190 3769 esi,
1215 3692 1261 3758 uti
1280 3693 1347 3759 linc
1366 3685 1467 3759 solius
1488 3685 1690 3782 Magnificus
1711 3690 1834 3760 Barthe
1850 3694 1901 3760 ius
1917 3693 1981 3760 Ce-

502 3785 702 3858 leberritnus
723 3794 771 3858 Ss.
800 3795 973 3859 Canonum
991 3791 1200 3880 Witceburgi
1223 3784 1387 3858 Professor
1407 3791 1509 3858 tuitus
1524 3787 1580 3860 eil.
1608 3787 1645 3875 a)
1671 3791 1757 3858 Cum
1773 3787 1876 3880 igitur
1891 3793 1980 3859 Con·

503 3885 648 3955 cordatis
669 3885 778 3979 quoad
795 3888 972 3955 catholicas
989 3889 1178 3959 Germaniae
1198 3884 1353 3956 Ecclesiae
1376 3888 1442 3955 vim
1465 3884 1771 3980 obligationemque
1795 3880 1893 3956 inesse
1917 3911 1980 3982 pu·

504 3978 646 4062 blicam,
671 3987 703 4053 in
726 4008 899 4079 comperto
914 3980 968 4064 stt,
993 3983 1162 4077 quaestioni
1179 3979 1225 4052 sat
1241 3987 1333 4074 gravi
1357 3984 1449 4055 locus
1470 3979 1533 4063 est,
1558 4008 1597 4051 an
1616 3977 1682 4052 non
1705 4007 1742 4054 en
1765 3982 1833 4077 juri
1854 3988 1980 4078 prima·

503 4082 630 4151 riarum
649 4106 787 4176 precum
813 4080 959 4159 obslent,
982 4080 1164 4176 prasertim
1182 4105 1219 4149 et
1240 4105 1299 4160 eo,
1322 4082 1413 4177 qnod
1434 4076 1500 4151 sedi
1524 4078 1722 4176 Apostolicae
1744 4104 1833 4151 certa
1856 4077 1979 4154 benefi-

505 4180 555 4245 cia
570 4172 734 4249 reservata
750 4178 826 4261 sint,
849 4179 1073 4272 &dignitates
1095 4174 1332 4257 ecclesiasticae,
1355 4203 1495 4248 necnon
1519 4178 1580 4246 alia
1603 4175 1761 4248 beneficia
1778 4177 1817 4247 ad
1835 4178 1977 4249 liberam

503 4272 753 4346 ordinariorum
785 4277 997 4349 collationem
1020 4273 1168 4373 spetlare
1198 4273 1363 4346 debeant:
1397 4277 1473 4348 huic
1500 4274 1719 4348 dilucidanda
1751 4271 1977 4373 sequentuin

503 4392 683 4469 utramque
705 4395 837 4470 partem
858 4371 998 4448 addusla
1021 4397 1189 4446 momenta
1210 4369 1399 4445 inservient.
1685 4420 1699 4456 ,

540 4559 582 4646 a)
604 4559 766 4644 Videjus
777 4558 959 4630 Diffettatio
975 4564 1139 4632 Generalis
1154 4563 1194 4630 de
1207 4565 1418 4631 concordatis
1435 4525 1623 4630 Germaniae.

1853 4730 1886 4822 ς’.
1914 4723 1982 4801 lll.
