<?xml version="1.0" encoding="UTF-8"?>
<!DOCTYPE html PUBLIC "-//W3C//DTD XHTML 1.0 Transitional//EN"
    "http://www.w3.org/TR/xhtml1/DTD/xhtml1-transitional.dtd">
<html xmlns="http://www.w3.org/1999/xhtml" xml:lang="en" lang="en">
 <head>
  <title>
</title>
<meta http-equiv="Content-Type" content="text/html;charset=utf-8" />
  <meta name='ocr-system' content='tesseract 3.04.00' />
  <meta name='ocr-capabilities' content='ocr_page ocr_carea ocr_par ocr_line ocrx_word'/>
</head>
<body>
  <div class='ocr_page' id='page_1' title='image "./thesavrvsivrise01schmgoog_0469.png"; bbox 0 0 5017 5592; ppageno 0'>
   <div class='ocr_carea' id='block_1_1' title="bbox 499 617 1753 761">
    <p class='ocr_par' dir='ltr' id='par_1_1' title="bbox 499 617 1753 761">
     <span class='ocr_line' id='line_1_1' title="bbox 499 617 1753 761; baseline -0.01 -9"><span class='ocrx_word' id='word_1_1' title='bbox 499 617 574 761; x_wconf 70' lang='lat' dir='ltr'>cia</span> <span class='ocrx_word' id='word_1_2' title='bbox 602 713 605 720; x_wconf 89' lang='lat'>-</span> <span class='ocrx_word' id='word_1_3' title='bbox 745 641 1096 736; x_wconf 75' lang='lat' dir='ltr'>uissititratio</span> <span class='ocrx_word' id='word_1_4' title='bbox 1124 654 1426 736; x_wconf 81' lang='lat' dir='ltr'>nisroaico-</span> <span class='ocrx_word' id='word_1_5' title='bbox 1451 621 1753 740; x_wconf 77' lang='lat' dir='ltr'>canonica</span> 
     </span>
    </p>
   </div>
   <div class='ocr_carea' id='block_1_2' title="bbox 457 837 1985 1104">
    <p class='ocr_par' dir='ltr' id='par_1_2' title="bbox 457 837 1985 1104">
     <span class='ocr_line' id='line_1_2' title="bbox 545 837 1984 926; baseline -0.002 -20"><span class='ocrx_word' id='word_1_6' title='bbox 545 839 614 920; x_wconf 83' lang='lat' dir='ltr'>„Ut</span> <span class='ocrx_word' id='word_1_7' title='bbox 626 839 701 904; x_wconf 86' lang='lat' dir='ltr'>dent</span> <span class='ocrx_word' id='word_1_8' title='bbox 720 837 925 911; x_wconf 79' lang='lat' dir='ltr'>facultatem,</span> <span class='ocrx_word' id='word_1_9' title='bbox 947 837 1128 903; x_wconf 83' lang='lat' dir='ltr'>defensores</span> <span class='ocrx_word' id='word_1_10' title='bbox 1155 837 1366 903; x_wconf 84' lang='lat' dir='ltr'>constituendi</span> <span class='ocrx_word' id='word_1_11' title='bbox 1390 839 1604 907; x_wconf 75' lang='lat' dir='ltr'>scholasticos</span> <span class='ocrx_word' id='word_1_12' title='bbox 1623 844 1720 926; x_wconf 82' lang='lat' dir='ltr'>(sigis</span> <span class='ocrx_word' id='word_1_13' title='bbox 1733 844 1766 907; x_wconf 81' lang='lat' dir='ltr'>i&#39;ii</span> <span class='ocrx_word' id='word_1_14' title='bbox 1786 839 1900 926; x_wconf 79' lang='lat' dir='ltr'>scliosi‘r</span> <span class='ocrx_word' id='word_1_15' title='bbox 1915 843 1984 905; x_wconf 79' lang='lat' dir='ltr'>rdo-</span> 
     </span>
     <span class='ocr_line' id='line_1_3' title="bbox 619 919 1983 1004; baseline 0.004 -24"><span class='ocrx_word' id='word_1_16' title='bbox 619 922 722 1000; x_wconf 50' lang='grc' dir='ltr'>βαι)</span> <span class='ocrx_word' id='word_1_17' title='bbox 741 923 839 1004; x_wconf 84' lang='lat' dir='ltr'>quiin</span> <span class='ocrx_word' id='word_1_18' title='bbox 855 919 927 984; x_wconf 74' lang='lat' dir='ltr'>asin</span> <span class='ocrx_word' id='word_1_19' title='bbox 944 920 1223 985; x_wconf 86' lang='lat' dir='ltr'>suntvelniuoere</span> <span class='ocrx_word' id='word_1_20' title='bbox 1241 921 1432 987; x_wconf 84' lang='lat' dir='ltr'>defentionis</span> <span class='ocrx_word' id='word_1_21' title='bbox 1451 927 1631 994; x_wconf 84' lang='lat' dir='ltr'>causarum.</span> <span class='ocrx_word' id='word_1_22' title='bbox 1654 943 1690 987; x_wconf 92' lang='lat' dir='ltr'>ut</span> <span class='ocrx_word' id='word_1_23' title='bbox 1713 945 1804 989; x_wconf 89' lang='lat' dir='ltr'>inore</span> <span class='ocrx_word' id='word_1_24' title='bbox 1827 924 1983 990; x_wconf 83' lang='lat' dir='ltr'>Sacerdo-</span> 
     </span>
     <span class='ocr_line' id='line_1_4' title="bbox 457 1003 1985 1104; baseline -0.001 -35"><span class='ocrx_word' id='word_1_25' title='bbox 457 1085 472 1104; x_wconf 52' lang='lat'><strong>·</strong></span> <span class='ocrx_word' id='word_1_26' title='bbox 512 1005 518 1016; x_wconf 81' lang='lat'><strong><em>‘</em></strong></span> <span class='ocrx_word' id='word_1_27' title='bbox 555 1077 557 1082; x_wconf 46' lang='grc'>,</span> <span class='ocrx_word' id='word_1_28' title='bbox 621 1019 713 1081; x_wconf 89' lang='lat' dir='ltr'>„tum</span> <span class='ocrx_word' id='word_1_29' title='bbox 734 1003 911 1087; x_wconf 82' lang='lat' dir='ltr'>provinciae</span> <span class='ocrx_word' id='word_1_30' title='bbox 935 1005 1029 1066; x_wconf 88' lang='lat' dir='ltr'>iidem</span> <span class='ocrx_word' id='word_1_31' title='bbox 1053 1004 1109 1080; x_wconf 84' lang='lat' dir='ltr'>lpfi</span> <span class='ocrx_word' id='word_1_32' title='bbox 1138 1004 1273 1069; x_wconf 85' lang='lat' dir='ltr'>habeant</span> <span class='ocrx_word' id='word_1_33' title='bbox 1301 1003 1485 1072; x_wconf 77' lang='lat' dir='ltr'><strong>facultatem</strong></span> <span class='ocrx_word' id='word_1_34' title='bbox 1510 1009 1568 1088; x_wconf 79' lang='lat' dir='ltr'>prb</span> <span class='ocrx_word' id='word_1_35' title='bbox 1594 1008 1735 1091; x_wconf 87' lang='lat' dir='ltr'>negotiis</span> <span class='ocrx_word' id='word_1_36' title='bbox 1764 1006 1985 1080; x_wconf 81' lang='lat' dir='ltr'>Ecclesiiruai,</span> 
     </span>
    </p>
   </div>
   <div class='ocr_carea' id='block_1_3' title="bbox 620 1083 1985 1253">
    <p class='ocr_par' dir='ltr' id='par_1_3' title="bbox 620 1083 1985 1253">
     <span class='ocr_line' id='line_1_5' title="bbox 620 1083 1985 1233; baseline 0.004 -85"><span class='ocrx_word' id='word_1_37' title='bbox 620 1089 773 1233; x_wconf 78' lang='lat' dir='ltr'>„quoties</span> <span class='ocrx_word' id='word_1_38' title='bbox 795 1083 957 1184; x_wconf 67' lang='lat' dir='ltr'>necessitas</span> <span class='ocrx_word' id='word_1_39' title='bbox 977 1085 1190 1186; x_wconf 64' lang='lat' dir='ltr'>sagitaveiit,</span> <span class='ocrx_word' id='word_1_40' title='bbox 1215 1091 1252 1166; x_wconf 76' lang='lat' dir='ltr'>ad</span> <span class='ocrx_word' id='word_1_41' title='bbox 1268 1087 1477 1157; x_wconf 81' lang='lat' dir='ltr'>obsistendum</span> <span class='ocrx_word' id='word_1_42' title='bbox 1495 1094 1739 1178; x_wconf 86' lang='lat' dir='ltr'>obrepentibus,</span> <span class='ocrx_word' id='word_1_43' title='bbox 1762 1113 1800 1156; x_wconf 89' lang='lat' dir='ltr'>ac</span> <span class='ocrx_word' id='word_1_44' title='bbox 1818 1086 1985 1156; x_wconf 73' lang='lat' dir='ltr'>necesaria</span> 
     </span>
     <span class='ocr_line' id='line_1_6' title="bbox 622 1169 1354 1253; baseline 0.004 -21"><span class='ocrx_word' id='word_1_45' title='bbox 622 1210 646 1247; x_wconf 88' lang='lat'><strong>„</strong></span> <span class='ocrx_word' id='word_1_46' title='bbox 660 1171 862 1253; x_wconf 80' lang='lat' dir='ltr'>aggeranda,</span> <span class='ocrx_word' id='word_1_47' title='bbox 881 1170 1004 1251; x_wconf 85' lang='lat' dir='ltr'>ingredi</span> <span class='ocrx_word' id='word_1_48' title='bbox 1021 1169 1163 1252; x_wconf 80' lang='lat' dir='ltr'>Judtcniii</span> <span class='ocrx_word' id='word_1_49' title='bbox 1182 1169 1354 1235; x_wconf 80' lang='lat' dir='ltr'>secretarii.</span> 
     </span>
    </p>
   </div>
   <div class='ocr_carea' id='block_1_4' title="bbox 688 1289 1397 1388">
    <p class='ocr_par' dir='ltr' id='par_1_4' title="bbox 688 1289 1397 1388">
     <span class='ocr_line' id='line_1_7' title="bbox 688 1289 1397 1388; baseline 0.006 -22"><span class='ocrx_word' id='word_1_50' title='bbox 688 1299 793 1366; x_wconf 80' lang='lat' dir='ltr'>catix</span> <span class='ocrx_word' id='word_1_51' title='bbox 814 1299 970 1366; x_wconf 76' lang='lat' dir='ltr'>Caranum</span> <span class='ocrx_word' id='word_1_52' title='bbox 984 1289 1072 1368; x_wconf 68' lang='lat' dir='ltr'>Risi.</span> <span class='ocrx_word' id='word_1_53' title='bbox 1089 1303 1223 1388; x_wconf 80' lang='lat' dir='ltr'>Ecclestoe</span> <span class='ocrx_word' id='word_1_54' title='bbox 1234 1321 1309 1387; x_wconf 79' lang='lat' dir='ltr'>pag.</span> <span class='ocrx_word' id='word_1_55' title='bbox 1323 1321 1397 1388; x_wconf 81' lang='lat'><strong>254.</strong></span> 
     </span>
    </p>
   </div>
   <div class='ocr_carea' id='block_1_5' title="bbox 511 1413 1982 1651">
    <p class='ocr_par' dir='ltr' id='par_1_5' title="bbox 511 1413 1982 1651">
     <span class='ocr_line' id='line_1_8' title="bbox 624 1413 1982 1558; baseline -0.001 -31"><span class='ocrx_word' id='word_1_56' title='bbox 624 1457 702 1529; x_wconf 82' lang='lat' dir='ltr'>XV.</span> <span class='ocrx_word' id='word_1_57' title='bbox 736 1460 820 1527; x_wconf 92' lang='lat' dir='ltr'>Non</span> <span class='ocrx_word' id='word_1_58' title='bbox 845 1453 935 1526; x_wconf 78' lang='lat' dir='ltr'>cassa</span> <span class='ocrx_word' id='word_1_59' title='bbox 959 1413 1097 1528; x_wconf 86' lang='lat' dir='ltr'>suerunt</span> <span class='ocrx_word' id='word_1_60' title='bbox 1122 1457 1265 1532; x_wconf 88' lang='lat' dir='ltr'>Concilii</span> <span class='ocrx_word' id='word_1_61' title='bbox 1297 1484 1432 1558; x_wconf 81' lang='lat' dir='ltr'>preces,</span> <span class='ocrx_word' id='word_1_62' title='bbox 1452 1486 1528 1532; x_wconf 90' lang='lat' dir='ltr'>nam</span> <span class='ocrx_word' id='word_1_63' title='bbox 1560 1461 1650 1532; x_wconf 89' lang='lat' dir='ltr'>illico</span> <span class='ocrx_word' id='word_1_64' title='bbox 1676 1463 1726 1531; x_wconf 83' lang='lat' dir='ltr'>Ss.</span> <span class='ocrx_word' id='word_1_65' title='bbox 1749 1462 1982 1554; x_wconf 67' lang='lat' dir='ltr'>imperantes.</span> 
     </span>
     <span class='ocr_line' id='line_1_9' title="bbox 511 1552 1982 1651; baseline -0.003 -24"><span class='ocrx_word' id='word_1_66' title='bbox 511 1554 641 1649; x_wconf 89' lang='lat' dir='ltr'>optime</span> <span class='ocrx_word' id='word_1_67' title='bbox 661 1558 754 1646; x_wconf 85' lang='lat' dir='ltr'>gnari</span> <span class='ocrx_word' id='word_1_68' title='bbox 770 1552 908 1624; x_wconf 81' lang='lat' dir='ltr'>suam&amp;</span> <span class='ocrx_word' id='word_1_69' title='bbox 930 1559 1068 1649; x_wconf 90' lang='lat' dir='ltr'>lmpetii</span> <span class='ocrx_word' id='word_1_70' title='bbox 1094 1556 1378 1637; x_wconf 84' lang='lat' dir='ltr'>incolumitatem,</span> <span class='ocrx_word' id='word_1_71' title='bbox 1398 1584 1433 1630; x_wconf 89' lang='lat' dir='ltr'>ac</span> <span class='ocrx_word' id='word_1_72' title='bbox 1456 1556 1648 1630; x_wconf 69' lang='lat' dir='ltr'>felicitatem</span> <span class='ocrx_word' id='word_1_73' title='bbox 1664 1582 1739 1628; x_wconf 88' lang='lat' dir='ltr'>euni</span> <span class='ocrx_word' id='word_1_74' title='bbox 1758 1554 1921 1651; x_wconf 88' lang='lat' dir='ltr'>prospero</span> <span class='ocrx_word' id='word_1_75' title='bbox 1930 1557 1982 1623; x_wconf 86' lang='lat' dir='ltr'>Ec·</span> 
     </span>
    </p>
   </div>
   <div class='ocr_carea' id='block_1_6' title="bbox 461 1647 1985 1831">
    <p class='ocr_par' dir='ltr' id='par_1_6' title="bbox 461 1647 1985 1831">
     <span class='ocr_line' id='line_1_10' title="bbox 513 1647 1985 1752; baseline 0 -29"><span class='ocrx_word' id='word_1_76' title='bbox 513 1651 685 1723; x_wconf 80' lang='lat' dir='ltr'>elesarum</span> <span class='ocrx_word' id='word_1_77' title='bbox 702 1651 806 1729; x_wconf 82' lang='lat' dir='ltr'>statu,</span> <span class='ocrx_word' id='word_1_78' title='bbox 828 1649 908 1724; x_wconf 84' lang='lat' dir='ltr'>iesse</span> <span class='ocrx_word' id='word_1_79' title='bbox 933 1658 1083 1723; x_wconf 88' lang='lat' dir='ltr'>omniunt</span> <span class='ocrx_word' id='word_1_80' title='bbox 1111 1650 1307 1730; x_wconf 77' lang='lat' dir='ltr'>seculorum</span> <span class='ocrx_word' id='word_1_81' title='bbox 1329 1654 1485 1743; x_wconf 84' lang='lat' dir='ltr'>historia,</span> <span class='ocrx_word' id='word_1_82' title='bbox 1512 1655 1575 1730; x_wconf 85' lang='lat' dir='ltr'>esse</span> <span class='ocrx_word' id='word_1_83' title='bbox 1602 1647 1919 1752; x_wconf 81' lang='lat' dir='ltr'>conjunslissimani‚</span> <span class='ocrx_word' id='word_1_84' title='bbox 1938 1673 1985 1723; x_wconf 83' lang='lat' dir='ltr'>tu·</span> 
     </span>
     <span class='ocr_line' id='line_1_11' title="bbox 461 1745 1210 1831; baseline -0.001 -9"><span class='ocrx_word' id='word_1_85' title='bbox 461 1751 468 1768; x_wconf 61' lang='lat'>‘</span> <span class='ocrx_word' id='word_1_86' title='bbox 515 1754 559 1822; x_wconf 87' lang='lat' dir='ltr'>tis</span> <span class='ocrx_word' id='word_1_87' title='bbox 581 1754 716 1821; x_wconf 85' lang='lat' dir='ltr'>Petrum</span> <span class='ocrx_word' id='word_1_88' title='bbox 737 1745 953 1831; x_wconf 86' lang='lat' dir='ltr'>assenserunt,</span> <span class='ocrx_word' id='word_1_89' title='bbox 976 1746 1210 1823; x_wconf 83' lang='lat' dir='ltr'>rescribentes:</span> 
     </span>
    </p>
   </div>
   <div class='ocr_carea' id='block_1_7' title="bbox 555 1901 1987 2080">
    <p class='ocr_par' dir='ltr' id='par_1_7' title="bbox 555 1901 1987 2080">
     <span class='ocr_line' id='line_1_12' title="bbox 555 1901 1985 2002; baseline -0.001 -21"><span class='ocrx_word' id='word_1_90' title='bbox 555 1914 626 1997; x_wconf 86' lang='lat' dir='ltr'>„Ut</span> <span class='ocrx_word' id='word_1_91' title='bbox 640 1930 836 1998; x_wconf 84' lang='lat' dir='ltr'>qnaecunqne</span> <span class='ocrx_word' id='word_1_92' title='bbox 849 1914 889 1977; x_wconf 85' lang='lat' dir='ltr'>de</span> <span class='ocrx_word' id='word_1_93' title='bbox 905 1915 998 1978; x_wconf 86' lang='lat' dir='ltr'>nobis</span> <span class='ocrx_word' id='word_1_94' title='bbox 1019 1916 1056 1977; x_wconf 89' lang='lat' dir='ltr'>ad</span> <span class='ocrx_word' id='word_1_95' title='bbox 1077 1913 1246 1980; x_wconf 80' lang='lat' dir='ltr'>Ecclesiam</span> <span class='ocrx_word' id='word_1_96' title='bbox 1267 1929 1390 1981; x_wconf 88' lang='lat' dir='ltr'>tantum</span> <span class='ocrx_word' id='word_1_97' title='bbox 1407 1919 1595 2001; x_wconf 76' lang='lat' dir='ltr'>pertinentia</span> <span class='ocrx_word' id='word_1_98' title='bbox 1618 1917 1792 2002; x_wconf 84' lang='lat' dir='ltr'>specialiter</span> <span class='ocrx_word' id='word_1_99' title='bbox 1808 1901 1985 1979; x_wconf 84' lang='lat' dir='ltr'>fuerintliit·</span> 
     </span>
     <span class='ocr_line' id='line_1_13' title="bbox 633 1997 1987 2080; baseline 0.001 -23"><span class='ocrx_word' id='word_1_100' title='bbox 633 2009 798 2080; x_wconf 84' lang='lat' dir='ltr'>,.petrata,</span> <span class='ocrx_word' id='word_1_101' title='bbox 818 2016 883 2058; x_wconf 91' lang='lat' dir='ltr'>noo</span> <span class='ocrx_word' id='word_1_102' title='bbox 903 2017 959 2080; x_wconf 88' lang='lat' dir='ltr'>pet</span> <span class='ocrx_word' id='word_1_103' title='bbox 972 1999 1155 2061; x_wconf 82' lang='lat' dir='ltr'>coronatos</span> <span class='ocrx_word' id='word_1_104' title='bbox 1177 1999 1327 2080; x_wconf 72' lang='lat' dir='ltr'>(meritos</span> <span class='ocrx_word' id='word_1_105' title='bbox 1344 2001 1383 2065; x_wconf 61' lang='lat' dir='ltr'>sd</span> <span class='ocrx_word' id='word_1_106' title='bbox 1399 2005 1558 2064; x_wconf 79' lang='lat' dir='ltr'>menoetius</span> <span class='ocrx_word' id='word_1_107' title='bbox 1576 2020 1716 2063; x_wconf 83' lang='lat' dir='ltr'>caranom</span> <span class='ocrx_word' id='word_1_108' title='bbox 1735 2003 1832 2080; x_wconf 84' lang='lat' dir='ltr'>capiti</span> <span class='ocrx_word' id='word_1_109' title='bbox 1843 1997 1987 2074; x_wconf 79' lang='lat' dir='ltr'>attonsos</span> 
     </span>
    </p>
   </div>
   <div class='ocr_carea' id='block_1_8' title="bbox 568 2074 1987 2238">
    <p class='ocr_par' dir='ltr' id='par_1_8' title="bbox 568 2074 1987 2238">
     <span class='ocr_line' id='line_1_14' title="bbox 568 2074 1987 2226; baseline 0.001 -85"><span class='ocrx_word' id='word_1_110' title='bbox 568 2074 582 2136; x_wconf 84' lang='lat'>.‘</span> <span class='ocrx_word' id='word_1_111' title='bbox 634 2080 823 2224; x_wconf 52' lang='lat' dir='ltr'>„pcsqqiitteai</span> <span class='ocrx_word' id='word_1_112' title='bbox 843 2081 943 2226; x_wconf 65' lang='lat' dir='ltr'>sesqqp</span> <span class='ocrx_word' id='word_1_113' title='bbox 966 2080 1162 2156; x_wconf 55' lang='lat' dir='ltr'>Advocato,</span> <span class='ocrx_word' id='word_1_114' title='bbox 1185 2102 1299 2146; x_wconf 88' lang='lat' dir='ltr'>eorum</span> <span class='ocrx_word' id='word_1_115' title='bbox 1319 2084 1520 2147; x_wconf 86' lang='lat' dir='ltr'>arbitratu&amp;</span> <span class='ocrx_word' id='word_1_116' title='bbox 1542 2084 1699 2164; x_wconf 87' lang='lat' dir='ltr'>judicibus</span> <span class='ocrx_word' id='word_1_117' title='bbox 1725 2074 1987 2156; x_wconf 77' lang='lat' dir='ltr'>innotescant,&amp;</span> 
     </span>
     <span class='ocr_line' id='line_1_15' title="bbox 631 2181 1005 2238; baseline 0.011 -15"><span class='ocrx_word' id='word_1_118' title='bbox 631 2181 825 2238; x_wconf 85' lang='lat' dir='ltr'>„otianur</span> <span class='ocrx_word' id='word_1_119' title='bbox 846 2183 863 2223; x_wconf 94' lang='lat' dir='ltr'>e</span> <span class='ocrx_word' id='word_1_120' title='bbox 886 2186 907 2225; x_wconf 69' lang='lat' dir='ltr'>ve</span> <span class='ocrx_word' id='word_1_121' title='bbox 941 2182 1005 2227; x_wconf 88' lang='lat' dir='ltr'>uto.</span> 
     </span>
    </p>
   </div>
   <div class='ocr_carea' id='block_1_9' title="bbox 694 2293 1596 2382">
    <p class='ocr_par' dir='ltr' id='par_1_9' title="bbox 694 2293 1596 2382">
     <span class='ocr_line' id='line_1_16' title="bbox 694 2293 1596 2382; baseline 0.003 -22"><span class='ocrx_word' id='word_1_122' title='bbox 694 2295 734 2362; x_wconf 90' lang='lat' dir='ltr'>L.</span> <span class='ocrx_word' id='word_1_123' title='bbox 745 2309 796 2380; x_wconf 75' lang='lat'>38.</span> <span class='ocrx_word' id='word_1_124' title='bbox 819 2297 890 2362; x_wconf 82' lang='lat' dir='ltr'>Cois.</span> <span class='ocrx_word' id='word_1_125' title='bbox 911 2293 1050 2375; x_wconf 74' lang='lat' dir='ltr'>Tlttodol.</span> <span class='ocrx_word' id='word_1_126' title='bbox 1066 2297 1102 2361; x_wconf 82' lang='lat' dir='ltr'>dt</span> <span class='ocrx_word' id='word_1_127' title='bbox 1121 2293 1262 2382; x_wconf 61' lang='lat' dir='ltr'>Episcopi.</span> <span class='ocrx_word' id='word_1_128' title='bbox 1280 2296 1386 2380; x_wconf 75' lang='lat' dir='ltr'>Ensis.</span> <span class='ocrx_word' id='word_1_129' title='bbox 1403 2295 1442 2363; x_wconf 65' lang='lat' dir='ltr'>s!</span> <span class='ocrx_word' id='word_1_130' title='bbox 1464 2297 1596 2363; x_wconf 76' lang='lat' dir='ltr'>Clericis.</span> 
     </span>
    </p>
   </div>
   <div class='ocr_carea' id='block_1_10' title="bbox 522 2445 1990 2645">
    <p class='ocr_par' dir='ltr' id='par_1_10' title="bbox 522 2445 1990 2645">
     <span class='ocr_line' id='line_1_17' title="bbox 636 2445 1989 2550; baseline -0.004 -25"><span class='ocrx_word' id='word_1_131' title='bbox 636 2453 733 2534; x_wconf 76' lang='lat' dir='ltr'>xvi,</span> <span class='ocrx_word' id='word_1_132' title='bbox 759 2454 945 2528; x_wconf 86' lang='lat' dir='ltr'>Martinuni</span> <span class='ocrx_word' id='word_1_133' title='bbox 967 2459 1145 2546; x_wconf 86' lang='lat' dir='ltr'>Magerum</span> <span class='ocrx_word' id='word_1_134' title='bbox 1169 2451 1453 2550; x_wconf 80' lang='lat' dir='ltr'>supralaudatum</span> <span class='ocrx_word' id='word_1_135' title='bbox 1478 2453 1532 2522; x_wconf 89' lang='lat' dir='ltr'>bic</span> <span class='ocrx_word' id='word_1_136' title='bbox 1555 2445 1780 2521; x_wconf 84' lang='lat' dir='ltr'>adversarium</span> <span class='ocrx_word' id='word_1_137' title='bbox 1801 2450 1989 2548; x_wconf 79' lang='lat' dir='ltr'>experimur</span> 
     </span>
     <span class='ocr_line' id='line_1_18' title="bbox 522 2545 1990 2645; baseline -0.007 -19"><span class='ocrx_word' id='word_1_138' title='bbox 522 2548 580 2626; x_wconf 85' lang='lat' dir='ltr'>ille</span> <span class='ocrx_word' id='word_1_139' title='bbox 598 2549 632 2621; x_wconf 95' lang='lat' dir='ltr'>in</span> <span class='ocrx_word' id='word_1_140' title='bbox 653 2555 751 2622; x_wconf 87' lang='lat' dir='ltr'>citata</span> <span class='ocrx_word' id='word_1_141' title='bbox 768 2552 944 2645; x_wconf 71' lang='lat' dir='ltr'>aliquoties</span> <span class='ocrx_word' id='word_1_142' title='bbox 965 2549 1188 2625; x_wconf 70' lang='lat' dir='ltr'>dissertatione</span> <span class='ocrx_word' id='word_1_143' title='bbox 1210 2549 1381 2623; x_wconf 82' lang='lat' dir='ltr'>contendit</span> <span class='ocrx_word' id='word_1_144' title='bbox 1399 2551 1588 2620; x_wconf 84' lang='lat' dir='ltr'>Advocatiae</span> <span class='ocrx_word' id='word_1_145' title='bbox 1607 2545 1744 2620; x_wconf 80' lang='lat' dir='ltr'>forensis</span> <span class='ocrx_word' id='word_1_146' title='bbox 1765 2551 1933 2640; x_wconf 80' lang='lat' dir='ltr'>originem</span> <span class='ocrx_word' id='word_1_147' title='bbox 1948 2550 1990 2616; x_wconf 89' lang='lat' dir='ltr'>iii·</span> 
     </span>
    </p>
   </div>
   <div class='ocr_carea' id='block_1_11' title="bbox 394 2637 1988 2747">
    <p class='ocr_par' dir='ltr' id='par_1_11' title="bbox 394 2637 1988 2747">
     <span class='ocr_line' id='line_1_19' title="bbox 394 2637 1988 2747; baseline -0.005 -25"><span class='ocrx_word' id='word_1_148' title='bbox 394 2725 397 2742; x_wconf 64' lang='grc'>,</span> <span class='ocrx_word' id='word_1_149' title='bbox 523 2648 640 2722; x_wconf 84' lang='lat' dir='ltr'>siituto</span> <span class='ocrx_word' id='word_1_150' title='bbox 662 2646 848 2721; x_wconf 86' lang='lat' dir='ltr'>Manassico</span> <span class='ocrx_word' id='word_1_151' title='bbox 867 2648 1045 2747; x_wconf 79' lang='lat' dir='ltr'>suppetent</span> <span class='ocrx_word' id='word_1_152' title='bbox 1068 2645 1151 2730; x_wconf 86' lang='lat' dir='ltr'>esse,</span> <span class='ocrx_word' id='word_1_153' title='bbox 1177 2647 1230 2721; x_wconf 93' lang='lat' dir='ltr'>sed</span> <span class='ocrx_word' id='word_1_154' title='bbox 1254 2637 1287 2719; x_wconf 84' lang='lat' dir='ltr'>in</span> <span class='ocrx_word' id='word_1_155' title='bbox 1305 2647 1367 2718; x_wconf 88' lang='lat' dir='ltr'>hoc</span> <span class='ocrx_word' id='word_1_156' title='bbox 1388 2653 1513 2716; x_wconf 76' lang='lat' dir='ltr'>citavit</span> <span class='ocrx_word' id='word_1_157' title='bbox 1540 2666 1613 2716; x_wconf 83' lang='lat' dir='ltr'>amo</span> <span class='ocrx_word' id='word_1_158' title='bbox 1639 2646 1728 2737; x_wconf 90' lang='lat' dir='ltr'>quod</span> <span class='ocrx_word' id='word_1_159' title='bbox 1748 2650 1917 2734; x_wconf 81' lang='lat' dir='ltr'>originem</span> <span class='ocrx_word' id='word_1_160' title='bbox 1932 2647 1988 2715; x_wconf 77' lang='lat' dir='ltr'>tta</span> 
     </span>
    </p>
   </div>
   <div class='ocr_carea' id='block_1_12' title="bbox 524 2741 1997 3716">
    <p class='ocr_par' dir='ltr' id='par_1_12' title="bbox 524 2741 1997 3716">
     <span class='ocr_line' id='line_1_20' title="bbox 524 2741 1992 2840; baseline -0.005 -19"><span class='ocrx_word' id='word_1_161' title='bbox 524 2748 688 2840; x_wconf 81' lang='lat' dir='ltr'>ligionuni</span> <span class='ocrx_word' id='word_1_162' title='bbox 707 2745 760 2817; x_wconf 89' lang='lat' dir='ltr'>seu</span> <span class='ocrx_word' id='word_1_163' title='bbox 779 2745 1001 2820; x_wconf 80' lang='lat' dir='ltr'>institutorum</span> <span class='ocrx_word' id='word_1_164' title='bbox 1025 2745 1271 2839; x_wconf 86' lang='lat' dir='ltr'>Religiosorum</span> <span class='ocrx_word' id='word_1_165' title='bbox 1288 2745 1329 2814; x_wconf 89' lang='lat' dir='ltr'>ad</span> <span class='ocrx_word' id='word_1_166' title='bbox 1350 2769 1501 2839; x_wconf 86' lang='lat' dir='ltr'>tempora</span> <span class='ocrx_word' id='word_1_167' title='bbox 1525 2749 1709 2839; x_wconf 90' lang='lat' dir='ltr'>linperiutn</span> <span class='ocrx_word' id='word_1_168' title='bbox 1731 2741 1937 2814; x_wconf 77' lang='lat' dir='ltr'>Constantini</span> <span class='ocrx_word' id='word_1_169' title='bbox 1948 2745 1992 2813; x_wconf 87' lang='grc' dir='ltr'>Μ.</span> 
     </span>
     <span class='ocr_line' id='line_1_21' title="bbox 525 2838 1994 2942; baseline -0.001 -29"><span class='ocrx_word' id='word_1_170' title='bbox 525 2845 628 2942; x_wconf 89' lang='lat' dir='ltr'>paulo</span> <span class='ocrx_word' id='word_1_171' title='bbox 650 2841 721 2939; x_wconf 85' lang='lat' dir='ltr'>post</span> <span class='ocrx_word' id='word_1_172' title='bbox 738 2840 931 2935; x_wconf 85' lang='lat' dir='ltr'>subsequuta</span> <span class='ocrx_word' id='word_1_173' title='bbox 949 2870 1099 2922; x_wconf 85' lang='lat' dir='ltr'>revocer,</span> <span class='ocrx_word' id='word_1_174' title='bbox 1120 2871 1192 2937; x_wconf 83' lang='lat' dir='ltr'>quae</span> <span class='ocrx_word' id='word_1_175' title='bbox 1210 2869 1320 2914; x_wconf 86' lang='lat' dir='ltr'>tamen</span> <span class='ocrx_word' id='word_1_176' title='bbox 1336 2843 1434 2932; x_wconf 83' lang='lat' dir='ltr'>longe</span> <span class='ocrx_word' id='word_1_177' title='bbox 1459 2845 1627 2937; x_wconf 82' lang='lat' dir='ltr'>antiquior</span> <span class='ocrx_word' id='word_1_178' title='bbox 1644 2839 1706 2919; x_wconf 84' lang='lat' dir='ltr'>esi,</span> <span class='ocrx_word' id='word_1_179' title='bbox 1729 2841 1759 2910; x_wconf 69' lang='grc' dir='ltr'>ἃ</span> <span class='ocrx_word' id='word_1_180' title='bbox 1777 2838 1921 2911; x_wconf 86' lang='lat' dir='ltr'>nascenti</span> <span class='ocrx_word' id='word_1_181' title='bbox 1940 2841 1994 2911; x_wconf 78' lang='lat' dir='ltr'>Ee·</span> 
     </span>
     <span class='ocr_line' id='line_1_22' title="bbox 527 2938 1993 3036; baseline -0.004 -24"><span class='ocrx_word' id='word_1_182' title='bbox 527 2938 630 3012; x_wconf 81' lang='lat' dir='ltr'>clesiae</span> <span class='ocrx_word' id='word_1_183' title='bbox 651 2966 758 3010; x_wconf 83' lang='lat' dir='ltr'>coaeva</span> <span class='ocrx_word' id='word_1_184' title='bbox 827 2946 919 3010; x_wconf 88' lang='lat' dir='ltr'>Nam</span> <span class='ocrx_word' id='word_1_185' title='bbox 946 2942 1042 3010; x_wconf 81' lang='lat' dir='ltr'>Pinio</span> <span class='ocrx_word' id='word_1_186' title='bbox 1066 2945 1201 3036; x_wconf 83' lang='lat' dir='ltr'>Judaeiis</span> <span class='ocrx_word' id='word_1_187' title='bbox 1237 2939 1538 3034; x_wconf 80' lang='lat' dir='ltr'>llisloriograpbus</span> <span class='ocrx_word' id='word_1_188' title='bbox 1559 2988 1567 3020; x_wconf 90' lang='lat'>,</span> <span class='ocrx_word' id='word_1_189' title='bbox 1592 2943 1648 3032; x_wconf 92' lang='lat' dir='ltr'>qui</span> <span class='ocrx_word' id='word_1_190' title='bbox 1672 2941 1786 3007; x_wconf 82' lang='lat' dir='ltr'>Rontae</span> <span class='ocrx_word' id='word_1_191' title='bbox 1811 2941 1844 3009; x_wconf 88' lang='lat' dir='ltr'>S.</span> <span class='ocrx_word' id='word_1_192' title='bbox 1865 2941 1993 3007; x_wconf 87' lang='lat' dir='ltr'>Petrum</span> 
     </span>
     <span class='ocr_line' id='line_1_23' title="bbox 528 3036 1994 3130; baseline -0.002 -24"><span class='ocrx_word' id='word_1_193' title='bbox 528 3036 631 3116; x_wconf 85' lang='lat' dir='ltr'>vidit,</span> <span class='ocrx_word' id='word_1_194' title='bbox 649 3036 798 3107; x_wconf 80' lang='lat' dir='ltr'>vitam&amp;</span> <span class='ocrx_word' id='word_1_195' title='bbox 820 3062 930 3108; x_wconf 87' lang='lat' dir='ltr'>mores</span> <span class='ocrx_word' id='word_1_196' title='bbox 953 3039 1248 3108; x_wconf 78' lang='lat' dir='ltr'>Monachotnoi&amp;</span> <span class='ocrx_word' id='word_1_197' title='bbox 1274 3041 1446 3106; x_wconf 86' lang='lat' dir='ltr'>Sacraruin</span> <span class='ocrx_word' id='word_1_198' title='bbox 1467 3038 1664 3128; x_wconf 72' lang='lat' dir='ltr'>Virginem,</span> <span class='ocrx_word' id='word_1_199' title='bbox 1689 3059 1773 3130; x_wconf 89' lang='lat' dir='ltr'>quos</span> <span class='ocrx_word' id='word_1_200' title='bbox 1790 3037 1823 3104; x_wconf 92' lang='lat' dir='ltr'>in</span> <span class='ocrx_word' id='word_1_201' title='bbox 1849 3039 1994 3129; x_wconf 82' lang='lat' dir='ltr'>AEgypto</span> 
     </span>
     <span class='ocr_line' id='line_1_24' title="bbox 530 3128 1995 3232; baseline -0.004 -26"><span class='ocrx_word' id='word_1_202' title='bbox 530 3138 564 3206; x_wconf 88' lang='lat' dir='ltr'>S.</span> <span class='ocrx_word' id='word_1_203' title='bbox 581 3138 717 3203; x_wconf 85' lang='lat' dir='ltr'>Marcus</span> <span class='ocrx_word' id='word_1_204' title='bbox 741 3133 965 3224; x_wconf 84' lang='lat' dir='ltr'>Evangelisla,</span> <span class='ocrx_word' id='word_1_205' title='bbox 991 3141 1023 3206; x_wconf 86' lang='lat' dir='ltr'>S.</span> <span class='ocrx_word' id='word_1_206' title='bbox 1050 3138 1137 3206; x_wconf 87' lang='lat' dir='ltr'>Petri</span> <span class='ocrx_word' id='word_1_207' title='bbox 1161 3135 1312 3232; x_wconf 75' lang='lat' dir='ltr'>Apostoli</span> <span class='ocrx_word' id='word_1_208' title='bbox 1338 3130 1535 3228; x_wconf 83' lang='lat' dir='ltr'>discipulus,</span> <span class='ocrx_word' id='word_1_209' title='bbox 1559 3159 1620 3229; x_wconf 88' lang='lat' dir='ltr'>per</span> <span class='ocrx_word' id='word_1_210' title='bbox 1645 3128 1882 3229; x_wconf 81' lang='lat' dir='ltr'>professionem</span> <span class='ocrx_word' id='word_1_211' title='bbox 1898 3133 1995 3203; x_wconf 90' lang='lat' dir='ltr'>conii·</span> 
     </span>
     <span class='ocr_line' id='line_1_25' title="bbox 529 3227 1997 3330; baseline -0.002 -27"><span class='ocrx_word' id='word_1_212' title='bbox 529 3235 669 3312; x_wconf 81' lang='lat' dir='ltr'>itentiae,</span> <span class='ocrx_word' id='word_1_213' title='bbox 723 3236 923 3326; x_wconf 62' lang='lat' dir='ltr'>(operiatis,</span> <span class='ocrx_word' id='word_1_214' title='bbox 946 3231 1173 3326; x_wconf 83' lang='lat' dir='ltr'>jejuniorum,</span> <span class='ocrx_word' id='word_1_215' title='bbox 1203 3230 1394 3330; x_wconf 82' lang='lat' dir='ltr'>psalmodiae</span> <span class='ocrx_word' id='word_1_216' title='bbox 1420 3232 1481 3302; x_wconf 81' lang='lat' dir='ltr'>dic.</span> <span class='ocrx_word' id='word_1_217' title='bbox 1508 3256 1658 3301; x_wconf 85' lang='lat' dir='ltr'>accurate</span> <span class='ocrx_word' id='word_1_218' title='bbox 1682 3229 1851 3305; x_wconf 85' lang='lat' dir='ltr'>describit.</span> <span class='ocrx_word' id='word_1_219' title='bbox 1901 3227 1997 3326; x_wconf 83' lang='lat' dir='ltr'>Quod</span> 
     </span>
     <span class='ocr_line' id='line_1_26' title="bbox 531 3253 1996 3425; baseline 0 -27"><span class='ocrx_word' id='word_1_220' title='bbox 531 3329 577 3399; x_wconf 90' lang='lat' dir='ltr'>de</span> <span class='ocrx_word' id='word_1_221' title='bbox 593 3354 634 3398; x_wconf 91' lang='lat' dir='ltr'>eo</span> <span class='ocrx_word' id='word_1_222' title='bbox 652 3253 756 3400; x_wconf 62' lang='lat' dir='ltr'>resin</span> <span class='ocrx_word' id='word_1_223' title='bbox 771 3326 931 3402; x_wconf 84' lang='lat' dir='ltr'>Eusebius</span> <span class='ocrx_word' id='word_1_224' title='bbox 956 3339 991 3403; x_wconf 85' lang='lat' dir='ltr'>L.</span> <span class='ocrx_word' id='word_1_225' title='bbox 1012 3339 1059 3404; x_wconf 90' lang='grc'>11.</span> <span class='ocrx_word' id='word_1_226' title='bbox 1086 3325 1198 3421; x_wconf 70' lang='lat' dir='ltr'>stillat.</span> <span class='ocrx_word' id='word_1_227' title='bbox 1213 3356 1277 3424; x_wconf 76' lang='lat' dir='ltr'>cap.</span> <span class='ocrx_word' id='word_1_228' title='bbox 1305 3346 1357 3401; x_wconf 77' lang='lat' dir='ltr'>io.</span> <span class='ocrx_word' id='word_1_229' title='bbox 1418 3331 1627 3425; x_wconf 76' lang='lat' dir='ltr'>Epiphanius</span> <span class='ocrx_word' id='word_1_230' title='bbox 1651 3331 1746 3417; x_wconf 77' lang='lat' dir='ltr'>licrefi</span> <span class='ocrx_word' id='word_1_231' title='bbox 1774 3349 1830 3410; x_wconf 61' lang='grc' dir='ltr'>ιγ.</span> <span class='ocrx_word' id='word_1_232' title='bbox 1858 3331 1996 3398; x_wconf 83' lang='lat' dir='ltr'>Hieron.</span> 
     </span>
     <span class='ocr_line' id='line_1_27' title="bbox 531 3425 1997 3521; baseline -0.004 -22"><span class='ocrx_word' id='word_1_233' title='bbox 531 3433 569 3499; x_wconf 85' lang='lat' dir='ltr'>ile</span> <span class='ocrx_word' id='word_1_234' title='bbox 583 3434 665 3497; x_wconf 82' lang='lat' dir='ltr'>viris</span> <span class='ocrx_word' id='word_1_235' title='bbox 688 3428 847 3507; x_wconf 68' lang='lat' dir='ltr'>tdustiibiis</span> <span class='ocrx_word' id='word_1_236' title='bbox 860 3438 891 3496; x_wconf 84' lang='lat' dir='ltr'>i&#39;n</span> <span class='ocrx_word' id='word_1_237' title='bbox 913 3432 1043 3499; x_wconf 71' lang='lat' dir='ltr'>Philone.</span> <span class='ocrx_word' id='word_1_238' title='bbox 1095 3425 1229 3500; x_wconf 84' lang='lat' dir='ltr'>Cassian.</span> <span class='ocrx_word' id='word_1_239' title='bbox 1252 3437 1289 3499; x_wconf 85' lang='lat' dir='ltr'>L.</span> <span class='ocrx_word' id='word_1_240' title='bbox 1306 3434 1352 3498; x_wconf 85' lang='grc' dir='ltr'>ΙΙ.</span> <span class='ocrx_word' id='word_1_241' title='bbox 1373 3449 1436 3521; x_wconf 80' lang='lat' dir='ltr'>cap.</span> <span class='ocrx_word' id='word_1_242' title='bbox 1456 3454 1487 3506; x_wconf 82' lang='lat'>5·</span> <span class='ocrx_word' id='word_1_243' title='bbox 1511 3428 1777 3511; x_wconf 68' lang='lat' dir='ltr'>detestationis.</span> <span class='ocrx_word' id='word_1_244' title='bbox 1828 3428 1862 3495; x_wconf 85' lang='lat' dir='ltr'>S.</span> <span class='ocrx_word' id='word_1_245' title='bbox 1880 3426 1997 3497; x_wconf 83' lang='lat' dir='ltr'>Athin.</span> 
     </span>
     <span class='ocr_line' id='line_1_28' title="bbox 531 3514 1995 3617; baseline -0.006 -19"><span class='ocrx_word' id='word_1_246' title='bbox 531 3528 568 3598; x_wconf 85' lang='lat' dir='ltr'>in</span> <span class='ocrx_word' id='word_1_247' title='bbox 584 3528 649 3595; x_wconf 89' lang='lat' dir='ltr'>vita</span> <span class='ocrx_word' id='word_1_248' title='bbox 670 3529 704 3594; x_wconf 87' lang='lat' dir='ltr'>B.</span> <span class='ocrx_word' id='word_1_249' title='bbox 721 3527 860 3596; x_wconf 75' lang='lat' dir='ltr'>Antonii</span> <span class='ocrx_word' id='word_1_250' title='bbox 875 3522 1006 3607; x_wconf 87' lang='lat' dir='ltr'>scribit,</span> <span class='ocrx_word' id='word_1_251' title='bbox 1028 3549 1106 3598; x_wconf 88' lang='lat' dir='ltr'>aiite</span> <span class='ocrx_word' id='word_1_252' title='bbox 1127 3529 1310 3596; x_wconf 84' lang='lat' dir='ltr'>Antonium</span> <span class='ocrx_word' id='word_1_253' title='bbox 1333 3549 1399 3593; x_wconf 91' lang='lat' dir='ltr'>non</span> <span class='ocrx_word' id='word_1_254' title='bbox 1423 3519 1517 3594; x_wconf 83' lang='lat' dir='ltr'>foisse</span> <span class='ocrx_word' id='word_1_255' title='bbox 1539 3525 1675 3617; x_wconf 88' lang='lat' dir='ltr'>quidem</span> <span class='ocrx_word' id='word_1_256' title='bbox 1699 3522 1935 3605; x_wconf 81' lang='lat' dir='ltr'>anachoretas,</span> <span class='ocrx_word' id='word_1_257' title='bbox 1956 3514 1995 3590; x_wconf 90' lang='lat' dir='ltr'>asl</span> 
     </span>
     <span class='ocr_line' id='line_1_29' title="bbox 531 3619 1996 3716; baseline -0.005 -21"><span class='ocrx_word' id='word_1_258' title='bbox 531 3622 728 3695; x_wconf 82' lang='lat' dir='ltr'>monachos.</span> <span class='ocrx_word' id='word_1_259' title='bbox 776 3626 808 3694; x_wconf 85' lang='lat' dir='ltr'>S.</span> <span class='ocrx_word' id='word_1_260' title='bbox 824 3622 988 3695; x_wconf 78' lang='lat' dir='ltr'>Damasus</span> <span class='ocrx_word' id='word_1_261' title='bbox 1005 3626 1101 3695; x_wconf 88' lang='lat' dir='ltr'>Rom.</span> <span class='ocrx_word' id='word_1_262' title='bbox 1119 3628 1152 3694; x_wconf 87' lang='grc' dir='ltr'>Ρ.</span> <span class='ocrx_word' id='word_1_263' title='bbox 1171 3619 1276 3693; x_wconf 84' lang='lat' dir='ltr'>refert</span> <span class='ocrx_word' id='word_1_264' title='bbox 1291 3625 1324 3691; x_wconf 91' lang='lat' dir='ltr'>in</span> <span class='ocrx_word' id='word_1_265' title='bbox 1339 3626 1405 3692; x_wconf 81' lang='lat' dir='ltr'>vita</span> <span class='ocrx_word' id='word_1_266' title='bbox 1423 3621 1571 3716; x_wconf 76' lang='lat' dir='ltr'>Dionysii</span> <span class='ocrx_word' id='word_1_267' title='bbox 1588 3627 1699 3712; x_wconf 80' lang='lat' dir='ltr'>Papa,</span> <span class='ocrx_word' id='word_1_268' title='bbox 1720 3619 1809 3713; x_wconf 88' lang='lat' dir='ltr'>quod</span> <span class='ocrx_word' id='word_1_269' title='bbox 1827 3621 1857 3690; x_wconf 92' lang='lat' dir='ltr'>is</span> <span class='ocrx_word' id='word_1_270' title='bbox 1874 3645 1912 3693; x_wconf 86' lang='lat' dir='ltr'>er</span> <span class='ocrx_word' id='word_1_271' title='bbox 1927 3623 1996 3691; x_wconf 88' lang='lat' dir='ltr'>Mo·</span> 
     </span>
    </p>
   </div>
   <div class='ocr_carea' id='block_1_13' title="bbox 353 3716 1995 3816">
    <p class='ocr_par' dir='ltr' id='par_1_13' title="bbox 353 3716 1995 3816">
     <span class='ocr_line' id='line_1_30' title="bbox 353 3716 1995 3816; baseline -0.004 -25"><span class='ocrx_word' id='word_1_272' title='bbox 353 3728 354 3735; x_wconf 77' lang='grc'>’</span> <span class='ocrx_word' id='word_1_273' title='bbox 421 3787 424 3794; x_wconf 93' lang='grc'>,</span> <span class='ocrx_word' id='word_1_274' title='bbox 533 3716 1312 3816; x_wconf 77' lang='lat' dir='ltr'>nailioadS.Pontificatumfueritassumptus.</span> <span class='ocrx_word' id='word_1_275' title='bbox 1362 3721 1453 3790; x_wconf 89' lang='lat' dir='ltr'>Sedit</span> <span class='ocrx_word' id='word_1_276' title='bbox 1468 3744 1577 3791; x_wconf 84' lang='lat' dir='ltr'>autern</span> <span class='ocrx_word' id='word_1_277' title='bbox 1596 3717 1774 3815; x_wconf 85' lang='lat' dir='ltr'>Dyonisius</span> <span class='ocrx_word' id='word_1_278' title='bbox 1790 3744 1829 3787; x_wconf 85' lang='lat' dir='ltr'>ex</span> <span class='ocrx_word' id='word_1_279' title='bbox 1845 3718 1995 3790; x_wconf 86' lang='lat' dir='ltr'>chronica</span> 
     </span>
    </p>
   </div>
   <div class='ocr_carea' id='block_1_14' title="bbox 533 3816 2005 4301">
    <p class='ocr_par' dir='ltr' id='par_1_14' title="bbox 533 3816 2005 4301">
     <span class='ocr_line' id='line_1_31' title="bbox 533 3816 1994 3908; baseline -0.006 -19"><span class='ocrx_word' id='word_1_280' title='bbox 533 3816 668 3889; x_wconf 82' lang='lat' dir='ltr'>Eusebii</span> <span class='ocrx_word' id='word_1_281' title='bbox 685 3842 773 3886; x_wconf 87' lang='lat' dir='ltr'>anno</span> <span class='ocrx_word' id='word_1_282' title='bbox 793 3821 930 3887; x_wconf 88' lang='lat' dir='ltr'>Domini</span> <span class='ocrx_word' id='word_1_283' title='bbox 956 3827 1035 3889; x_wconf 82' lang='lat'><strong>26⁶.</strong></span> <span class='ocrx_word' id='word_1_284' title='bbox 1086 3819 1175 3890; x_wconf 89' lang='lat' dir='ltr'>Vide</span> <span class='ocrx_word' id='word_1_285' title='bbox 1202 3820 1357 3888; x_wconf 88' lang='lat' dir='ltr'>llellarni.</span> <span class='ocrx_word' id='word_1_286' title='bbox 1384 3841 1521 3889; x_wconf 81' lang='lat' dir='ltr'>controv.</span> <span class='ocrx_word' id='word_1_287' title='bbox 1552 3824 1670 3887; x_wconf 75' lang='lat' dir='ltr'>Tanti</span> <span class='ocrx_word' id='word_1_288' title='bbox 1707 3841 1848 3886; x_wconf 80' lang='lat' dir='ltr'>controv.</span> <span class='ocrx_word' id='word_1_289' title='bbox 1871 3816 1994 3908; x_wconf 84' lang='lat' dir='ltr'>geticus.</span> 
     </span>
     <span class='ocr_line' id='line_1_32' title="bbox 536 3913 1994 4004; baseline -0.005 -19"><span class='ocrx_word' id='word_1_290' title='bbox 536 3922 557 3986; x_wconf 88' lang='lat'><em>1</em></span> <span class='ocrx_word' id='word_1_291' title='bbox 562 3923 596 3988; x_wconf 85' lang='lat' dir='ltr'>V.</span> <span class='ocrx_word' id='word_1_292' title='bbox 617 3919 666 3985; x_wconf 82' lang='lat' dir='ltr'>lib.</span> <span class='ocrx_word' id='word_1_293' title='bbox 685 3938 715 3982; x_wconf 78' lang='lat' dir='ltr'>a.</span> <span class='ocrx_word' id='word_1_294' title='bbox 738 3937 800 4001; x_wconf 75' lang='lat' dir='ltr'>cap.</span> <span class='ocrx_word' id='word_1_295' title='bbox 822 3941 848 3982; x_wconf 86' lang='lat' dir='ltr'>t.</span> <span class='ocrx_word' id='word_1_296' title='bbox 866 3921 901 3982; x_wconf 84' lang='lat' dir='ltr'>de</span> <span class='ocrx_word' id='word_1_297' title='bbox 916 3921 1093 3987; x_wconf 80' lang='lat' dir='ltr'>Monailiis.</span> <span class='ocrx_word' id='word_1_298' title='bbox 1151 3918 1214 3986; x_wconf 84' lang='lat' dir='ltr'>ado</span> <span class='ocrx_word' id='word_1_299' title='bbox 1238 3914 1409 3986; x_wconf 84' lang='lat' dir='ltr'>Prioribus</span> <span class='ocrx_word' id='word_1_300' title='bbox 1430 3913 1552 3985; x_wconf 75' lang='lat' dir='ltr'>sectilis</span> <span class='ocrx_word' id='word_1_301' title='bbox 1576 3914 1756 4004; x_wconf 86' lang='lat' dir='ltr'>Regulares</span> <span class='ocrx_word' id='word_1_302' title='bbox 1778 3913 1810 3983; x_wconf 82' lang='lat' dir='ltr'>dt</span> <span class='ocrx_word' id='word_1_303' title='bbox 1832 3913 1950 3983; x_wconf 83' lang='lat' dir='ltr'>Clerici</span> <span class='ocrx_word' id='word_1_304' title='bbox 1964 3930 1994 3977; x_wconf 87' lang='lat' dir='ltr'>tt</span> 
     </span>
     <span class='ocr_line' id='line_1_33' title="bbox 535 3999 2005 4104; baseline 0 -24"><span class='ocrx_word' id='word_1_305' title='bbox 535 4008 755 4104; x_wconf 87' lang='lat' dir='ltr'>eleemosynis</span> <span class='ocrx_word' id='word_1_306' title='bbox 772 4009 935 4085; x_wconf 83' lang='lat' dir='ltr'>vivebant.</span> <span class='ocrx_word' id='word_1_307' title='bbox 982 4012 1204 4085; x_wconf 65' lang='lat' dir='ltr'>Monatbatus</span> <span class='ocrx_word' id='word_1_308' title='bbox 1218 4018 1322 4104; x_wconf 83' lang='lat' dir='ltr'>igitur</span> <span class='ocrx_word' id='word_1_309' title='bbox 1338 4011 1402 4081; x_wconf 86' lang='lat' dir='ltr'>line</span> <span class='ocrx_word' id='word_1_310' title='bbox 1419 4012 1588 4082; x_wconf 77' lang='lat' dir='ltr'>Advocato</span> <span class='ocrx_word' id='word_1_311' title='bbox 1605 4008 1724 4080; x_wconf 86' lang='lat' dir='ltr'>sorensi</span> <span class='ocrx_word' id='word_1_312' title='bbox 1739 4034 1813 4081; x_wconf 91' lang='lat' dir='ltr'>ante</span> <span class='ocrx_word' id='word_1_313' title='bbox 1823 4015 1877 4082; x_wconf 85' lang='lat' dir='ltr'>M.</span> <span class='ocrx_word' id='word_1_314' title='bbox 1895 3999 2005 4080; x_wconf 43' lang='lat' dir='ltr'>Consi(</span> 
     </span>
     <span class='ocr_line' id='line_1_34' title="bbox 537 4100 1991 4203; baseline -0.005 -26"><span class='ocrx_word' id='word_1_315' title='bbox 537 4109 693 4178; x_wconf 80' lang='lat' dir='ltr'>extitit&amp;</span> <span class='ocrx_word' id='word_1_316' title='bbox 717 4133 789 4200; x_wconf 77' lang='lat' dir='ltr'>qnae</span> <span class='ocrx_word' id='word_1_317' title='bbox 815 4110 877 4201; x_wconf 88' lang='lat' dir='ltr'>piis</span> <span class='ocrx_word' id='word_1_318' title='bbox 903 4108 1135 4196; x_wconf 76' lang='lat' dir='ltr'>largitionibus</span> <span class='ocrx_word' id='word_1_319' title='bbox 1157 4109 1266 4179; x_wconf 87' lang='lat' dir='ltr'>oblata</span> <span class='ocrx_word' id='word_1_320' title='bbox 1289 4103 1442 4185; x_wconf 81' lang='lat' dir='ltr'>fuerunt,</span> <span class='ocrx_word' id='word_1_321' title='bbox 1466 4112 1587 4179; x_wconf 82' lang='lat' dir='ltr'>Clerici</span> <span class='ocrx_word' id='word_1_322' title='bbox 1613 4111 1644 4176; x_wconf 83' lang='lat' dir='ltr'>dt</span> <span class='ocrx_word' id='word_1_323' title='bbox 1668 4105 1823 4198; x_wconf 70' lang='lat' dir='ltr'>tetigisti</span> <span class='ocrx_word' id='word_1_324' title='bbox 1842 4100 1991 4203; x_wconf 84' lang='lat' dir='ltr'>usquead</span> 
     </span>
     <span class='ocr_line' id='line_1_35' title="bbox 538 4202 1993 4301; baseline -0.004 -27"><span class='ocrx_word' id='word_1_325' title='bbox 538 4203 661 4274; x_wconf 77' lang='lat' dir='ltr'>dictam</span> <span class='ocrx_word' id='word_1_326' title='bbox 683 4206 854 4299; x_wconf 88' lang='lat' dir='ltr'>Synodum</span> <span class='ocrx_word' id='word_1_327' title='bbox 871 4209 1030 4294; x_wconf 70' lang='lat' dir='ltr'>carthag.</span> <span class='ocrx_word' id='word_1_328' title='bbox 1045 4231 1107 4301; x_wconf 86' lang='lat' dir='ltr'>per</span> <span class='ocrx_word' id='word_1_329' title='bbox 1122 4203 1153 4278; x_wconf 87' lang='lat' dir='ltr'>se</span> <span class='ocrx_word' id='word_1_330' title='bbox 1174 4206 1260 4300; x_wconf 87' lang='lat' dir='ltr'>ipsos</span> <span class='ocrx_word' id='word_1_331' title='bbox 1287 4204 1572 4282; x_wconf 80' lang='lat' dir='ltr'>administratorii,</span> <span class='ocrx_word' id='word_1_332' title='bbox 1596 4208 1675 4276; x_wconf 86' lang='lat' dir='ltr'>alias</span> <span class='ocrx_word' id='word_1_333' title='bbox 1700 4202 1820 4276; x_wconf 84' lang='lat' dir='ltr'>sruslra</span> <span class='ocrx_word' id='word_1_334' title='bbox 1837 4205 1879 4275; x_wconf 89' lang='lat' dir='ltr'>ab</span> <span class='ocrx_word' id='word_1_335' title='bbox 1896 4209 1993 4294; x_wconf 87' lang='lat' dir='ltr'>lmpp.</span> 
     </span>
    </p>
   </div>
   <div class='ocr_carea' id='block_1_15' title="bbox 539 4291 1992 4482">
    <p class='ocr_par' dir='ltr' id='par_1_15' title="bbox 539 4291 1992 4482">
     <span class='ocr_line' id='line_1_36' title="bbox 539 4291 1992 4470; baseline 0 -101"><span class='ocrx_word' id='word_1_336' title='bbox 539 4303 689 4470; x_wconf 79' lang='lat' dir='ltr'>primuni</span> <span class='ocrx_word' id='word_1_337' title='bbox 716 4299 902 4394; x_wconf 82' lang='lat' dir='ltr'>petiissent,</span> <span class='ocrx_word' id='word_1_338' title='bbox 928 4311 1018 4397; x_wconf 90' lang='lat' dir='ltr'>qnod</span> <span class='ocrx_word' id='word_1_339' title='bbox 1036 4305 1105 4401; x_wconf 79' lang='lat' dir='ltr'>jani</span> <span class='ocrx_word' id='word_1_340' title='bbox 1127 4330 1222 4380; x_wconf 84' lang='lat' dir='ltr'>antea</span> <span class='ocrx_word' id='word_1_341' title='bbox 1246 4327 1434 4404; x_wconf 68' lang='lat' dir='ltr'>tenuerunt.</span> <span class='ocrx_word' id='word_1_342' title='bbox 1484 4308 1569 4394; x_wconf 79' lang='lat' dir='ltr'>Haec</span> <span class='ocrx_word' id='word_1_343' title='bbox 1592 4304 1634 4378; x_wconf 85' lang='lat' dir='ltr'>dc</span> <span class='ocrx_word' id='word_1_344' title='bbox 1659 4304 1842 4375; x_wconf 80' lang='lat' dir='ltr'>Advocatis</span> <span class='ocrx_word' id='word_1_345' title='bbox 1862 4291 1992 4430; x_wconf 55' lang='lat' dir='ltr'>{oretis-</span> 
     </span>
     <span class='ocr_line' id='line_1_37' title="bbox 565 4399 1026 4482; baseline 0.017 -11"><span class='ocrx_word' id='word_1_346' title='bbox 565 4422 621 4482; x_wconf 85' lang='lat' dir='ltr'>us,</span> <span class='ocrx_word' id='word_1_347' title='bbox 644 4423 730 4470; x_wconf 90' lang='lat' dir='ltr'>nunc</span> <span class='ocrx_word' id='word_1_348' title='bbox 745 4399 786 4472; x_wconf 86' lang='lat' dir='ltr'>de</span> <span class='ocrx_word' id='word_1_349' title='bbox 808 4405 1026 4479; x_wconf 84' lang='lat' dir='ltr'>Oeconomis.</span> 
     </span>
    </p>
   </div>
   <div class='ocr_carea' id='block_1_16' title="bbox 0 0 2558 5588">
    <p class='ocr_par' dir='ltr' id='par_1_16' title="bbox 0 0 2558 5588">
     <span class='ocr_line' id='line_1_38' title="bbox 0 0 2558 5588; baseline 0 0"><span class='ocrx_word' id='word_1_350' title='bbox 0 0 2558 5588; x_wconf 95' lang='lat' dir='ltr'> </span> 
     </span>
    </p>
   </div>
  </div>
 </body>
</html>
