5017 5592
1600 423 1834 458 n--········
1867 419 1900 430 ..

530 649 607 728 nn
629 645 790 726 cnon.
813 647 859 728 n.
877 649 948 727 no:
967 650 1066 745 nis,
1088 648 1232 752 ann
1252 652 1467 730 ninnnn
1488 639 1764 736 onnnnnno
1784 661 1850 741 sse.
1877 645 1948 772 543
2047 671 2050 678 ·
2143 619 2147 628 '

479 856 533 906 ate
541 833 630 926 styli,
648 831 824 926 digesitnis
838 833 963 913 ordine,
979 817 1236 927 interpretationis
1249 833 1421 921 soliditate:
1449 842 1560 910 Sextus
1568 865 1644 910 nunc
1657 867 1688 912 rs
1701 844 1738 911 ab
1751 868 1828 914 anno
1842 862 1945 923 1748.

480 958 587 1014 orum,
612 937 662 1024 qui
678 934 751 1024 sues
770 934 980 1022 inaugurales,
1008 937 1142 1026 proprio,
1168 954 1204 1003 ut
1225 937 1332 1023 esunt,
1364 954 1463 1005 marte
1485 938 1679 1030 conscriptes,
1713 943 1856 1025 revisoni
1878 967 1946 1019 mee

479 1030 681 1119 isbmiseruntt
705 1035 736 1099 in
754 1032 928 1099 dedudltone
942 1049 996 1098 tua
1006 1055 1102 1119 pauca
1116 1034 1209 1114 solum
1227 1038 1334 1102 cnveni
1355 1038 1520 1115 mutanda,
1547 1037 1725 1124 resecanda,
1755 1059 1946 1134 transporten-

479 1133 526 1209 la,
551 1132 712 1198 auretium
734 1132 844 1198 elutius
859 1131 1067 1221 exprimenda,
1098 1154 1159 1220 qua
1183 1135 1213 1198 in
1241 1131 1358 1218 adselia
1387 1137 1497 1224 pagina
1515 1139 1685 1228 conspicies,
1727 1161 1839 1207 mecum
1858 1161 1945 1231 porro
2081 1173 2098 1200 ν

480 1232 645 1305 elaturus,
671 1226 787 1320 siquid
801 1246 955 1320 perperam
970 1227 1118 1318 confixisse
1136 1249 1191 1296 aut
1207 1226 1346 1317 montisc
1367 1231 1423 1298 tibi
1439 1232 1586 1312 videbor,
1609 1256 1691 1314 sum,
1716 1242 1766 1326 qui
1789 1245 1944 1332 componis,

479 1331 585 1396 curius
598 1348 678 1403 rem,
703 1349 764 1416 que
778 1323 839 1414 esi,
863 1322 1003 1417 inspicere
1017 1345 1110 1414 atque
1121 1326 1300 1418 profundius
1315 1329 1363 1394 ido
1376 1325 1491 1412 soleat,
1514 1334 1565 1420 qui
1584 1334 1685 1400 eliens
1699 1332 1855 1425 composta
1875 1355 1946 1408 ten·

479 1448 531 1495 um
547 1422 731 1517 perlustrat5
753 1427 826 1493 talis
839 1443 954 1514 quaque
968 1446 1020 1516 ego
1036 1421 1099 1507 sum
1114 1446 1179 1493 cum
1204 1429 1236 1496 S.
1254 1426 1425 1516 Augustino
1448 1431 1503 1495 rel.
1524 1431 1556 1496 in
1577 1450 1647 1499 cun.
1676 1451 1731 1504 νο.
1753 1428 1828 1512 dist.
1853 1458 1887 1519 9.
1912 1440 1944 1507 in

479 1519 581 1616 'criptis
597 1525 752 1602 aliorum,¹
767 1524 870 1611 qucles
883 1524 954 1589 volo
969 1519 1024 1611 ese
1039 1523 1235 1591 intellellores
1250 1545 1405 1593 meorum:
1427 1544 1567 1617 expertus
1577 1539 1644 1613 suen
1659 1551 1710 1608 et,
1730 1553 1786 1620 quo
1806 1552 1837 1600 te
1857 1533 1944 1626 insti·

479 1623 510 1702 cci
527 1623 674 1701 triennio,
693 1623 816 1688 docilem
831 1619 884 1712 pti
897 1616 952 1708 esse
965 1622 1113 1696 animum,
1133 1638 1228 1710 atque
1247 1620 1284 1688 ab
1300 1643 1401 1691 amore
1412 1626 1522 1715 proprii
1537 1622 1640 1710 sensus
1656 1645 1719 1694 tam
1732 1632 1881 1712 alienum,
1906 1654 1962 1704 ut.

479 1727 567 1806 enstr
582 1721 729 1806 imperant
745 1720 779 1792 ὅ
794 1719 928 1786 alludens
943 1718 1040 1786 dicere
1059 1717 1113 1785 tibi
1127 1741 1191 1787 cum
1205 1723 1255 1809 spe
1269 1722 1359 1786 moris
1379 1724 1501 1808 gerendt
1512 1723 1594 1812 poffit
1608 1725 1681 1791 ilud
1693 1730 1767 1794 Gen.
1790 1752 1846 1801 ee.
1860 1754 1896 1798 v.
1910 1757 1942 1808 ν.
2145 1811 2155 1828 ¹

479 1811 689 1886 l’ollefiiiunt
705 1837 801 1884 tuum
818 1813 1044 1904 unigenitum,
1068 1837 1170 1909 quem
1185 1814 1314 1905 diligis,
1339 1812 1445 1889 Issos:
1471 1822 1553 1887 illurn
1575 1823 1705 1914 intelligo
1718 1845 1859 1914 prrsum,
1884 1853 1943 1919 qno

479 1937 593 1984 tventt
610 1938 691 1982 mens
706 1913 804 1997 nossa
817 1915 988 2005 parturiens
1002 1914 1194 2005 snguleriter
1211 1915 1394 1995 delec'latur,
1416 1936 1481 1984 cum
1499 1936 1599 1986 temen
1621 1922 1673 1987 hoc
1695 1921 1753 2013 ip'so
1773 1927 1863 1993 ritulo
1887 1949 1942 1996 no·

479 2021 506 2080 is
526 2014 645 2081 deberet
660 2009 715 2102 ese
729 2013 886 2104 preprimis
905 2008 1069 2104 suspeliust
1092 2034 1161 2080 num
1182 2012 1216 2085 ὅ
1239 2012 1372 2102 elegans
1389 2014 1540 2104 interdum
1560 2015 1602 2101 esi
1618 2013 1803 2102 dillindlio,
1829 2027 1946 2110 scilicet

479 2115 562 2179 rima
572 2109 672 2200 socie,
693 2112 949 2188 &nibilominum
973 2115 1022 2176 eit
1038 2111 1240 2204 Pomponius
1257 2117 1289 2176 irc
1310 2112 1334 2180 l.
1357 2127 1413 2188 ts.
1430 2109 1471 2198 ss.
1497 2116 1533 2180 de
1547 2116 1640 2204 leget.
1665 2139 1714 2202 3.:
1748 2141 1814 2188 non
1838 2142 1941 2214 puto,

479 2202 602 2277 orsiser
618 2202 706 2300 polle
722 2200 870 2278 defends
920 2206 1102 2296 Adolescens
1118 2207 1205 2274 eebor
1218 2229 1278 2275 una
1290 2206 1389 2292 eslote
1401 2232 1439 2276 ex
1458 2213 1554 2302 capite
1569 2231 1731 2303 truncoque
1750 2218 1802 2298 sno
1822 2239 1944 2310 protru-

479 2309 512 2374 'it
525 2309 667 2398 virgulta
678 2310 809 2398 plurium
824 2308 980 2384 ulnarum,
1002 2321 1116 2397 oportet
1133 2306 1252 2395 qsstten
1265 2305 1338 2389 lost,
1355 2305 1409 2393 sed
1419 2355 1433 2396 ,
1453 2327 1489 2376 tt!
1505 2307 1566 2398 fit,
1596 2314 1674 2400 quvd
1691 2331 1830 2394 maneat,
1852 2321 1948 2408 quvd·

482 2426 523 2472 ue
540 2423 731 2496 amputetur:
754 2406 936 2492 lacrymatur
948 2407 1044 2483 vitis,
1067 2404 1137 2472 dum
1149 2419 1296 2494 putatur,
1317 2407 1388 2494 quic
1404 2407 1520 2474 lucrum
1531 2411 1698 2496 putationis
1711 2413 1844 2502 ignores.
1883 2419 1945 2488 Sed

479 2502 538 2570 uid
549 2509 729 2594 preoccnpo?
751 2500 828 2585 scio,
853 2523 882 2570 re
896 2497 1046 2592 quisine
1066 2504 1218 2580 lutosum,
1237 2501 1347 2590 sesque
1359 2500 1430 2589 sore
1448 2507 1583 2574 divitem
1603 2511 1719 2598 periret
1738 2533 1773 2578 ac
1789 2512 1944 2600 honestum

482 2604 530 2680 is,
553 2623 613 2690 que
631 2603 756 2690 reisquir
776 2604 876 2693 polum
891 2607 992 2690 quippe
1002 2599 1107 2687 satrtt
1121 2622 1156 2669 et
1170 2601 1293 2681 ludens,
1314 2621 1360 2666 ene
1372 2599 1447 2686 sve
1460 2623 1500 2669 ex
1510 2604 1724 2692 enusquisssve
1745 2630 1785 2674 ex
1799 2616 1943 2681 recentio-

479 2698 546 2767 ibus
560 2697 666 2784 nosris
685 2698 895 2787 neperennbos
910 2721 969 2766 non
983 2695 1130 2787 invenisse
1150 2719 1346 2787 quemquam,
1366 2701 1412 2765 cui
1422 2694 1532 2788 s‘uppar
1546 2699 1617 2790 eset
1637 2720 1691 2771 tua
1713 2705 1769 2774 lrec
1791 2712 1941 2799 repetitis,

479 2801 575 2884 §qno
589 2801 750 2888 interprete
765 2820 822 2863 non
845 2793 1033 2888 presserunt,
1075 2819 1136 2886 que
1158 2814 1193 2863 su
1215 2797 1262 2864 iric
1282 2792 1438 2886 presiitt'sli
1450 2800 1582 2888 primus:
1615 2799 1689 2869 dum
1707 2801 1771 2893 post
1787 2822 1942 2878 tentantem

479 2916 623 2987 ‘peruetus
641 2896 846 2962 Decrerrltum
869 2897 1009 2983 Gregorii
1024 2895 1085 2962 tlt.
1104 2896 1246 2972 codicem,
1269 2889 1402 2986 conspexi
1420 2895 1472 2962 bec
1487 2899 1561 2986 cop.
1580 2920 1635 2976 a.,
1659 2900 1828 2970 venerabili
1842 2903 1940 2989 nosco
2009 2987 2013 2994 1

479 2995 612 3083 twegen,
635 3012 670 3061 us
684 2991 761 3082 istud
780 2996 880 3083 potius
893 2992 1067 3082 affigneret,
1096 2989 1245 3076 sonsscltot
1259 2991 1325 3078 sui3
1360 3011 1426 3061 turn
1449 2995 1521 3082 quia
1542 2997 1617 3062 illud
1637 3018 1743 3076 nemo,
1773 3001 1864 3069 donec
1887 3026 1942 3094 ego

479 3095 510 3158 ic
527 3095 573 3163 Ss.
590 3098 723 3159 Oenones
735 3089 895 3181 prosireor,
915 3093 1011 3158 adlruc
1029 3089 1154 3176 sortitus
1169 3089 1297 3178 suerat,
1318 3109 1353 3159 ut
1374 3088 1445 3180 esser
1465 3107 1570 3160 tentus
1586 3093 1736 3184 bucusque
1757 3098 1874 3167 insane
1889 3125 1942 3171 ne·

481 3192 508 3258 is
521 3191 629 3279 virgo,
651 3209 714 3257 rum
730 3188 808 3279 quod
826 3189 956 3256 nondum
976 3186 1089 3276 abrisen
1107 3191 1236 3257 muitum
1255 3192 1413 3281 temporis,
1443 3212 1482 3258 erc
1501 3213 1557 3280 quo
1578 3193 1706 3259 eundern
1728 3197 1847 3264 cuidem
1868 3201 1944 3270 vire

479 3290 566 3365 'edim
588 3285 673 3377 super
689 3291 756 3368 casu
774 3288 983 3364 alienationis,
1005 3303 1078 3351 ante
1091 3287 1190 3372 plures
1203 3307 1296 3352 annos
1308 3306 1362 3377 per
1375 3286 1530 3367 abbatem,
1551 3285 1663 3374 sciente
1678 3310 1847 3361 crescente
1863 3303 1941 3365 Cott-
2055 3367 2058 3372 ,

479 3402 564 3452 centu
579 3432 587 3462 ,
604 3384 710 3473 salle,
736 3407 781 3452 me
797 3381 958 3462 consulenti
972 3378 1193 3471 proposueram,
1213 3382 1460 3471 quenquamsem
1481 3405 1552 3451 sunt
1572 3405 1676 3470 parurn
1694 3385 1793 3474 fidens
1808 3388 1943 3476 summe·

480 3485 527 3562 it,
547 3485 625 3572 quod
634 3526 646 3568 ‚
669 3488 783 3550 nemine
797 3482 849 3549 tili
863 3479 1059 3571 suggerente,
1078 3482 1108 3547 in
1127 3483 1274 3546 Examina
1289 3475 1415 3569 rigoroso
1429 3481 1824 3573 optimtsudiriodesetuistr',
1841 3505 1943 3558 tuum.

479 3604 521 3649 ‘tte
539 3579 736 3666 subsistentiis
760 3584 888 3648 miratus
902 3578 985 3666 sum,
1012 3583 1082 3668 quic
1097 3579 1180 3647 ltoca
1196 3596 1228 3645 te
1241 3577 1393 3662 confilium
1408 3582 1466 3642 non
1479 3575 1733 3664 exspeiieverem,
1749 3587 1942 3671 eumseleant

481 3688 636 3769 letumque
651 3677 848 3764 adolescentes
871 3675 981 3759 nosiri,
1007 3694 1125 3745 textum
1143 3675 1343 3762 resolventes,
1358 3673 1556 3761 stemmcrium
1575 3671 1607 3742 in
1625 3681 1753 3769 corpote
1773 3679 1851 3764 suris
1868 3686 1943 3754 vul.

479 3797 569 3844 ustum
586 3782 727 3846 retinete:
778 3778 868 3870 Qud
885 3776 939 3844 tibi
956 3796 1026 3844 suros
1045 3771 1182 3864 anguslia
1195 3775 1336 3862 temporis
1355 3775 1469 3863 plenius
1482 3770 1705 3870 creberrumos
1725 3777 1870 3870 concesse,
1887 3781 1942 3852 loto
2010 3807 2014 3816 ·

479 3875 617 3965 'supplevit
635 3875 816 3967 posmodum
830 3871 954 3961 solertia
974 3897 1047 3952 erra,
1066 3870 1205 3954 consultis
1221 3889 1286 3938 tum
1301 3875 1518 3962 interpretum,
1541 3891 1605 3938 turn
1617 3870 1818 3954 loisieritttum
1837 3878 1944 3951 libris:

479 3976 611 4042 *clienter
625 3998 671 4042 res
687 3975 758 4052 trit,
777 3977 855 4062 quod
873 3978 1032 4064 gratulor,
1052 3970 1198 4061 succcffit,
1214 3992 1272 4037 non
1290 3969 1445 4049 dubitans,
1471 3973 1541 4059 quin
1561 3972 1616 4037 alii
1636 3972 1719 4066 sGti
1737 3995 1804 4042 mee
1820 3970 1941 4063 senten.

480 4075 512 4142 ie
527 4070 587 4154 snt
601 4071 756 4162 accessuri,
780 4075 899 4150 lraiitn,
918 4072 997 4159 quod
1013 4066 1149 4152 discretio
1165 4070 1322 4136 virtutum
1341 4086 1438 4137 mater
1451 4066 1597 4160 poslulas,
1619 4068 1850 4157 consideratione
1867 4093 1940 4145 eta·

480 4173 505 4239 is
524 4188 597 4249 tue,
617 4193 681 4237 curn
698 4173 828 4239 nondum
844 4194 935 4237 annos
953 4194 1009 4236 er.
1025 4169 1210 4252 expleveris,
1227 4167 1262 4238 id
1276 4167 1464 4234 nibilominus
1481 4171 1576 4232 minor
1594 4167 1719 4256 majores
1727 4166 1941 4261 superaverist

479 4271 608 4337 simitum
624 4266 692 4359 sepe
710 4277 792 4336 Deus
810 4270 931 4338 reveles
946 4267 1102 4356 parvulis,
1128 4268 1206 4354 ‹pund
1222 4262 1375 4345 abscondit
1390 4287 1410 4330 a
1427 4259 1617 4354 sepientibus.
1667 4269 1709 4332 lit
1721 4268 1778 4334 vel
1796 4270 1860 4339 ider
1876 4293 1941 4342 ate

479 4369 580 4444 selim,
606 4386 697 4455 etque
713 4390 764 4457 pro
781 4365 931 4455 (suprema,
954 4387 1044 4454 quam
1064 4363 1117 4429 tili
1139 4365 1294 4430 Promotus
1312 4359 1435 4442 scribere
1454 4359 1570 4442 audeo,
1601 4362 1664 4452 lege
1684 4363 1823 4457 injungo,
1863 4373 1946 4459 quod
2074 4406 2080 4421 ,

480 4462 613 4554 subesset
628 4467 722 4556 pudor
738 4468 889 4558 proprias,
922 4483 955 4532 ur
974 4464 1142 4552 repetitioni
1164 4460 1230 4526 buis
1250 4457 1409 4548 subjungas
1430 4456 1505 4525 duas
1527 4454 1793 4541 consummatorum
1814 4472 1942 4536 cunoni.

479 4561 577 4631 lorum
594 4568 797 4652 repressiones,
826 4563 1046 4650 uniusquidem
1064 4549 1351 4647 corripui,''eirerius
1366 4576 1443 4626 vett
1459 4556 1650 4640 recensionis,
1673 4561 1819 4632 videlicet
1837 4568 1944 4634 Anto·

479 4660 511 4734 tii
533 4658 575 4734 de
589 4662 725 4745 Burrio,
754 4667 786 4741 ic?
806 4659 897 4732 Pnuli
913 4656 1116 4752 Lnymnnni,
1141 4657 1317 4748 Bipontini,
1342 4674 1423 4736 nen,
1446 4671 1483 4724 ttt
1500 4677 1602 4730 terunt
1614 4658 1681 4748 scri
1697 4677 1728 4731 te
1741 4661 1857 4750 septen
1877 4683 1943 4728 cer·

1708 4765 1722 4784 ·
1849 4757 1943 4830 relic·
2036 4811 2043 4820 .
