5017 5592
571 665 612 782 ,
633 599 704 762 ‚aa
875 613 1241 769 “sotasrnrarto
1266 585 1574 742 uuromco-
1588 653 1826 760 Junrotca
1858 761 1861 768 Ι

595 837 598 843 ’
633 850 810 929 euritatem
826 868 867 920 eo
882 836 1160 940 'confugientibus
1183 835 1389 940 spondebat,
1415 837 1494 915 fano
1514 844 1614 915 etiam
1635 829 1875 923 extrudimur
1898 837 2115 934 Religionem

460 955 474 978 ³
567 955 571 960 ’
608 963 834 1052 -p'raeteaerer
852 946 1006 1037 negotio,
1031 966 1100 1037 quo
1116 944 1273 1013 Romanae
1289 940 1395 1012 Urbis
1411 944 1498 1012 vires
1514 965 1667 1033 augeret,
1690 939 1910 1011 finitimorum
1926 963 2039 1009 autem
2055 963 2120 1035 op·

665 1050 798 1119 idorum
816 1041 920 1135 robur
945 1044 1159 1112 imminueret
1170 1041 1218 1131 y).
1282 1043 1361 1111 Hoc
1383 1039 1539 1135 Asylum,
1561 1043 1680 1135 primis
1702 1037 1909 1133 temporibus
1932 1063 1996 1131 pro
2021 1062 2120 1109 attra-

637 1075 759 1220 iendis
777 1168 869 1212 novae
884 1138 989 1210 Urbis
1010 1138 1127 1210 incolit
1141 1160 1317 1235 apertum,
1339 1139 1474 1235 patebat
1486 1135 1683 1233 posseaipfia
1699 1138 1834 1217 incolis,
1857 1135 1890 1208 dt
1906 1133 2121 1209 securitatem

637 1267 757 1318 contra
780 1240 920 1311 alienam
936 1240 1004 1309 vim
1020 1234 1208 1333 prebebat,
1227 1231 1385 1313 suadente
1399 1236 1435 1310 id
1450 1235 1517 1309 loci
1537 1234 1722 1330 religione,
1746 1235 1779 1309 dr
1799 1239 1989 1311 reverentie
2004 1234 2121 1334 inpri-

642 1364 738 1438 mum
763 1335 985 1413 Conditorem
999 1340 1055 1431 z).

1286 1488 1323 1577 a
1369 1482 1494 1561 vui.

460 1654 515 1726 'Ad
528 1648 631 1725 Tem-¹
769 1633 886 1707 Paucis
898 1631 971 1702 aliia
985 1630 1070 1703 loric
1080 1653 1157 1701 eam
1183 1630 1429 1702 immunitatem
1447 1630 1671 1705 concedebant
1686 1655 1815 1706 vereret
1830 1636 1985 1708 Romani.
2035 1638 2124 1709 Dia·

427 1771 433 1780 ·
463 1740 552 1823 plum
563 1730 637 1798 Dia·
649 1761 699 1809 nae
713 1732 901 1831 Templum
917 1733 950 1800 in
966 1735 1134 1802 Auentino
1154 1734 1276 1802 Monte
1294 1754 1372 1800 cum
1386 1730 1463 1826 jure
1482 1729 1574 1826 Asyli
1595 1757 1614 1801 a
1633 1736 1749 1806 Servio
1772 1736 1891 1805 Tullio
1916 1736 2009 1826 Rege
2023 1732 2127 1808 aedifi·

395 1873 397 1878 ·
463 1836 537 1887 Ψ
650 1827 1725 1925 earumnatratDtoararueHatrcnnrnssousa).
1772 1827 2126 1904 suaserat'euimRer

505 1921 511 1934 ’
650 1931 710 2006 isle
729 1933 922 2002 Latinarum
940 1924 1088 1996 Urbium
1104 1923 1335 2008 Primoribua,
1351 1949 1389 1997 ut
1400 1927 1586 2020 Templum
1601 1951 1677 1998 cum
1691 1927 1874 2000 inviolabili
1890 1926 2026 2021 refugio
2038 1955 2129 2006 com·

653 2030 811 2104 munibus
837 2022 992 2119 impensis
1017 2026 1129 2094 Romae
1149 2019 1396 2108 construerent,
1416 2050 1486 2121 quo
1509 2031 1669 2096 Civitates
1691 2031 1867 2130 quotannis
1892 2033 2128 2104 convenienter

655 2130 815 2226 privatim
838 2119 980 2193 fimus&
1003 2120 1137 2216 publice
1157 2124 1256 2191 Sacra
1278 2115 1449 2204 facerent,
1475 2118 1655 2218 fotumque
1681 2149 1794 2194 rerum
1813 2126 1979 2196 venalium
2002 2150 2131 2197 exerce·

564 2222 569 2232 ’
656 2249 732 2299 rent
748 2219 920 2313 defignatis
941 2220 1168 2314 temporibus:
1194 2215 1344 2314 &siqua
1364 2215 1491 2290 offensa
1503 2223 1638 2317 populu
1655 2223 1833 2302 incideret,
1858 2226 1946 2292 inter
1968 2215 2027 2294 isla
2042 2227 2134 2295 Deo·

655 2348 733 2397 rum
749 2325 845 2393 Sarra
862 2318 1119 2388 conciliarentur
1130 2341 1177 2387 ex
1191 2317 1337 2388 aliorum
1352 2319 1560 2415 populorum
1575 2318 1724 2390 arbitrio.
1776 2318 2006 2391 ttnnuentibua
2023 2324 2133 2404 omoi-¹

481 2440 484 2452 ·
623 2423 625 2428 ’
654 2418 737 2508 but,
757 2416 887 2494 dilium
897 2419 1014 2489 Diaoe
1026 2413 1214 2515 Templum
1227 2411 1429 2491 edificatum
1441 2412 1525 2503 fait,
1541 2418 1670 2492 collatu
1684 2416 1873 2519 oppidatim
1890 2421 2061 2518 pecuniis.
2108 2427 2113 2434 ’

1330 2641 1365 2747 t.
1414 2646 1483 2725 tx.

480 2834 534 2901 Ad
551 2823 623 2897 sta·
723 2870 731 2888 .
774 2825 905 2892 Verum
920 2812 980 2888 sub
996 2810 1264 2912 Imperatoribue
1280 2811 1503 2912 potissimum,
1522 2841 1589 2891 non
1602 2815 1787 2910 Religionis
1801 2812 1965 2901 lludium,
1985 2813 2041 2892 sed
2055 2817 2136 2895 ado-

399 2968 402 2974 -
481 2925 554 2981 tm
572 2914 648 2990 1111·Ι
662 2918 746 2994 latio
766 2913 978 3028 frequentem
998 2911 1090 3009 Asyli
1111 2911 1206 2985 usum
1221 2915 1338 2985 Romae
1353 2915 1495 2991 induxit.
1544 2920 1682 2987 initium
1705 2919 1735 2988 el
1756 2920 1843 2986 mori
1860 2911 1925 2988 fuit
1946 2941 1964 2987 a
1983 2917 2138 3014 Templo

391 3049 397 3120 f
482 3006 613 3084 imm·
666 3018 749 3119 Julii
764 3018 920 3095 cetaria,
944 3012 1035 3105 quod
1058 3013 1249 3083 Triumuiri
1261 3013 1459 3097 extruxere,
1485 3015 1549 3109 hoc
1568 3014 1664 3110 jure,
1682 3036 1719 3085 ut
1740 3010 1934 3110 perfugium
1950 3018 1984 3084 in
2002 3040 2045 3087 eo
2059 3043 2140 3087 cun·

483 3099 566 3152 Μ’
668 3116 732 3191 [lia
749 3110 845 3197 esset,
866 3136 926 3182 nee
943 3110 1036 3203 ejici,
1056 3108 1207 3204 abripite
1223 3108 1369 3206 pollent,
1388 3116 1447 3209 qui
1473 3115 1682 3209 impunitatis
1704 3110 1797 3183 causa
1815 3114 1849 3182 in
1872 3111 1955 3182 illud
1974 3110 2140 3208 confugis·

667 3212 738 3290 sent
759 3218 806 3301 b).
856 3215 939 3280 Non
954 3207 1106 3304 Templo
1124 3213 1273 3291 tantum,
1295 3208 1349 3280 sed
1368 3214 1507 3304 Imagini
1523 3216 1623 3284 etiam
1641 3210 1807 3283 &Statue
1822 3211 1902 3307 Julii
1921 3211 2076 3292 Caesaris,
2094 3234 2140 3283 at·

561 3341 563 3348 ¹
669 3338 738 3413 que
753 3307 896 3404 Augusti
914 3307 949 3377 id
969 3309 1165 3387 reverentie
1185 3304 1345 3392 dabatur,
1364 3333 1402 3382 ut
1424 3312 1574 3407 ejusdem
1595 3309 1806 3407 complexus,
1823 3308 1877 3380 vel
1896 3307 2053 3381 obtentus
2072 3315 2140 3381 vim

2004 3432 2140 3480 omnem

705 3586 741 3668 g)
762 3577 932 3645 L1vrus
952 3571 1019 3638 Lib.
1035 3570 1062 3638 s.
1077 3588 1100 3635 c.
1117 3580 1146 3645 8.
1163 3578 1285 3646 narrat,
1306 3593 1349 3635 ex
1364 3570 1507 3636 finitimis
1523 3573 1651 3657 populis
1666 3575 1788 3637 turbam
1810 3593 1938 3637 omoem
1958 3573 2024 3640 fine
2038 3577 2144 3642 discri-

779 3664 882 3731 mine,
908 3660 983 3722 libet
997 3677 1035 3720 an
1055 3654 1164 3719 servus
1186 3652 1280 3724 esset,
1304 3657 1428 3719 avidam
1445 3676 1602 3718 novarum
1621 3676 1721 3719 rerum
1744 3655 1921 3738 perfugisse.
1965 3657 2027 3722 Sed
2047 3660 2144 3723 Dao-

780 3763 836 3810 κγ
848 3764 863 3805 a
875 3762 951 3805 1us
972 3735 1173 3821 Haucaniaffi
1188 3741 1300 3822 Antip.
1318 3738 1406 3803 Rom.
1423 3741 1473 3804 lib.
1495 3740 1541 3815 Is,
1556 3740 1617 3808 ait,
1639 3742 1759 3803 multos
1779 3761 1820 3801 ex
1838 3740 1953 3803 vicinis
1971 3740 2075 3806 ltaliae
2090 3741 2147 3807 Ur·

781 3828 894 3893 bibus,
917 3822 1094 3903 tyrannide·
1107 3820 1159 3883 uel
1178 3841 1350 3903 paucorum
1376 3825 1520 3905 potentia
1543 3819 1684 3904 pressos,
1706 3821 1858 3884 attrattoe
1875 3820 1935 3884 esse
1954 3843 1971 3884 a
1994 3823 2146 3902 Romulo,

783 3907 872 3971 modo
884 3898 1118 4047 epstntrngettut'.
1162 3901 1258 3975 Juxta
1278 3903 1423 3968 tanen
1435 3925 1544 3968 taetro
1557 3926 1581 3965 na
1600 3905 1633 3963 t'tt
1654 3906 1797 3973 Romulo,
1821 3924 1930 3966 omnes
1944 3909 2149 3988 recipiebant,

784 4009 886 4070 neque
911 4004 1022 4049 ervum
1042 3982 1197 4053 dominis.
1221 4004 1279 4045 nee
1292 3988 1500 4058 creditoribus
1515 4004 1653 4055 nexum,
1679 4005 1737 4046 nec
1750 3985 1980 4067 lllagistratibos
1992 3991 2149 4053 dedebant

785 4071 996 4150 homicidam:
1019 4084 1128 4126 vetum
1149 4066 1339 4129 inviolatum
1357 4070 1463 4132 locum
1482 4090 1523 4131 ex
1538 4067 1676 4130 Orarulo
1693 4068 1852 4148 Apollinis
1866 4067 2010 4151 praestate
2031 4072 2061 4135 se
2076 4072 2149 4137 asie·

786 4156 912 4217 rebant:
934 4150 993 4213 hac
1010 4160 1115 4212 autem
1132 4149 1257 4212 ratione
1274 4150 1356 4213 Urbs
1374 4154 1463 4216 brevi
1479 4150 1523 4213 est
1537 4149 1744 4231 frequentata.

714 4288 755 4372 z)
774 4285 858 4349 Dro
882 4284 907 4346 C
916 4306 1077 4350 aestus
1101 4283 1187 4348 Rom.
1212 4286 1288 4368 Hifl.
1314 4287 1364 4351 lt'b.
1391 4286 1534 4350 XLVII.
1557 4287 1652 4358 dicit,
1671 4282 1799 4347 Romuli
1821 4284 1967 4364 Asylum,
1988 4288 2149 4371 postquam

787 4368 814 4430 is
833 4368 1065 4431 multitudinem
1085 4370 1227 4430 virorum
1244 4370 1314 4448 ejus
1334 4373 1463 4433 nomine
1483 4370 1633 4450 collegit,
1662 4367 1774 4430 deinde
1792 4369 1919 4430 titulum
1939 4380 2065 4434 tantum
2091 4372 2149 4434 locl

788 4448 905 4591 spnclpf
920 4450 1137 4589 tinvtiolatique
1151 4450 1305 4526 habuide,
1327 4472 1394 4517 oon
1414 4472 1500 4530 rem,
1522 4455 1567 4517 ito
1588 4449 1770 4533 obseptum,
1790 4461 1826 4514 ut
1847 4469 1943 4515 nemo
1964 4458 2101 4521 omnino
2121 4455 2149 4519 io

787 4551 798 4594 t
834 4549 874 4611 po
900 4550 917 4590 e
946 4549 975 4590 tn
993 4549 1070 4593 rare.
1553 4551 1556 4556 '

714 4662 751 4736 a)
772 4661 930 4745 Arripuit.
944 4659 1074 4728 Roman
1089 4661 1140 4730 lib.
1155 4662 1174 4727 I
1178 4661 1217 4730 V.

722 4779 759 4864 b)
778 4777 864 4847 Dro
881 4778 934 4848 lat.
948 4779 1000 4849 cit.
