5017 5592
549 637 621 718 us
641 579 904 716 uou'ouuiu
927 635 1628 722 ecclesiasticonotamuut
1645 639 1891 738 cotenes.
1915 579 2013 751 643·
2128 691 2131 708 .

1104 825 1136 914 a
1185 819 1381 896 xxxva

627 952 761 1028 Frustra
775 954 830 1028 hic
848 955 1033 1029 recurritur
1047 955 1086 1026 ad
1114 952 1421 1055 praesumptionem
1444 957 1625 1041 libertatis,
1647 983 1732 1056 quae
1744 985 1808 1057 pro
1823 960 1901 1044 illo,
1926 962 1987 1058 qui

508 1057 546 1126 in
563 1053 634 1149 ejus
657 1051 846 1150 posseffione
861 1052 921 1137 cll,
946 1055 1088 1151 militat,
1108 1052 1237 1150 ipsique
1259 1080 1442 1153 propterea
1471 1057 1659 1130 adversario
1681 1057 1873 1132 servitutem
1891 1085 1989 1156 prae·
2138 1105 2143 1114 ·

508 1154 660 1225 tendenti
680 1153 910 1245 probationem
928 1153 1091 1248 injungit:
1120 1152 1184 1224 Etfi
1201 1156 1290 1224 euim
1311 1157 1346 1226 id
1359 1159 1393 1226 in
1416 1153 1629 1244 servitutibus
1650 1158 1808 1252 privatis,
1833 1181 1918 1253 quae
1940 1151 1989 1229 fe·
2099 1169 2102 1176 '

509 1247 569 1324 fio
592 1248 852 1333 constituuntur,
874 1277 990 1322 vetum
1008 1248 1062 1333 fir,
1084 1276 1149 1322 non
1171 1273 1278 1322 tamen
1297 1275 1386 1324 tenet
1403 1257 1435 1323 in
1460 1253 1673 1327 servitutibus
1693 1251 1856 1350 publicis,
1877 1252 1911 1325 rd
1929 1251 1987 1339 est,

508 1353 548 1438 in
566 1345 769 1437 subjeslione
783 1349 891 1433 civili;
916 1374 992 1422 cum
1014 1352 1101 1419 etaim
1120 1372 1181 1442 pet
1205 1353 1336 1421 notoria
1353 1351 1434 1445 juria
1453 1351 1579 1445 publici
1603 1349 1797 1424 universalia
1820 1375 1920 1424 omne
1939 1351 1988 1436 id,

509 1447 681 1546 quidquid
695 1444 815 1518 finibus
841 1449 1002 1520 territorii
1027 1444 1328 1531 circumscribitur,
1353 1451 1416 1520 bne
1435 1448 1506 1548 ipso
1525 1450 1620 1543 jam,
1644 1450 1734 1544 quod
1755 1453 1790 1522 in
1814 1451 1990 1524 territorio

508 1543 644 1626 exiliat,
666 1545 820 1617 omnibus
841 1551 979 1617 omnino
1000 1548 1071 1641 ejus
1088 1544 1219 1639 juribus
1241 1570 1278 1617 ac
1304 1547 1433 1640 legibus
1456 1547 1576 1626 subsit,
1596 1549 1686 1619 nulla
1708 1550 1845 1619 omnino
1866 1548 1931 1628 hic,
1946 1571 1990 1620 ue

509 1643 663 1814 partialis
677 1645 813 1739 quidem
828 1644 962 1758 libertas
976 1668 1031 1714 aut
1049 1647 1240 1757 immunitas
1254 1668 1272 1714 a
1288 1642 1490 1742 subjcdione
1504 1644 1673 1745 praesumi
1688 1643 1815 1744 potest,
1837 1643 1892 1720 sed
1906 1670 1986 1744 pru·

539 1741 620 1814 anda
636 1739 683 1814 cll
697 1741 736 1813 ab
750 1767 807 1825 eo,
828 1767 886 1840 qur
903 1743 1041 1817 eandem
1057 1740 1115 1813 siba
1128 1738 1247 1815 asserat.

1099 1950 1129 2040 a
1178 1942 1399 2020 xxxvn.

532 2130 540 2152 .
631 2083 800 2180 Quoiam
820 2101 932 2154 autem
948 2080 1063 2177 plures
1084 2078 1244 2155 Ecclesiae
1266 2105 1327 2177 per
1350 2079 1571 2154 Geminiani
1590 2077 1757 2179 dispersae
1774 2080 1844 2179 jam
1862 2077 1991 2157 dudum

509 2200 694 2267 nnteenata
708 2204 755 2254 tot
771 2180 983 2277 particularia
1000 2184 1153 2252 Statuum
1169 2182 1337 2252 territoria
1353 2181 1510 2260 extitere,
1526 2179 1610 2251 aliae
1626 2205 1709 2252 tero
1724 2177 1837 2277 etpost
1853 2181 1991 2254 demum

512 2276 646 2354 etesiae
664 2278 737 2352 sunt
757 2304 856 2376 arque
872 2273 1045 2358 fundatae,
1066 2279 1132 2350 illis
1155 2278 1332 2370 Privilegia
1348 2275 1525 2359 Caesarea,
1547 2278 1598 2352 his
1617 2303 1698 2350 vero
1714 2276 1781 2351 sola
1804 2281 1993 2352 territoria·

511 2377 560 2450 lia
578 2376 726 2471 prosunt.
773 2383 859 2449 Cum
878 2380 967 2448 enim
992 2377 1081 2447 illius
1105 2375 1315 2448 solummodo
1338 2372 1393 2456 sit,
1420 2375 1460 2446 ab
1478 2400 1546 2446 uno
1566 2376 1714 2449 alterove
1733 2376 1809 2472 jure
1826 2377 1992 2450 territorii

512 2480 677 2557 eximere,
697 2475 791 2571 cujus
807 2473 852 2547 cll
868 2472 977 2570 ipsum
990 2478 1219 2556 territorium,
1235 2498 1345 2570 patet,
1362 2471 1537 2544 Caesarem
1552 2497 1627 2546 ante
1642 2499 1773 2547 enatam
1788 2476 2001 2548 hodiernam·
2028 2553 2052 2568 .,

514 2575 793 2670 superioritatem
817 2577 969 2644 Statuum
991 2572 1229 2645 territorialem
1243 2575 1379 2668 optimo
1396 2571 1472 2667 jure
1496 2572 1575 2643 dare
1590 2568 1740 2644 Ecclesia
1763 2577 1991 2644 immunitates

513 2669 679 2778 potuisse,
703 2671 837 2768 eoquod
852 2669 938 2741 solua
959 2671 1103 2743 rumille
1126 2696 1189 2766 per
1209 2667 1399 2742 universum
1421 2674 1631 2741 territorium
1653 2673 1855 2742 Germaniae
1873 2671 1991 2741 Domi·

514 2796 579 2842 nus
594 2767 716 2847 suerit,
737 2793 822 2865 quae
838 2769 982 2864 proinde
996 2769 1171 2860 Privilegia
1188 2764 1535 2842 hodieadhue'sansla
1547 2763 1611 2838 else
1624 2768 1747 2840 debent
1762 2790 1862 2864 atque
1882 2768 1992 2840 inrio-

513 2865 647 2950 labilia3
668 2870 853 2939 cumcuim
876 2866 1028 2938 hodierni
1049 2869 1187 2939 Domini
1210 2866 1429 2939 territoriales
1456 2865 1719 2961 imperatoribus
1740 2891 1805 2965 pro
1826 2863 1886 2937 suo
1900 2867 1992 2961 quit·

514 2991 583 3063 que
596 2967 768 3037 territorio
788 2962 1021 3048 successerunt,
1038 2969 1137 3037 etiam
1154 2960 1241 3036 fasta
1260 2988 1378 3038 eorum
1394 2961 1560 3058 praestare
1579 2986 1755 3054 tenentur,
1776 2964 1909 3060 eoquod
1925 2960 1997 3034 sue·
2069 3025 2073 3032 ,

516 3060 642 3146 celsor,
661 3067 707 3135 uti
719 3067 750 3134 in
764 3064 858 3158 jura,
878 3067 923 3134 ita
940 3062 1015 3134 &in
1030 3061 1248 3156 obligationes
1265 3059 1475 3135 antecessoris
1493 3062 1541 3134 sui
1561 3059 1723 3133 succedat.
1773 3067 1821 3134 Er
1836 3083 1995 3158 quoveru

515 3181 672 3258 tempore
690 3158 805 3253 singuli
821 3166 930 3233 Statua
951 3164 1091 3256 lmperii
1105 3165 1138 3230 in
1156 3159 1210 3232 sua
1232 3165 1376 3256 quiaque
1397 3163 1547 3252 Regionc
1568 3162 1846 3255 Superioritatem
1863 3162 1997 3232 territo·
2079 3191 2083 3196 ·
2134 3191 2138 3198 ¹

514 3261 635 3331 rialem
657 3259 821 3336 consecuti
837 3256 927 3338 sunt,
947 3258 1037 3328 nulla
1059 3257 1203 3352 amplius
1224 3257 1391 3328 e'usmodi
1415 3260 1593 3348 Privilegia
1607 3281 1671 3351 pro
1693 3262 1846 3328 Statuum
1864 3259 1997 3338 territos
2021 3261 2039 3274 ’

513 3360 579 3431 riis
594 3355 713 3433 Caesar
734 3351 842 3455 potest
858 3355 1044 3453 impertiri,
1066 3350 1121 3426 sed
1139 3376 1179 3429 ca
1194 3378 1214 3427 a
1227 3281 1297 3427 solo
1310 3354 1459 3426 Domino
1476 3355 1639 3424 territorii
1655 3350 1729 3425 sunt
1745 3353 1939 3427 obtinenda.

1100 3581 1135 3683 a
1185 3578 1432 3658 xxxvnn

634 3720 1068 3821 Quandoquidemcrgoex
1083 3742 1157 3790 ante
1179 3717 1278 3790 dislis
1303 3716 1424 3798 abeo,
1448 3713 1507 3812 qui
1528 3712 1713 3785 immunem
1737 3709 1803 3784 sese
1826 3706 1997 3782 atributis

516 3817 583 3894 elle
602 3823 805 3915 praetendit,
829 3824 860 3889 in
885 3820 1043 3914 petitorio
1059 3816 1174 3889 titulus
1192 3815 1239 3889 est
1259 3817 1426 3896 edendus,
1450 3813 1641 3910 quaeritur,
1662 3814 1745 3909 quid
1758 3812 1843 3907 jutia
1860 3807 1913 3890 fit,
1941 3805 1999 3877 ubi

516 3916 659 3991 Ecclesia
677 3921 786 4018 aliqua
802 3918 930 3988 nullum
948 3915 1103 4013 equidem
1120 3915 1337 4013 privilegium
1351 3910 1512 3988 exhibere
1526 3906 1558 3983 se
1573 3908 1665 4008 posse
1683 3915 1746 3994 air,
1765 3910 1901 3982 interim
1915 3927 1999 3988 aero

516 4021 554 4091 in
574 4016 834 4114 praescriptione
849 4014 882 4087 se
898 4015 1037 4085 lundat?
1944 4029 1954 4036 ·

642 4149 939 4246 Praescriptionem
955 4145 995 4216 ab
1012 4145 1083 4241 ejus
1099 4147 1206 4237 abietis
1219 4144 1322 4240 vulgo
1339 4140 1545 4239 distinquunt
1559 4142 1594 4214 in
1616 4145 1847 4222 Extiniiioam,
1865 4162 1932 4235 qua
1944 4134 1999 4232 jus

519 4250 658 4324 alterius
673 4254 894 4345 eatinquitur,
920 4245 1302 4339 &Adquifiriuamqua
1315 4244 1367 4340 jus
1383 4242 1552 4340 quoddam
1572 4238 1667 4310 nobis
1686 4239 1886 4332 adquiritur.
1941 4231 1997 4306 Ab
2131 4289 2135 4296 .

515 4350 593 4439 ejus
607 4352 708 4440 farma
724 4373 803 4420 vero
819 4372 890 4417 cam
914 4339 1119 4438 distinquunt
1135 4343 1168 4411 in
1188 4346 1404 4421 Ordinatiam,
1418 4336 1473 4409 scu
1490 4339 1580 4430 longi
1598 4339 1777 4433 temporis,
1801 4335 1891 4432 quod
1907 4328 1997 4404 elliu

520 4448 623 4520 rebus
644 4445 824 4519 mobilibus
846 4447 967 4523 trium,
990 4445 1023 4512 in
1048 4437 1277 4511 immobilibus
1305 4465 1360 4511 to.
1375 4437 1426 4508 vel
1445 4453 1505 4509 20.'
1522 4459 1703 4516 annorum,
1723 4433 1756 4506 dt
1775 4436 1998 4506 Extraorilinae·
2147 4489 2151 4496 .

520 4552 618 4627 riam,
638 4543 691 4617 seu
711 4539 884 4635 longiffimi
901 4543 1081 4637 temporis,
1104 4538 1194 4634 quod
1210 4533 1258 4609 cst
1276 4562 1334 4632 30·
1351 4532 1403 4606 vel
1423 4558 1483 4621 40.
1506 4558 1680 4606 annorum.
1732 4529 1911 4628 Speciebus
1936 4519 2001 4598 his·

520 4668 562 4721 cc
586 4644 712 4717 addunt
735 4644 957 4722 communiter
979 4643 1248 4734 Praescriptioncm
1267 4637 1534 4810 {praenarratam
1561 4655 1662 4732 quam
1679 4630 1783 4729 aliqui
1805 4623 2003 4723 confirmati·
2143 4689 2148 4712 ,

1326 4754 1360 4805 m
1384 4753 1419 4805 m
1433 4751 1469 4805 m
1493 4755 1513 4802 a
1923 4741 2002 4794 vem
