5017 5592
502 601 575 675 art
615 693 623 703 Ι
671 571 1018 668 uisatur-arto
1041 538 1177 683 Junis
1200 581 1395 660 roatici
1421 577 1803 660 ecclesiastici

504 777 585 846 Hoc
601 767 674 870 ipso
688 772 794 852 enim,
819 768 910 865 quod
927 769 1086 860 allegatus
1101 765 1242 839 Concilii
1261 757 1487 836 Lateranenlia
1502 767 1619 837 Canon
1634 759 1795 836 adversus
1811 755 1981 836 inferioret

435 921 437 926 -
505 893 634 944 tanturn
649 891 828 966 conceptus
847 865 902 951 stt,
928 869 968 938 ad
983 865 1141 961 ipsopmet
1155 868 1264 956 Reges
1279 887 1316 933 ac
1329 863 1500 958 Principes
1514 859 1646 960 speciali
1662 858 1808 957 prorsus
1823 864 1981 936 mentione

506 967 626 1061 dignos
649 991 726 1039 curn
752 968 881 1037 extendi
903 989 969 1036 non
994 963 1116 1035 debere
1142 961 1248 1059 probe
1270 959 1542 1046 concluditur.a)
1593 965 1643 1030 lta
1663 957 1844 1031 extensum
1864 953 1982 1032 fuisset

506 1059 767 1140 Bonrractu
787 1068 882 1134 Vlll.
905 1066 939 1132 in
959 1061 1201 1133 Conlliturione
1219 1058 1292 1131 sua:
1323 1063 1446 1129 clericis
1467 1065 1559 1130 laicos
1580 1069 1630 1130 De
1648 1065 1787 1132 immun.
1807 1062 1882 1128 Eccl
1911 1065 1979 1130 rra.

506 1188 576 1234 non
591 1160 741 1244 inficior3
768 1158 821 1232 sed
838 1185 1035 1257 erumpente
1058 1165 1088 1230 in
1108 1183 1238 1255 apertas
1253 1156 1403 1227 flammas
1419 1154 1527 1252 ipsum
1548 1161 1635 1229 inter
1657 1156 1690 1228 dt
1713 1161 1778 1228 Pa
1791 1175 1802 1226 t
1816 1174 1980 1228 taeenti

508 1261 691 1333 Pulchrum
713 1259 831 1332 Gallie
849 1263 975 1350 Regem
998 1255 1089 1328 fatali
1114 1253 1242 1327 dissidio
1265 1255 1404 1327 eandem
1425 1279 1491 1325 non
1514 1279 1642 1327 tantum
1664 1257 1860 1346 mitigavit,
1884 1250 1933 1326 sed
1948 1275 1981 1326 en

508 1361 611 1431 etiam
628 1358 825 1441 declaravit,
853 1358 1031 1427 voluntatis
1051 1355 1113 1426 lira·
1131 1356 1217 1426 houd
1235 1349 1346 1435 fuisse,
1370 1378 1429 1423 nec
1447 1351 1725 1425 Constitutionem
1744 1351 1843 1422 litam
1857 1351 1980 1424 eotttlti

506 1451 619 1554 polle,
645 1480 681 1527 ut
699 1456 816 1526 Clerus
832 1455 1023 1527 Gallicanus
1039 1455 1277 1549 prohiberetur
1292 1474 1424 1531 mutua,
1445 1451 1550 1534 dona,
1568 1476 1709 1523 munera
1724 1453 1815 1542 Regi
1832 1443 1979 1530 conferre,

514 1554 547 1625 dt
575 1557 690 1644 Regno
714 1552 895 1630 laboranti,
926 1553 1110 1622 dummodo
1129 1551 1245 1645 procul
1269 1548 1307 1620 stt
1334 1547 1512 1620 exablio&
1535 1556 1615 1630 Vis,
1651 1548 1836 1620 &clerus
1860 1545 1980 1644 ipsemet

504 1649 730 1740 consentiret,
754 1674 854 1743 atque
877 1647 1029 1741 insuper,
1056 1649 1111 1717 ubi
1139 1651 1272 1740 grquius
1295 1647 1328 1716 dt
1352 1650 1565 1744 repentinum
1593 1650 1772 1738 ingrueret
1802 1643 1981 1724 discrimen.

510 1746 669 1818 assensum
694 1748 786 1817 Sedis
812 1745 1010 1842 Apollolicae
1035 1747 1122 1816 haud
1143 1743 1398 1841 exspeslandum
1424 1741 1504 1825 else,
1536 1741 1591 1816 sed
1612 1741 1814 1815 neceffitatis
1834 1741 1982 1838 ejusmod

511 1844 675 1943 judicium
691 1867 854 1915 timoratae
871 1847 971 1936 Regis
989 1847 1021 1914 dt
1039 1839 1265 1920 Succellorum
1284 1842 1489 1916 conscientie
1505 1843 1648 1938 relinqui
1665 1843 1786 1913 voluit.
1802 1844 1836 1932 l)
1932 1939 1936 1944 ³

633 1983 747 2070 litque
762 1975 869 2046 multo
891 1975 1029 2073 poslhac
1049 1978 1197 2072 apertius
1219 1984 1359 2050 eandem
1381 1981 1607 2050 craneus
1628 1981 1671 2053 V.
1695 1978 1731 2046 in
1751 1971 1985 2050 Constitutione

387 2075 392 2082 '
514 2070 572 2166 sua
589 2075 761 2164 Extravag.
783 2085 932 2156 nictare,
961 2085 1009 2144 De
1026 2081 1175 2166 privileg.
1196 2095 1277 2145 anter
1301 2085 1412 2146 comm,
1432 2077 1472 2146 ad
1498 2076 1657 2146 terminos
1681 2075 1922 2148 Conciliotutn
1937 2077 1986 2146 La·

516 2170 737 2242 teranenlium
755 2173 897 2249 reduxit.
947 2176 1047 2242 Extra
1070 2177 1204 2266 Corpus
1226 2175 1318 2266 Joris
1336 2169 1422 2242 falla
1445 2173 1596 2269 quedam
1613 2167 1819 2244 Pontificum
1836 2173 1870 2246 dt
1887 2169 1986 2246 fulmi-

515 2292 601 2339 natu
620 2277 652 2338 in
669 2271 775 2359 Reges
790 2265 879 2364 ipsos
894 2268 1055 2354 ceusurae,
1082 2269 1125 2341 ol,
1142 2270 1295 2341 otnill'um
1316 2271 1409 2342 Sedis
1430 2268 1631 2369 Apostolicae
1653 2269 1926 2369 beneplacitum,
1945 2267 1987 2343 dt·

514 2365 783 2467 prehenduntut.
799 2371 826 2454 t)

635 2503 678 2572 Et
699 2502 812 2592 negari
845 2501 1002 2597 equidem
1026 2504 1159 2598 nequit,
1199 2501 1386 2574 Concilium
1407 2498 1653 2572 constantiense
1679 2523 1720 2572 ex
1738 2503 1987 2599 particulatibtt

520 2594 672 2695 ejusdem
696 2601 857 2697 temporis
879 2598 1133 2674 circumstantiis
1156 2598 1201 2674 ob
1219 2603 1375 2674 iteratum
1395 2596 1514 2697 sepiua
1536 2622 1658 2672 vanum
1679 2596 1856 2676 sacrarum
1873 2601 1989 2720 expeti·

1942 2723 1988 2775 nn·

562 2864 599 2947 a)
617 2863 773 2949 Equidem
788 2865 893 2964 Reges
912 2871 1006 2933 etiam
1021 2890 1058 2933 ac
1077 2870 1234 2952 Principes
1256 2866 1474 2932 conciliorum
1499 2864 1751 2931 Lutermeofium
1775 2869 1991 2934 constitutione
2025 2919 2028 2940 ,

636 2950 861 3046 comprehendi
877 2951 1054 3024 existimat,
1076 2953 1229 3014 sedetiam
1247 2953 1348 3014 eidem
1361 2951 1462 3013 statim
1480 2952 1644 3030 utrinque,
1671 2968 1730 3012 nec
1745 2950 1846 3014 Clero
1862 2955 1990 3018 nimirnn

635 3030 823 3103 Pontificio,
848 3053 907 3094 nec
922 3033 1076 3098 Pontilice
1091 3035 1172 3096 Cleri
1187 3034 1369 3097 consensum
1387 3034 1592 3179 expettante,
1613 3032 1806 3114 derogatum
1828 3033 1989 3100 inill'ecffe·

637 3109 892 3278 qitn'l‘cqoruas
921 3114 958 3182 V.
979 3114 1018 3181 ὃ
1036 3114 1077 3182 Ν.
1095 3116 1202 3199 Erotes.
1219 3114 1345 3198 Discipl.
1365 3116 1399 3179 P.
1446 3115 1489 3181 ll.
1509 3114 1579 3181 Lib.
1602 3114 1629 3182 Ι.
1654 3115 1727 3199 cap.
1745 3114 1867 3182 XLII.
1881 3127 1988 3194 nimi

659 3241 668 3261 .
706 3215 721 3257 e
766 3216 843 3261 erut.

563 3330 601 3415 b)
616 3329 722 3402 Verba
735 3331 913 3396 referuntur
931 3331 964 3396 io
978 3331 1116 3399 Histoire
1129 3334 1171 3399 du
1184 3334 1335 3400 differend
1350 3333 1381 3400 P.
1396 3354 1446 3420 39.
1462 3331 1497 3398 dr
1515 3353 1567 3416 40.

696 3452 920 3524 Declaratur,
942 3456 1028 3534 quod
1045 3454 1231 3518 constitutio
1252 3456 1312 3538 ipsa
1330 3456 1382 3519 vel
1399 3456 1573 3538 prohibitio
1589 3453 1627 3516 td
1640 3451 1793 3528 donaria,
1816 3455 1875 3519 vel
1897 3463 1992 3520 notu

636 3534 690 3599 seu
703 3540 827 3617 quaevis
840 3538 898 3598 alia
915 3537 1096 3601 voluntaria
1115 3537 1321 3602 l’raelatotnm
1344 3540 1377 3602 de
1398 3540 1597 3621 petsonarum
1609 3533 1902 3603 Ecclesiasticarutn
1920 3541 1992 3624 ejur-

637 3619 709 3680 dem
726 3618 847 3698 Regni,
866 3621 952 3681 omni
968 3619 1093 3700 prorsus
1112 3621 1281 3683 coattione
1296 3621 1509 3685 &exattione
1522 3619 1655 3684 cessante
1670 3618 1699 3680 se
1714 3619 1923 3701 aliquatenus
1941 3639 1994 3686 non

638 3703 809 3770 extendat,
830 3702 906 3764 licet
919 3700 1047 3765 sotlitan
1060 3704 1097 3764 ad
1114 3704 1143 3766 id
1164 3703 1258 3786 Regis
1277 3704 1329 3765 vel
1348 3703 1539 3768 Officialium
1557 3702 1717 3782 requifitio
1731 3704 1866 3768 curialis
1884 3705 1919 3768 dt
1934 3705 1997 3769 troi·

639 3784 854 3864 capraecedat.
913 3783 1014 3846 ltem:
1047 3786 1377 3869 Adjicimusinsuper,
1409 3785 1519 3869 quodfi
1539 3785 1663 3867 Regi&
1682 3782 1929 3853 Successoribua
1949 3789 1998 3852 snit

636 3884 697 3947 pto
713 3866 880 3927 universali
895 3865 948 3928 vel
970 3870 1149 3946 particulari
1167 3869 1309 3948 ejusdem
1327 3870 1426 3948 Regni
1445 3869 1643 3940 defensione,
1675 3869 1858 3948 periculosa
1882 3869 1999 3936 necedi·

636 3957 686 4010 tar
709 3949 904 4021 immineret,
936 3947 974 4007 ad
995 3949 1180 4030 hujusmodi
1202 3951 1390 4016 necessitatis
1414 3952 1516 4014 casum
1541 3951 1571 4015 se
1589 3969 1786 4031 nequaquam
1815 3958 2000 4019 extenderet

636 4028 825 4096 constitutio
841 4039 1035 4105 memoratu
1058 4036 1132 4115 quin
1148 4035 1257 4115 potius
1272 4034 1342 4096 Rex
1355 4056 1391 4097 ac
1405 4032 1603 4097 Succefforer
1618 4034 1711 4115 ipfiue
1725 4035 1846 4115 polline
1860 4059 1880 4098 a
1897 4036 1999 4101 Praela·

636 4113 680 4176 tia
696 4112 795 4196 Regni
818 4127 924 4196 petere
946 4133 983 4176 ao
997 4117 1136 4198 recipere
1157 4135 1215 4198 pro
1232 4115 1418 4197 hujusmodi
1438 4115 1617 4179 defensioue
1641 4115 1828 4191 sublidium,
1856 4121 1913 4183 vel
1929 4139 1998 4184 con·

635 4195 867 4270 tributionem,
903 4207 997 4277 atque
1018 4197 1157 4262 odiliam
1181 4198 1303 4263 Praelati
1319 4197 1398 4282 Regi
1417 4199 1541 4280 suisque
1561 4196 1799 4264 successoribus
1822 4203 1999 4266 inconsulto

637 4277 733 4418 epieto
747 4279 901 4379 Romano
909 4279 1064 4345 Pontifice
1082 4291 1269 4357 teneantur,
1298 4281 1333 4346 dr
1348 4283 1477 4347 valeant
1495 4283 1548 4348 sub
1570 4289 1679 4366 quotae
1700 4284 1838 4348 nomine
1857 4301 1916 4351 ant
1932 4289 2000 4351 alitr

598 4409 601 4417 .
638 4375 657 4418 e
674 4377 735 4421 tam
757 4381 912 4446 imperari.

561 4490 593 4577 t)
625 4487 675 4555 Ita
692 4492 896 4562 lllCCCCLlI.
922 4497 1004 4563 Nrc
1015 4519 1158 4564 ornus
1180 4500 1221 4567 V.
1243 4500 1417 4565 aCensutia
1432 4511 1522 4565 antea
1538 4500 1666 4566 inflisiia
1681 4500 1824 4567 absolvit
1839 4505 1871 4569 Α
1882 4521 2001 4571 trott-

640 4593 726 4639 surt
748 4575 915 4642 Lusitaniae
926 4581 1061 4664 Regem,
1088 4585 1142 4665 qui
1155 4597 1329 4665 exegerat,
1353 4582 1386 4645 de
1401 4586 1567 4651 Lufitanoo
1579 4586 1683 4671 ipson,
1705 4585 1999 4671 qnisolveruntde·¹

637 4658 735 4726 cimas
751 4657 847 4726 Clero
861 4661 997 4736 iudicine
1011 4665 1190 4738 inconsulta
1210 4665 1398 4754 Apostolice
1409 4666 1503 4737 Sede.
