5017 5592
493 664 582 740 -224
765 739 775 752 ἱ
852 671 855 676 -
943 605 1561 750 ntsssn'rnrto·

503 817 596 900 ferre
615 818 767 894 non'etit
792 817 932 891 vetitum
947 844 955 889 :
971 815 1041 890 ‘ubi
1060 841 1142 890 vero
1166 814 1236 889 lraec
1254 837 1402 888 extrema
1416 817 1527 890 media
1548 816 1602 890 vel
1627 840 1695 888 non
1715 812 1791 890 satia
1811 813 1978 907 efficacia,

500 944 564 993 aut
584 915 751 992 immensis
773 915 943 988 laboribus
966 913 1152 1013 sumptibus
1179 940 1221 988 ue
1243 912 1392 986 constare
1416 916 1661 1013 praevidentur,
1688 919 1776 988 viem
1798 919 1983 991 amicabilis

504 1016 753 1116 compostionis
778 1040 856 1086 cum
885 1014 1024 1110 precisia
1043 1017 1130 1086 inire
1155 940 1274 1109 sepius
1298 1016 1363 1084 erit
1394 1009 1688 1097 consultissimum,
1713 1039 1788 1086 cum
1815 1020 1907 1088 enim
1931 1019 1985 1090 hie

506 1138 615 1190 tantos
639 1116 690 1186 liti
718 1111 959 1211 prosequendae
981 1110 1155 1209 sumptus,
1179 1133 1321 1206 quantos
1342 1134 1449 1184 rorum
1473 1112 1609 1209 aliquod
1631 1114 1835 1210 capitulum,
1857 1119 1988 1213 impen-

506 1213 587 1286 dere
601 1234 761 1308 nequeat,
778 1236 923 1308 cumque
937 1206 1034 1283 facile
1057 1206 1307 1281 difficultatibus
1324 1259 1335 1292 ,
1359 1209 1659 1307 protelationibus,
1685 1210 1839 1282 &tediis
1853 1211 1990 1309 process

504 1309 559 1385 sus
576 1306 794 1400 defatigetur,
810 1308 851 1380 ad
875 1308 1150 1405 composrionem
1168 1309 1363 1388 ineundam,
1381 1307 1456 1403 q'uae
1472 1308 1505 1378 dr
1520 1305 1660 1379 ecclesa
1673 1308 1741 1403 juri
1758 1307 1985 1383 conservando

506 1408 542 1481 dc
561 1407 701 1479 stliendn
722 1404 885 1503 processui
909 1431 1163 1504 peropportuna
1178 1408 1261 1486 erit,
1284 1405 1372 1476 haud
1394 1402 1571 1478 difficulter
1594 1403 1800 1489 inllesletur,
1819 1408 1924 1479 t'nodo
1940 1413 1986 1480 ei·

506 1506 585 1606 dem
599 1504 769 1604 quoddam
795 1506 1058 1582 emolumentum
1071 1505 1163 1599 juxta
1178 1503 1267 1572 illius
1285 1507 1419 1595 genium
1434 1502 1614 1575 enascatur.
1666 1506 1797 1576 Ultimo
1809 1505 1986 1579 relleslere

388 1686 394 1693 ,
503 1602 616 1702 juvet,
636 1627 703 1674 non
719 1600 800 1681 esse,
821 1628 882 1675 cur
898 1625 1042 1699 propter
1058 1627 1161 1673 unum
1177 1601 1366 1682 hominem,
1387 1601 1550 1699 illumque
1564 1603 1732 1698 privatum
1749 1604 1919 1697 nullisque
1930 1603 1984 1674 sae·

505 1726 551 1800 pe
574 1705 703 1771 meritis
726 1699 959 1796 conspicuum,
984 1700 1108 1797 absque
1122 1698 1188 1769 ulla
1206 1696 1347 1792 publicae
1368 1699 1521 1770 utilitatis
1536 1696 1647 1780 causa,
1668 1711 1757 1769 tanta
1773 1697 1830 1771 fiat
1845 1699 1983 1784 collisio,

506 1820 597 1870 tauta
617 1798 781 1876 bonorum
797 1799 837 1868 ad
856 1799 980 1869 cultunt
997 1803 1061 1868 Dei
1086 1794 1323 1870 destinatorum
1341 1794 1487 1888 justum:
1512 1820 1577 1866 non
1598 1803 1687 1866 enim
1714 1792 1835 1880 refert,
1851 1823 1912 1868 nec
1929 1799 1984 1893 jus

506 1898 728 1991 Imperatoris
751 1891 963 1979 invertitur,
984 1893 1005 1966 st
1052 1899 1220 1989 uempiam
1243 1891 1404 1964 beneficio
1429 1891 1640 1965 ecclefiastito
1662 1895 1798 1985 dignum
1822 1897 1985 1992 nulloque

484 1993 488 2002 ’
508 2015 581 2065 tum
600 1994 691 2088 juxta
707 1997 755 2063 Ss.
770 1992 923 2066 Canones
939 2007 1016 2065 cum
1028 1921 1147 2063 barura
1162 1991 1196 2061 dr
1212 2013 1323 2062 mores
1340 1989 1481 2063 ecclesia
1496 1987 1630 2063 defesiu
1647 1989 1852 2063 laborantem
1879 1997 1986 2065 nomi·

506 2091 583 2171 net,
603 2089 686 2164 licut
701 2091 800 2162 talem
816 2090 974 2163 duntaxat
988 2089 1186 2186 presentare
1207 2111 1356 2171 tenetur,
1381 2089 1458 2160 ltine
1473 2088 1555 2159 olim
1569 2085 1715 2186 precillae
1738 2087 1881 2164 adinstar
1905 2093 1986 2162 alio·

507 2210 585 2259 rutn
600 2211 619 2260 a
635 2190 784 2280 patronis
809 2185 1082 2284 praesentaturum
1101 2189 1276 2355 qraminati
1292 2183 1382 2268 sunt,
1407 2211 1526 2300 neque·
1543 2183 1835 2355 befneficiasenntra
1858 2192 1907 2302 bt.
1925 2194 1987 2259 Ca·

507 2282 1109 2465 3335232bl‘20lffit‘d⁰5,l{s;
1121 2284 1987 2482 ldssfflzls‘ss'is'lssl?,sisnlsllJ-'istill?

501 2474 598 2564 seut,
621 2504 682 2559 uec
699 2477 825 2556 futuris
856 2478 1067 2583 temporibus
1088 2480 1350 2556 involverentur.
1898 2514 1903 2524 ·

1146 2711 1184 2799 e.
1232 2703 1355 2784 xttt.
1755 2741 1785 2802 .

612 2872 725 2965 Atque
740 2867 810 2940 hac
835 2833 1119 2963 quemadmodum
1136 2863 1262 2962 absque
1277 2864 1349 2937 ullo
1365 2865 1511 2962 partium
1527 2861 1634 2937 studio
1647 2860 1717 2936 solo
1732 2860 1797 2937 line
1811 2859 1854 2934 ad
1869 2883 1988 2933 etuen·

419 3029 422 3035 ,
509 2961 592 3036 dum
617 2967 916 3062 exponendumque
944 2988 1060 3035 verum
1081 2965 1167 3059 juris
1192 2965 1431 3061 primariorum
1456 2987 1594 3058 precum
1618 2959 1738 3034 Caesari
1765 2960 1986 3057 competentis

508 3057 628 3133 slarum
645 3088 683 3133 ex
700 3065 850 3153 genuina·
873 3059 1018 3133 historie
1033 3063 1277 3143 monumentis,
1294 3058 1442 3157 assisque
1458 3058 1618 3155 publicis,
1637 3085 1777 3131 necnon
1799 3085 1838 3132 er
1855 3052 1987 3149 legibus

508 3161 648 3253 l-'ntperii
667 3163 896 3252 pragmaticis,
917 3182 953 3229 ac
970 3162 1020 3230 Ss.
1037 3159 1405 3327 Canonumssptudenria
1421 3184 1439 3227 a
1457 3183 1510 3229 me
1525 3154 1612 3229 disin
1626 3154 1718 3241 sunt,
1740 3161 1783 3228 ita
1798 3155 1921 3228 nullius
1932 3175 1987 3224 me

507 3254 561 3355 jus
578 3252 706 3329 violasse
722 3255 885 3337 arbitror,
904 3279 961 3326 aut
980 3255 1101 3327 ledere
1117 3258 1206 3327 volui
1234 3257 1374 3352 epulam
1390 3258 1550 3337 enuncio,
1568 3257 1696 3352 quippe
1719 3252 1890 3336 Pontifici,
1910 3273 1986 3346 quae

509 3350 701 3435 Pontificio,
724 3353 863 3435 Caesari,
890 3379 964 3448 quat
986 3349 1140 3434 Caesaris,
1166 3354 1198 3425 dr
1221 3354 1386 3449 Capitulis
1407 3376 1507 3449 atque
1536 3352 1759 3424 collatoribus
1782 3352 1987 3429 Germanis,

513 3474 588 3543 quae
601 3476 719 3523 eorum
737 3449 827 3533 sunt,
843 3476 936 3545 aequa
952 3449 1238 3547 ubiquemensura
1253 3450 1549 3531 reddereintendi,
1563 3451 1639 3522 hinc
1656 3475 1728 3544 que
1742 3450 1783 3520 ad
1797 3446 1882 3521 sedis
1895 3456 1988 3542 Apo·

408 3595 423 3611 s
509 3545 630 3623 llolicae
657 3573 728 3620 tum
750 3553 1018 3631 venerationem,
1037 3573 1115 3621 cum
1137 3548 1210 3634 iura
1232 3545 1318 3619 sarta
1335 3544 1420 3620 tesia
1442 3547 1599 3619 servanda
1617 3547 1823 3628 conducunt,
1846 3571 1885 3618 ea
1899 3546 1933 3614 in
1950 3566 1989 3615 re

509 3669 566 3717 me
581 3643 746 3718 adduxisse
772 3643 941 3728 eristim03
966 3646 1019 3742 jus
1042 3646 1228 3719 easareutn
1243 3646 1334 3740 juxte
1362 3644 1631 3717 consuetudinem
1657 3648 1847 3739 antiquam,
1868 3667 1908 3713 er
1923 3665 1989 3736 qua

509 3741 641 3838 ipsemet
658 3744 802 3816 Cesarea
818 3745 853 3815 id
869 3744 1055 3827 deducunt,
1080 3770 1116 3816 ac
1131 3746 1223 3835 juxta
1247 3740 1423 3815 deduslam
1439 3745 1472 3812 in
1493 3740 1591 3812 usum
1612 3748 1749 3836 prasio,
1777 3740 1842 3814 stne
1858 3764 1923 3835 qua
1941 3741 1990 3809 vis

508 3838 754 3913 consuetudinis
775 3844 957 3923 amittitur,
977 3843 1169 3937 explanavi,
1193 3840 1426 3936 illibatumque
1445 3838 1615 3937 persistere
1631 3838 1753 3911 debere
1767 3839 1871 3920 edixi,
1890 3837 1991 3929 Capi·

510 3938 659 4009 tulotum
681 3938 712 4008 dr
732 3933 949 4009 Ecclestarum
969 3941 1159 4036 Germaniae
1178 3937 1253 4033 jura
1272 3938 1450 4012 secundum
1472 3940 1635 4007 canonica
1655 3938 1842 4031 prudentia
1857 3935 1990 4026 tegulas

412 4043 415 4050 '
511 4033 755 4106 &statutorum
775 4031 838 4107 sve
862 4031 1140 4105 consuetudinum
1155 4059 1308 4106 normam
1329 4036 1511 4115 declaravi,
1537 4054 1676 4105 necnon
1701 4031 1844 4116 sinislra,
1867 4031 1921 4102 vel
1940 4054 1993 4103 ct·

509 4129 713 4203 nonistorum
738 4132 778 4202 ad
799 4135 916 4229 prarin
943 4130 976 4202 dt
1000 4129 1117 4203 statuta
1137 4157 1204 4202 non
1228 4133 1486 4212 attendentium,
1504 4131 1558 4204 vel
1580 4130 1799 4227 precislarum
1824 4125 1993 4204 malesano

509 4228 711 4324 quandoque
728 4230 838 4301 litium
857 4226 966 4310 studio
991 4227 1209 4325 abreptorum
1229 4234 1444 4327 opinamenta
1468 4223 1768 4307 solideconfunre
1791 4226 1993 4298 allaboravi:

510 4324 609 4420 plura
625 4326 782 4420 equidem
798 4330 832 4396 in
848 4327 932 4398 hanc
949 4352 1020 4398 rem
1043 4325 1242 4398 documenta
1261 4330 1294 4397 in
1311 4326 1458 4399 medium
1481 4320 1637 4422 proferre
1656 4322 1849 4420 potuissem,
1873 4346 1993 4398 verum

509 4444 553 4492 ne
567 4421 707 4494 nimium
726 4422 834 4493 haecce
856 4422 1072 4518 pertrasiatio
1093 4418 1313 4506 excresceret,
1335 4447 1374 4496 ea
1394 4419 1632 4519 opportuniori
1650 4420 1813 4496 reservavi
1832 4423 1993 4518 tempori,

509 4541 579 4615 quo
594 4517 735 4588 eandem
752 4518 906 4611 pluribus
924 4519 1032 4594 adhud
1055 4525 1142 4595 notis
1161 4520 1195 4598 dt
1218 4521 1497 4592 documentorum
1519 4545 1592 4593 tum
1606 4518 1775 4591 editorum
1797 4544 1871 4593 rum
1890 4517 1996 4590 inedi·

510 4636 623 4695 torum
642 4615 828 4714 appendice
840 4614 1006 4694 illustrare
1019 4618 1144 4697 licebit.
1192 4622 1325 4695 Interea
1338 4618 1408 4695 haec
1421 4618 1500 4694 rudi
1516 4620 1668 4693 minerva
1681 4616 1847 4699 delineata
1854 4616 1996 4788 puiqlicq

1935 4737 1992 4788 uxr
