5017 5592
825 515 901 532 ..
1223 507 1231 516 .
1928 538 1933 550 ,
2049 493 2065 532 .

596 583 718 721 ης]
798 560 900 684 “f
979 610 1613 724 presentatio
2067 559 2074 576 ’

631 802 670 881 a)
695 771 883 862 Misenensi
902 795 940 860 de
954 775 1101 857 coronat.
1115 789 1300 855 Fetdinand.
1313 790 1356 855 ll.—
1370 792 1443 862 Lib.
1462 775 1504 858 is.
1525 814 1554 876 p.
1576 808 1645 856 rra.
1680 789 1876 875 Sprengerua
1895 789 2072 877 Juriaprnd.
2111 857 2120 866 „

713 880 799 964 publ.
816 900 845 964 p.
860 879 917 963 351
953 875 1130 960 Speidelius
1145 876 1178 939 iu
1194 879 1303 937 notan.
1314 874 1405 939 Voce
1424 874 1551 964 sinain,
1573 875 1607 937 dr
1619 874 1727 938 aliiita
1740 876 1896 941 censuere.

634 1018 671 1103 lt)
697 1016 819 1083 Mutius
843 1014 911 1080 Lib.
931 1009 1022 1081 xlv.
1041 1010 1159 1075 emon.
1175 1011 1282 1075 Germ.
1307 1031 1338 1093 p.
1356 1030 1425 1093 109.
1448 1010 1586 1107 Jaenbua
1608 1012 1647 1074 de
1661 1010 1895 1096 Konigslaoven
1909 1012 1941 1074 in
1957 999 2082 1110 phion.

710 1097 1113 1262 iii⁸⁸i²§&1,iipiiiipii‘1⁶'
1128 1092 1169 1159 ll.
1194 1097 1223 1175 §.
1242 1093 1314 1177 163.
1334 1091 1367 1156 dc
1383 1115 1425 1157 ert
1441 1094 1491 1157 hu
1509 1091 1705 1212 Boelmetua
1718 1091 1745 1167 J.
1769 1093 1808 1161 Β
1826 1092 1911 1158 Prot.
1931 1094 2000 1161 Lab.
2017 1094 2078 1163 ΠΙ.

505 1263 507 1268 ¹
580 1318 582 1321 ’
637 1298 671 1382 ι)
691 1298 728 1363 Id
742 1298 840 1363 refert
851 1279 1253 1366 AntoniualdatthteiLib.
1270 1289 1311 1358 11.
1328 1292 1368 1356 de
1385 1292 1554 1357 nobilitate
1571 1312 1639 1377 cap.
1653 1304 1704 1377 48.
1719 1315 1749 1380 p.
1763 1312 1834 1384 744.
1932 1329 1935 1334 »

521 1492 525 1502 ,
637 1416 676 1500 d)
696 1414 786 1480 Idem
798 1415 926 1479 adducit
941 1414 1079 1479 chartam
1101 1410 1273 1485 ineditam,
1291 1412 1377 1474 unde
1389 1413 1419 1475 id
1437 1424 1573 1495 apparet.

459 1525 461 1529 ¹
518 1505 520 1510 Ι
566 1523 584 1619 ί,
637 1549 674 1631 ο)
696 1546 731 1610 Id
758 1546 910 1609 testantur
930 1541 1082 1610 freherus
1108 1546 1147 1609 ad
1167 1543 1235 1610 lai.
1255 1544 1297 1610 ll.
1314 1545 1353 1607 de
1377 1544 1484 1608 Andlo
1503 1566 1571 1629 erp.
1585 1545 1642 1611 Vl.
1660 1566 1690 1631 p.
1705 1564 1775 1630 179.
1793 1541 1992 1610 &Thntm
2008 1546 2079 1615 Lib.

478 1677 481 1694 .
713 1627 852 1707 xxxii.
874 1628 942 1691 hist.
957 1628 1013 1693 sol.
1027 1649 1104 1713 pop.

541 1797 543 1804 .
590 1727 593 1734 ¹
629 1746 675 1835 s)
699 1747 773 1838 Vid.
793 1748 923 1830 desuper
935 1747 1107 1811 Clementia
1126 1744 1168 1810 V.
1180 1743 1367 1812 constitutio
1381 1719 1461 1829 apud
1478 1745 1675 1830 Raynaldam
1689 1748 1725 1811 ad
1739 1767 1890 1830 aa.·r311.

638 1889 681 1974 g)
703 1886 870 1951 Golrialius
886 1889 925 1950 de
939 1889 1156 1950 maximiliano
1175 1885 1198 1948 l.
1216 1885 1309 1951 Polit.
1323 1888 1401 1971 lmp.
1431 1886 1463 1948 l‘.
1482 1886 1506 1951 1.
1524 1886 1582 1950 sol.
1609 1908 1659 1969 97.
1684 1885 1718 1949 dt
1737 1888 1777 1951 de
1796 1888 2016 1956 llltximiliano
2034 1888 2077 1956 II.

715 1971 768 2032 eit.
787 1971 848 2033 luc.
864 1970 921 2032 sol.
942 1991 1009 2051 ¹45·
1032 1972 1107 2032 illud
1125 1970 1231 2034 relert.
1897 1983 1901 1990 ’

586 2161 588 2166 .
640 2085 675 2161 i)
701 2086 772 2156 vid.
784 2060 873 2152 Fabri
886 2089 1162 2177 &lutidtinnssltp
1175 2088 1271 2156 Tam.
1286 2045 1408 2157 XVlll.
1427 2108 1456 2172 p.
1473 2087 1545 2170 632.

1269 2316 1302 2401 q.
1354 2309 1405 2382 u.

718 2439 805 2510 Aliis
822 2441 1004 2536 praeplacet
1019 2439 1186 2524 adserere,
1208 2443 1262 2536 jus
1287 2466 1424 2537 precum
1447 2436 1670 2510 Caesareanum
1687 2461 1725 2507 ex
1747 2438 1961 2509 coronatione
1976 2436 2084 2511 dIma·

602 2557 696 2606 oare.
744 2543 828 2607 Non
847 2540 920 2608 lunt
936 2539 984 2607 illi
1001 2544 1138 2638 quidem
1153 2541 1298 2610 destituti
1320 2538 1577 2632 diplomatibus,
1600 2540 1694 2630 queis
1711 2533 1852 2608 Caesares
1877 2539 1939 2605 ltoc
1953 2535 2008 2631 jus
2028 2562 2083 2607 te.

601 2634 695 2704 tione
710 2638 934 2706 coronationis
944 2635 1000 2706 libi
1018 2660 1209 2733 competere
1223 2634 1440 2707 adfirmarunt
1457 2638 1493 2725 a)
1519 2657 1550 2702 at
1568 2632 1742 2704 observate
1757 2630 1800 2702 cll
1820 2637 1844 2704 l.
1860 2635 1924 2701 illis
1940 2634 2079 2706 eosdem

374 2802 381 2813 ,
491 2814 493 2819 s
603 2728 748 2802 Cesarea
763 2736 842 2803 alias
859 2734 952 2806 fimus
973 2739 1146 2831 magisque
1167 2761 1259 2830 aptas
1278 2734 1362 2828 juris
1383 2731 1430 2801 sui
1457 2735 1600 2802 rationes
1625 2757 1662 2801 es·
1685 2736 1818 2826 antiqua
1841 2729 2081 2807 consuetudine

589 2826 755 2928 'attulisse
781 2835 827 2899 ll.
845 2829 867 2900 li
887 2855 1031 2902 mentcrn
1048 2859 1166 2902 eorum
1191 2830 1484 2927 introspiciamus,
1508 2854 1681 2899 cernemus
1707 2854 1770 2898 non
1791 2853 1856 2897 tam
1881 2854 1919 2897 en
1940 2854 2081 2902 corone·

604 2927 697 2997 tione
713 2924 769 2995 sibi
787 2929 818 2995 id
832 2927 886 3021 jus
903 2927 1094 3007 vindicasse,
1119 2955 1218 3021 quant
1240 2932 1338 3022 liujus
1362 2930 1507 2996 exercitii
1526 2950 1658 3017 tempus
1676 2928 1829 2996 duntaxat
1856 2924 2025 3017 adsignare
2040 2927 2080 2998 il·

557 3109 561 3116 .
604 3022 658 3091 los
673 3020 828 3105 voluisse,
851 3027 937 3098 utin
964 3030 1078 3120 aprico
1095 3027 1140 3096 eil
1164 3053 1202 3097 ea
1224 3030 1405 3121 diplomate
1430 3027 1543 3095 Caroli
1566 3031 1625 3095 lv.
1642 3027 1676 3111 s)
1705 3028 1765 3091 lli.
1791 3025 1841 3092 his
1864 3022 2081 3115 paucioribus

604 3117 844 3211 diplomatibus
871 3145 1092 3217 opponuntur
1109 3151 1127 3194 a
1144 3149 1297 3222 tempore
1318 3125 1604 3195 Concotdatorum
1623 3119 1725 3215 usque
1747 3121 1786 3188 ad
1812 3120 1953 3215 presens
1969 3146 2080 3195 evum
2119 3192 2125 3199 ,
2146 3143 2149 3153 ·

604 3215 790 3309 diplomata
815 3218 999 3312 Cesaram,
1020 3247 1092 3316 quae
1114 3223 1238 3292 nullam
1260 3226 1397 3294 omnino
1422 3221 1645 3291 coronationis
1670 3245 1730 3289 ceu
1753 3214 1854 3288 sunna
1876 3220 1966 3289 illius
1990 3220 2079 3314 juria
2126 3244 2127 3248 ’

604 3317 810 3384 mentionem
830 3311 957 3398 secede,
978 3342 1034 3389 aut
1053 3346 1139 3390 nunc
1157 3316 1295 3392 saciant.
1346 3325 1451 3391 Porro
1469 3328 1631 3397 Antores,
1652 3319 1768 3413 quiite
1790 3313 1957 3398 sentiunt,
1983 3342 2081 3390 coro-

606 3414 775 3483 nationem
790 3415 1025 3510 imperialem,
1047 3443 1066 3487 a
1088 3421 1241 3488 Romano
1263 3416 1422 3489 Pontifice
1443 3418 1524 3487 olim
1548 3416 1788 3510 peragendam,
1811 3417 1998 3506 intelligere
2020 3438 2082 3488 ne·

607 3532 752 3605 queunt,
775 3514 903 3607 quippe
920 3539 1019 3609 quam
1036 3517 1177 3587 Carolus
1191 3521 1236 3586 V.
1263 3514 1430 3608 poslremo
1453 3512 1654 3608 susceperat,
1677 3514 1859 3582 andecam
1883 3510 2080 3586 iirecelsoreo

607 3607 727 3678 eodem
744 3607 1018 3701 jare¹gaudeant,
1040 3614 1117 3684 licet
1134 3640 1150 3682 a
1170 3613 1328 3684 Pontifice
1344 3640 1409 3684 non
1427 3614 1595 3691 coronati,
1617 3607 1828 3707 perspicuum
1853 3611 2024 3692 redditur,
2039 3636 2082 3682 ex

608 3706 665 3777 tali
683 3709 906 3777 coronationis
923 3734 1046 3805 pompa
1066 3738 1131 3782 non
1148 3709 1209 3781 else
1230 3714 1310 3781 illud
1326 3714 1378 3804 jus
1401 3710 1636 3789 derivandum,
1659 3708 1680 3777 li
1698 3733 1776 3776 vero
1790 3733 1918 3780 corone
1938 3712 2081 3781 Germe·

465 3837 467 3842 ’
607 3806 688 3873 nicae
709 3802 954 3898 impositionem
970 3808 1016 3875 illi
1036 3809 1204 3880 attendere
1221 3812 1338 3889 veluit,
1355 3808 1484 3878 rursum
1501 3805 1563 3875 snae
1576 3810 1727 3899 opinioni
1743 3806 1824 3874 niltil
1842 3807 2081 3900 adjiciuntmo·

607 3905 722 3972 menti.
776 3905 938 3972 Praeterea
954 3903 1030 3972 litet
1046 3906 1230 4000 diplomata
1247 3909 1357 3976 Catuli
1378 3911 1436 3977 iv.
1453 3909 1547 4000 queis
1564 3908 1586 3973 ii
1604 3928 1734 3973 autores
1753 3907 1955 3984 innituntur,
1970 3904 2010 3974 ad
2025 3917 2082 3975 co·

609 4001 817 4069 tornationem
834 4000 1048 4095 imperialem
1060 4003 1113 4096 jus
1125 4002 1228 4075 illisne
1245 4001 1390 4073 retulisse
1409 4007 1601 4082 videantur,
1618 4004 1650 4071 ἃ*
1665 4002 1961 4071 licerWenceslaus
1977 4006 2083 4074 etiam

609 4089 709 4184 segia·
726 4096 998 4187 Aquisgranensrs
1014 4103 1238 4171 coronationis
1254 4104 1457 4169 mentionem
1473 4096 1608 4175 fecerit,
1628 4095 1821 4170 successures
1838 4123 1945 4168 tamen
1962 4124 2082 4171 omnes

609 4217 649 4262 ea·
673 4195 738 4260 alio
759 4189 867 4273 fonte,
890 4220 989 4289 quam
1011 4202 1253 4277 coronationis,
1279 4196 1341 4266 liae
1365 4197 1579 4291 imperialis,
1605 4196 1668 4265 sive
1691 4199 1788 4288 tegite
1811 4195 2003 4278 l'ulemniis,
2026 4198 2082 4291 jus

610 4289 705 4363 suurn
722 4288 887 4361 deduxere
903 4296 930 4381 c)
957 4295 1175 4387 quamobrem
1191 4317 1326 4365 omnem
1341 4299 1441 4366 etiarn
1468 4291 1787 4367 uetifimilitudinem
1802 4295 1880 4366 huic
1895 4297 2095 4392 opinationi·

610 4382 736 4466 deesse,
758 4384 946 4461 crillimare
966 4387 1016 4461 fas
1032 4390 1088 4463 esi.

478 4643 481 4648 Ι
616 4551 619 4564 ’
649 4557 688 4640 ο)
711 4553 783 4620 Vid.
805 4554 1465 4641 DiplomataCatoliIVapndGoldastum
1483 4558 1832 4644 Conli.lrnp.Tom.I.
1850 4579 1961 4645 p.343.
1981 4560 2087 4630 Wan-

611 4700 613 4704 ,
711 4637 821 4703 eeslai
842 4641 881 4704 de
905 4659 990 4704 anno
1013 4643 1104 4725 1376.
1121 4644 1203 4726 apud
1219 4640 1391 4708 Tiluarum
1403 4644 1435 4705 in
1459 4641 1536 4708 Hist.
1556 4642 1651 4708 l'alat.
1669 4646 1699 4706 in
1717 4645 1787 4707 eud.
1806 4642 1941 4727 diplom.
1963 4664 1993 4712 n.
2012 4655 2092 4792 1331
