5017 5592
487 689 490 704 ,
570 608 893 711 urrunnun
912 605 1115 706 Jusrunt
1133 607 1227 684 uss
1241 606 1600 728 claennabur,
1615 611 1802 693 innon.
1825 618 1891 695 ac.
1910 627 1990 720 tc,
2015 659 2019 666 -

509 793 696 866 contrarias
719 761 773 862 bis
797 788 1060 862 immunitatibus
1079 791 1169 884 leges
1198 787 1428 873 sanciverunt,
1454 790 1513 863 bas
1535 815 1647 864 tamen
1667 791 1841 878 suadente,
1866 825 1991 896 approa
2119 806 2125 840 '-

509 890 629 971 bante,
648 889 680 961 n
698 886 919 961 subscribente
936 894 1113 971 Honorio,
1129 891 1339 961 Fridericum
1355 895 1400 961 ll.
1417 913 1478 987 per
1495 898 1596 963 Auri.
1610 893 1698 985 uffa.
1718 905 1753 966 C.
1768 901 1804 965 ile
1823 905 1868 971 Ss.
1880 899 1991 991 Eratis.

513 993 553 1067 fii
568 992 666 1061 Auen.
683 994 756 1058 item
776 993 857 1056 riuis
881 997 914 1060 c.
932 992 968 1057 de
989 991 1094 1080 Ep&
1117 992 1198 1060 cler.
1219 985 1394 1060 revocasse.

634 1128 761 1217 Neque
788 1123 901 1218 (juxta
917 1119 1146 1210 Adversarius)
1172 1124 1327 1218 iniquum
1341 1118 1406 1203 est,
1423 1120 1566 1194 utbonis
1581 1119 1993 1200 Ecclefiallicorumetiam

510 1221 804 1322 patrimonialibus
829 1221 869 1291 ab
895 1243 996 1291 unere
1022 1219 1309 1292 contributionum
1333 1217 1470 1314 proclus
1494 1219 1670 1302 liberatis,
1700 1222 1751 1292 ha
1772 1220 1859 1292 l'olos
1877 1227 1994 1296 Laico·

512 1341 592 1393 rum
608 1315 767 1390 humeros
786 1341 1012 1413 pregratent,
1032 1317 1110 1390 licet
1127 1322 1216 1390 enim
1240 1313 1452 1389 Eccleliallici
1468 1314 1552 1400 lint,
1579 1318 1613 1388 bt
1634 1342 1789 1392 maneant
1805 1323 1921 1403 Cives,
1948 1345 1994 1394 at·

513 1440 583 1515 que
603 1440 621 1484 s
638 1416 871 1511 Principibus,
904 1438 942 1487 ut
964 1414 1093 1510 reliqua
1112 1418 1268 1487 Ciuitatis
1289 1411 1440 1486 membra
1466 1437 1711 1512 protegantur,
1736 1441 1776 1488 er
1797 1419 1859 1489 boc
1883 1440 1993 1491 tanten

516 1514 698 1587 commodo
723 1515 837 1608 (justa
860 1509 962 1611 ipsos)
987 1537 1053 1584 non
1075 1509 1242 1608 sequitur,
1266 1512 1357 1608 quod
1377 1515 1508 1608 pariter
1528 1513 1568 1582 ad
1592 1514 1803 1585 incommoda
1824 1513 1995 1589 lubeunda

513 1610 579 1686 fint
600 1610 756 1704 obligati,
781 1635 857 1682 cum
879 1613 968 1682 enim
990 1608 1453 1690 EcclesiasticiinLaicorum
1478 1608 1654 1682 utilitatem
1679 1633 1750 1684 tum
1773 1608 1994 1708 spiritualem,

514 1713 706 1782 rumesiam
728 1707 947 1805 temporalem
969 1708 1113 1780 multum
1131 1708 1309 1792 laborent,
1336 1710 1526 1804 equitatem
1542 1710 1673 1800 exigere
1687 1733 1823 1803 putant,
1841 1734 1879 1784 ut
1891 1715 1994 1785 etiam

515 1805 715 1879 utilitatibus
732 1802 966 1903 perfruantur:
993 1802 1090 1890 sane,
1115 1808 1289 1903 inquiunt,
1311 1801 1334 1878 fi
1350 1831 1415 1877 non
1431 1803 1477 1878 est
1493 1828 1607 1877 contra
1621 1817 1829 1904 aequitatem,
1850 1833 1887 1879 ut
1901 1811 1993 1883 Laici

514 1904 654 2002 quidam
670 1902 713 1976 ob
734 1901 871 1996 inlignia
884 1907 918 1975 in
937 1902 1178 2001 rempublicam
1193 1905 1313 1976 merita
1328 1929 1346 1975 a
1363 1902 1596 1975 communibus
1619 1903 1776 1976 oneribus
1801 1905 1993 2002 psallendis

511 2002 681 2076 immunes
696 2002 896 2085 reddantur,
919 2025 979 2073 nec
1004 2003 1156 2100 iniquum
1172 1999 1234 2075 elle
1256 2003 1400 2096 poterit,
1425 1996 1664 2073 Eccleliallicos
1685 2001 1730 2081 ob
1749 2001 1908 2076 beneficia
1925 2001 1994 2099 spi·

512 2100 673 2183 ritualia,
696 2125 768 2196 quae
792 2100 849 2170 diu
869 2097 1039 2194 nulloque
1059 2104 1208 2199 prompti
1231 2098 1412 2180 exhibent,
1444 2099 1560 2169 eadem
1583 2101 1816 2181 immunitate,
1839 2098 1912 2173 casu
1937 2126 1994 2174 ne·

513 2193 667 2270 cellitatis
683 2221 799 2295 utpote
813 2193 943 2293 semper
953 2221 1111 2291 excepto,
1139 2198 1292 2291 gaudere.
1308 2201 1340 2286 l)
1366 2197 1551 2292 Equidem,
1566 2220 1641 2268 cunt
1660 2194 1994 2272 Differentionismcae

516 2294 595 2368 finis
608 2319 776 2392 nunquam
794 2292 914 2375 fiterit,
939 2292 1190 2367 Ecclcliallicam
1207 2299 1293 2366 circa
1304 2319 1357 2365 res
1370 2294 1518 2387 legitime
1532 2294 1599 2388 jam
1614 2292 1784 2387 acquisitas
1800 2299 1994 2392 Exemptio·
2094 2323 2097 2338 ·

513 2417 596 2465 nem
613 2397 716 2486 princi
745 2392 841 2467 aliter
860 2395 1076 2490 impugnare,
1091 2393 1197 2464 videri
1214 2389 1335 2489 pollet,
1352 2416 1405 2463 me
1422 2391 1497 2488 plus
1511 2389 1598 2488 julio
1612 2392 1700 2463 hisce
1718 2399 1922 2486 argumentis
1932 2401 1995 2467 im·

513 2513 687 2564 moratum
720 2488 816 2577 uiffe3
836 2490 908 2570 sed,
930 2494 1007 2586 quia
1032 2487 1240 2572 Adversarii,
1261 2493 1318 2587 qui
1334 2491 1543 2588 Principibus
1562 2489 1707 2587 politicis
1723 2496 1823 2562 etiam
1841 2491 1993 2566 circabo·

515 2614 560 2661 ns
581 2587 735 2670 stabilis,
767 2590 897 2661 noviter
920 2588 960 2658 ad
984 2592 1108 2659 Manus
1134 2611 1282 2661 mortuas
1313 2583 1566 2669 transferenda,
1599 2586 1794 2682 potestatem
1827 2589 1994 2684 ejusmodi

515 2687 776 2766 translationes,
803 2688 1013 2781 quantumvis
1029 2711 1066 2756 ex
1084 2683 1168 2780 julia
1182 2683 1275 2758 caula
1291 2683 1514 2781 probibendi,
1540 2685 1721 2777 denegant,
1747 2682 1802 2755 lua
1820 2686 1871 2757 bis
1893 2705 1991 2780 argu·

515 2787 640 2858 mentis
665 2780 879 2854 fundamenta
902 2786 1078 2854 maximam
1102 2807 1233 2882 partem
1255 2779 1502 2877 superstruunt,
1524 2806 1643 2880 parum
1657 2807 1712 2853 me
1725 2781 1992 2952 peccalsegiero,

475 2887 477 2898 ⁴
516 2883 610 2978 quod
628 2880 684 2950 illa
705 2877 1001 2976 premiserim,eo
1013 2878 1160 2954 securior
1180 2881 1253 2954 telis
1268 2880 1480 2965 obviaturus,
1501 2907 1574 2978 quae
1590 2882 1731 2976 propius
1755 2880 1795 2950 ad
1818 2883 1878 2953 Ele
1914 2889 1993 2954 or'a·
2105 2935 2114 2946 .

515 2979 586 3093 lem
604 2977 879 3062 Ordinationem,
896 2977 936 3050 ab
951 2985 1070 3053 eredita
1087 2985 1128 3054 P·
1144 2985 1266 3150 Stilbps.
1281 2985 1321 3080 J.
1342 3003 1408 3075 pru
1425 2983 1491 3052 aris
1516 2975 1670 3074 focisque
1690 2977 1898 3052 clericalibus
1914 3005 1994 3053 con·

1253 3101 1276 3175 P
1302 3100 1365 3174 PP
1392 3103 1408 3171 3
1724 3119 1727 3126 ·
1942 3100 1997 3152 “⁸

516 3243 521 3254 '
629 3246 780 3311 tientibus
801 3224 995 3325 allegantur}
1021 3243 1041 3306 fi
1058 3243 1121 3306 hoc
1136 3263 1221 3314 non,
1242 3246 1404 3320 Quaeritur
1417 3263 1425 3306 :
1440 3263 1480 3306 an
1496 3247 1542 3307 iili
1554 3246 1756 3324 Imperatores
1768 3244 1909 3328 persnas
1921 3267 1994 3312 astt-

627 3329 800 3413 stitutionis
814 3327 976 3387 hodiernos
991 3323 1142 3408 Principes
1154 3326 1291 3408 obligare
1304 3331 1483 3408 potuerint,
1504 3329 1679 3410 privilegiis
1690 3327 1766 3408 hisce
1773 3327 1859 3409 sorte
1870 3332 1995 3394 rainone

637 3412 765 3475 Civitati
783 3406 999 3470 minantibus?
1590 3479 1603 3504 ο

557 3532 591 3606 a)
614 3525 676 3594 Sed
693 3528 820 3608 qnando
833 3524 915 3588 adali
934 3525 988 3588 ille
1003 3524 1092 3588 casus
1109 3523 1330 3590 neceffitstis‘i
1353 3523 1427 3590 Nun
1451 3525 1503 3588 nid
1517 3533 1612 3596 tnnc,
1634 3520 1658 3586 li
1677 3521 1784 3586 omnis
1799 3522 1883 3587 bons
1902 3523 1995 3590 stabi-

629 3612 687 3678 lia.
713 3611 841 3672 subditis
858 3609 1022 3672 laicalibus
1036 3610 1169 3671 omnino
1184 3611 1364 3680 evacuatis,
1384 3609 1423 3671 ad
1467 3608 1616 3679 calefias,
1642 3603 1846 3680 monasteris,
1871 3606 1995 3690 alisque

631 3692 832 3839 ppffiitl'esg'iats
846 3708 980 3773 corpora
1000 3692 1053 3755 tel
1070 3690 1215 3775 personas
1228 3691 1347 3756 suerint
1369 3692 1541 3766 translata,
1573 3686 1721 3777 prolecto
1742 3699 1820 3751 tunc
1833 3689 1917 3754 adest
1939 3711 1996 3756 ne·

692 3890 854 3971 Quidquid
873 3890 909 3954 stt
927 3889 1094 3954 secundum
1120 3888 1192 3972 Cap.
1211 3909 1241 3968 4.
1267 3885 1349 3971 &p
1370 3888 1407 3952 aa
1431 3889 1516 3952 Imm.
1543 3887 1622 3954 Ettl.
1666 3888 1769 3953 uidem
1788 3888 1934 3966 collectae
1959 3888 1995 3954 bc
2067 3973 2070 3978 Ι

632 3975 748 4036 tributa
767 3973 859 4035 bonis
877 3972 1096 4036 Ecclestaliicis
1114 3973 1235 4035 nonnisi
1251 3971 1384 4053 conjicito
1397 3974 1486 4053 prius
1497 3973 1619 4052 summo
1638 3908 1799 4052 Pontifici,
1822 3972 1856 4034 nr
1879 3969 1943 4036 fils
1966 3975 1994 4038 i·

634 4056 719 4139 scopi
740 4053 773 4117 ἃ
788 4054 897 4117 Clesus
918 4069 1037 4118 tantam
1056 4055 1266 4118 necessitatem
1287 4055 1340 4117 vel
1356 4055 1526 4116 utilitatem
1550 4054 1749 4135 aspexerint,
1783 4065 1818 4118 nt
1837 4055 1875 4118 ad
1891 3994 1963 4118 tubi
1977 4085 1994 4103 ·

634 4138 754 4200 vendas
768 4157 952 4199 communes
966 4136 1162 4200 uecelsttatus
1182 4137 1214 4201 δι
1229 4140 1402 4210 utilitates,
1424 4139 1476 4198 uni·
1490 4135 1653 4198 Laitnrum
1672 4136 1833 4213 facultates
1846 4157 1907 4200 eron
1914 4136 1996 4220 step·

632 4230 757 4303 petunt,
781 4219 907 4281 subsidia
927 4239 980 4300 per
1001 4219 1155 4282 Ecclesiae
1174 4218 1355 4283 existiment
1371 4218 1577 4290 conferenda,
1596 4217 1919 4282 bonisEcclelial'licis
1935 4221 1997 4284 im·

634 4305 713 4386 poni
726 4301 858 4385 possint,
888 4304 1012 4366 interim
1031 4313 1135 4364 tamen
1153 4306 1190 4365 sb
1210 4302 1270 4364 hac
1289 4302 1398 4364 summi
1415 4299 1579 4364 Pontilicis
1597 4299 1800 4382 requiritione
1816 4299 1849 4364 ἀ
1863 4303 1995 4366 arbitra·

634 4396 746 4448 mento
759 4384 862 4458 Cleri,
889 4384 1075 4468 Jubfitiiaris
1099 4392 1221 4446 tautum
1246 4383 1465 4448 deficientibus
1486 4383 1653 4446 Laicorum
1674 4382 1876 4448 facultatibus
1892 4385 1996 4448 colle-

633 4466 700 4531 tlas
716 4467 861 4549 praeliare
878 4467 1019 4529 volentis
1035 4468 1067 4530 in
1082 4466 1190 4530 multis
1212 4469 1307 4531 etiam
1328 4464 1502 4530 Catholicis
1528 4465 1644 4546 llegnis
1667 4467 1875 4547 imperantes,
1910 4471 1995 4528 bona

632 4548 846 4613 Ecctefiastica
870 4569 940 4611 cum
958 4550 1051 4612 bonis
1074 4549 1241 4612 Laicorum
1263 4552 1420 4631 aqualiter
1440 4548 1662 4623 collaetando,
1696 4547 1901 4620 remiserunt,
1932 4546 1993 4608 Ca·

632 4631 776 4695 tholicos
789 4632 967 4695 Germanias
977 4631 1134 4718 Principes
1148 4633 1306 4698 timoratae
1315 4630 1378 4697 luae
1390 4629 1609 4712 conscientias,
1629 4651 1695 4697 non
1707 4629 1771 4697 line
1779 4636 1905 4698 interno
1914 4647 1994 4713 gau·

632 4715 705 4793 dio,
724 4715 949 4801 relinquentes.
1635 4727 1638 4732 '
1714 4721 1724 4732 “
