5017 5592
524 655 624 751 m
641 600 906 747 nouorum
921 605 1627 768 accrastasatcossoorauuu
1647 587 1893 751 roraret.
1918 685 1987 774 arr

510 851 590 930 usus
608 852 660 925 vel
680 851 747 923 duo
765 844 870 922 adesse
884 847 1045 921 deberent
1057 848 1167 942 eapita'
1183 843 1420 942 Reipublicae,
1445 849 1605 943 Princeps
1629 845 1753 923 scilicet
1768 850 1860 926 simul
1881 855 1914 928 dt
1932 875 1991 953 po·
2033 821 2038 832 Ι
2066 933 2073 942 ,

510 953 631 1050 pulus,
658 950 709 1020 vel
725 951 881 1044 princeps
901 972 964 1043 pro
986 945 1047 1017 islo
1065 943 1178 1020 saltem
1197 942 1272 1019 casu
1293 935 1455 1021 definetet
1470 946 1534 1020 etl'e
1556 949 1714 1048 princeps
1722 998 1731 1035 ,
1757 952 1848 1047 quod
1863 978 1993 1028 utrum.

510 1075 580 1149 que
596 1050 647 1121 rel
665 1052 812 1140 cogitare
831 1043 1009 1117 absurdum
1023 1042 1082 1117 esl.
1712 1071 1716 1078 ·
2092 1045 2096 1054 '

552 1217 590 1294 a)
618 1211 701 1277 Part.
723 1228 754 1275 2.
775 1230 803 1275 c.
825 1229 874 1292 13.
894 1214 924 1293 §.
948 1228 997 1275 12.

552 1333 592 1415 b)
612 1327 707 1395 Cous.
722 1328 791 1397 Car.
809 1330 886 1396 Aut.
897 1330 937 1393 de
952 1327 1080 1394 Martini
1092 1324 1245 1395 Politian.
1259 1328 1300 1395 de
1315 1327 1381 1403 Jat.
1401 1327 1500 1396 civit.
1521 1331 1549 1410 ς.
1564 1348 1637 1415 374.

1143 1515 1178 1604 a
1222 1507 1364 1584 Lvu.

633 1640 760 1741 Qodfi
776 1641 908 1717 tandem
923 1643 1023 1717 etiam
1037 1638 1267 1715 Lochsleiniua
1283 1641 1476 1739 potestatem
1495 1641 1661 1716 atributis
1680 1644 1844 1719 eximendi
1862 1648 1989 1745 prinei.
2045 1631 2048 1636 ’

511 1740 615 1842 pibus
634 1745 767 1837 plenam
790 1766 888 1839 atque
904 1740 1105 1857 illimitptem
1128 1745 1167 1853 in·
1183 1741 1367 1856 Republica
1385 1740 1581 1857 potestatem
1603 1742 1800 1816 habentibus
1821 1748 1993 1861 concedit,

514 1838 1992 2038 :lassllfflzllllsll,ll‘it‘s‘lltss‘lllllll‘tlssllhlff‘tllle

516 2034 664 2134 proinde
682 2037 812 2105 ratione
828 2037 1003 2129 impugnat
1022 2034 1228 2106 validitatem
1250 2034 1506 2128 privilegiorum
1526 2033 1567 2105 ab
1590 2037 1856 2131 imperatoribus
1871 2042 1995 2114 Fride·

515 2137 591 2208 rico
604 2136 651 2204 ll.
670 2132 703 2204 dt
720 2131 843 2203 Cereio
857 2135 917 2202 lV.
935 2128 1084 2204 Ecclesiis
1099 2131 1271 2213 datorum,
1299 2131 1432 2227 eoquod
1449 2132 1511 2204 hae
1527 2129 1793 2216 constitutiones,
1811 2139 1858 2207 uti
1876 2141 1994 2233 opina·

518 2255 595 2315 tur,
619 2255 685 2302 non
704 2226 765 2301 snt
779 2225 887 2301 fassae
903 2229 945 2301 de
966 2229 1073 2301 libero
1092 2226 1234 2299 slatuum
1255 2232 1396 2326 Imperii
1417 2225 1596 2311 consensu,
1617 2230 1769 2340 adeoque
1790 2233 1916 2307 nullam
1937 2237 1995 2308 ba·

513 2329 617 2401 beant
638 2327 896 2419 obligationem,
931 2348 987 2398 aut
1009 2324 1132 2425 siquam
1155 2325 1297 2409 habent,
1329 2352 1394 2422 pro
1417 2324 1492 2397 solis
1514 2330 1612 2398 terris
1632 2330 1762 2401 Caesari
1784 2336 1935 2431 propriis
1960 2333 1995 2410 dt
2018 2409 2032 2426 „

514 2426 767 2511 haereditariis,
794 2450 861 2498 non
877 2447 989 2500 autem
1005 2449 1070 2524 pto
1085 2427 1235 2523 Imperio
1248 2424 1398 2520 obligare
1412 2428 1587 2524 potuerint
1596 2449 1605 2511 ;
1621 2429 1656 2516 a)

499 2565 508 2592 ‘
637 2560 703 2636 Sed
716 2585 797 2634 vero
812 2585 850 2633 ex
865 2560 973 2632 multo
996 2559 1105 2655 capite
1118 2582 1352 2653 argumentum
1369 2559 1433 2633 hoc
1453 2556 1638 2646 refellitur,
1667 2561 1823 2658 inprimis
1843 2527 1933 2636 enim
1954 2586 1997 2639 eo
2129 2549 2133 2558 ¹

518 2683 693 2756 tempore,
718 2685 787 2756 quo
803 2655 945 2730 Ecclesia
961 2660 1161 2731 Germanica
1174 2657 1215 2729 ab
1230 2654 1372 2730 altesatis
1392 2657 1656 2756 Imperatoribus
1678 2660 1854 2757 privilegia
1875 2665 1998 2734 immu·
2088 2733 2091 2738 .

516 2761 795 2853 nitatisaecepit,
822 2753 922 2827 slatus
943 2757 1083 2852 Imperii
1108 2756 1249 2827 necdum
1271 2756 1461 2829 habuerunt
1478 2756 1532 2850 jus
1551 2760 1619 2828 voti
1637 2754 1768 2830 decistri
1786 2762 1824 2850 ,in
1845 2754 1999 2850 serendis

519 2854 652 2950 legibus
670 2855 829 2950 Imperii,
860 2854 974 2925 aliisve
989 2855 1133 2944 negotiis
1146 2851 1308 2950 publicis,
1332 2877 1389 2928 aut
1405 2853 1519 2951 siquod
1537 2851 1593 2926 sibi
1609 2878 1865 2948 arrogaverunt,
1886 2857 1998 2932 eidem
2047 2931 2053 2944 ,

518 2952 654 3050 semper
669 2951 710 3022 ab
730 2951 994 3047 imperatoribus
1009 2946 1076 3022 fuit
1091 2949 1353 3034 contradillum‚
1377 2953 1504 3048 idquod
1521 2978 1560 3025 ex
1574 2952 1643 3048 ipsa
1658 2978 1740 3051 pace
1754 2951 1997 3049 Weslphalica,

516 3075 558 3125 ex
573 3076 639 3148 qua
660 3051 795 3123 demum
814 3051 868 3144 jus
890 3046 1025 3120 firmum
1047 3072 1266 3145 acceperunt,
1300 3049 1440 3147 ejusque
1461 3075 1521 3122 art.
1548 3064 1579 3131 8.
1601 3057 1634 3143 ᾖ.
1657 3053 1822 3144 gaudeant
1843 3053 1906 3127 dte.
1933 3052 1998 3130 dae.

518 3147 693 3231 elucescit,
718 3147 775 3219 ubi
793 3145 939 3244 expresse
957 3147 1105 3217 additur:
1131 3150 1192 3229 dne
1209 3155 1460 3233 contraditione,
1484 3149 1575 3244 quod
1598 3149 1797 3221 vocabulum
1816 3147 1915 3223 slatus
1933 3153 2017 3226 tm..
2114 3195 2124 3208 -

519 3249 611 3345 ¹perii
630 3267 719 3318 certe
743 3243 880 3316 sollicite
901 3243 986 3314 adeo
1007 3266 1074 3313 non
1104 3241 1347 3327 adhibuissent,
1380 3244 1494 3342 fiquod
1517 3247 1571 3339 jus
1596 3243 1733 3318 firmum
1756 3247 1997 3320 &radicatum

493 3359 495 3364 '
520 3344 663 3420 antehac
678 3338 873 3415 habuissent.

636 3478 725 3548 Dein
739 3473 817 3546 illae
831 3466 1083 3571 praedislnrum
1101 3473 1348 3566 Imperatorum
1368 3469 1616 3544 constitutiones
1637 3493 1703 3543 non
1724 3468 1798 3543 sunt
1820 3471 1910 3567 leges
1933 3475 2000 3546 Im·

518 3575 628 3676 perii,
653 3572 707 3644 sed
725 3576 839 3669 potius
856 3572 1060 3643 exemtioues
1075 3593 1094 3639 a
1112 3568 1202 3660 lege,
1230 3570 1296 3641 ie.
1315 3571 1510 3667 privilegia,
1535 3570 1586 3663 jus
1612 3593 1721 3640 autem
1746 3569 1844 3642 dandi
1864 3571 2001 3667 privile·

520 3675 595 3766 gia,
620 3696 687 3742 nou
707 3692 837 3742 tantum
853 3692 917 3764 pro
937 3665 1015 3738 solis
1035 3670 1132 3737 terris
1156 3664 1287 3737 Caesari
1308 3672 1457 3767 propriis
1481 3666 1535 3738 sed
1558 3693 1619 3764 pto
1640 3691 1711 3739 roto
1727 3671 1827 3740 etiam
1850 3672 2000 3764 Imperio

520 3769 682 3853 valitura,
715 3766 831 3864 eslius
854 3762 985 3837 Caesari
1004 3761 1225 3844 reservatum,
1254 3789 1337 3855 ergo
1359 3765 1464 3859 posito
1487 3769 1606 3847 etiam,
1639 3763 1829 3837 consensum
1856 3764 2001 3839 slatuum

521 3889 596 3939 tum
612 3871 776 3964 temporis
793 3866 832 3935 ad
848 3865 996 3956 legeslm
1024 3864 1085 3932 crii
1099 3857 1251 3932 ferendas
1270 3857 1364 3932 fuisse
1379 3861 1609 3943 necessarium,
1630 3861 1781 3934 &tamen
1799 3861 2001 3953 negleslum,
2021 3939 2027 3950 ,

520 3965 691 4062 ejusmodi
707 3962 977 4042 couslitutiones,
993 3885 1021 4030 sl
1030 3984 1096 4029 non
1106 3981 1143 4030 ut
1156 3959 1412 4053 legeslmperii,
1429 3959 1541 4033 saltem
1557 3983 1594 4031 ut
1606 3960 1781 4055 privilegia
1797 3956 1979 4034 subfislunt.

616 4115 799 4211 -Denique
817 4109 935 4184 falsum
954 4108 1017 4192 esl,
1052 4110 1111 4180 has
1132 4106 1380 4182 constitutiones
1400 4106 1559 4181 emanasse
1578 4105 1768 4179 inconsultis
1787 4112 1927 4204 Imperii
1943 4107 2004 4181 sta·

524 4205 635 4295 tibus,
659 4215 812 4309 quisquis
833 4216 922 4283 enim
944 4234 998 4280 eas
1021 4207 1197 4300 relegerit,
1223 4206 1349 4280 ridebit
1371 4209 1451 4279 haec
1474 4210 1524 4279 vel
1542 4210 1593 4280 bis
1611 4204 1725 4277 similia
1747 4206 1845 4276 verba
1863 4206 2003 4280 inserta:

522 4315 597 4382 Nes
611 4334 646 4380 ea
663 4323 763 4382 amnia
783 4315 818 4385 sd
826 4313 948 4404 fingala
967 4310 1003 4376 de
1018 4311 1208 4399 Principum,
1228 4312 1443 4386 Dominarum,
1463 4315 1631 4386 Comitum,
1658 4311 1830 4388 Baranam,
1848 4309 2003 4396 fidelium·

524 4431 585 4502 que
599 4407 766 4500 nostrarum
781 4411 897 4497 confisae
916 4410 1092 4484 irritamus,
1118 4399 1260 4494 raffrmrrr
1278 4407 1336 4479 &a
1355 4409 1415 4478 &a
1435 4401 1594 4473 tcslantur
1611 4426 1647 4473 er
1671 4401 1838 4502 oipstmet
1853 4408 2005 4502 Impera·

525 4526 637 4590 tores,
663 4502 696 4578 se
710 4507 790 4579 haec
806 4505 984 4604 privilegia
998 4501 1039 4573 de
1056 4499 1199 4574 slatuum
1215 4499 1352 4580 coasilio
1368 4499 1521 4588 Ecclestis
1537 4425 1670 4576 derisi

566 4675 604 4757 a)
624 4672 708 4741 Part.
730 4691 807 4743 ne.
830 4693 880 4758 13.
903 4672 930 4759 ς.
952 4689 1002 4754 ¹3·
1024 4667 1059 4734 dr
1079 4687 1131 4753 14.
1726 4763 1737 4776 .
1821 4661 2004 4840 '‘LVIII''
2088 4741 2091 4746 .
