5017 5592
480 599 488 620 ’
570 653 638 728 os
650 651 780 749 June
802 625 1068 726 cissnnno
1085 615 1455 729 nnitianianuit
1476 652 1696 730 uniscunt.
1813 677 1879 753 η,

512 854 559 896 ex
572 831 695 894 diutino
716 828 924 911 Episcopatus
940 793 1141 910 interregno,
1160 843 1214 894 aut
1229 854 1273 897 ex
1288 832 1503 912 frequentiore
1522 831 1752 916 Episcoporum
1768 832 1878 895 absen-

363 993 365 1000 .
512 919 570 984 tie,
586 929 639 976 sut
654 937 695 976 ex
707 933 819 977 eorum
835 911 980 974 diuturne
997 915 1200 994 negligentia,
1211 919 1264 994 qui
1280 917 1433 997 praescribi
1446 937 1513 978 eain
1533 916 1791 980 consuetudinem
1803 914 1877 998 passi

512 995 589 1060 tint.
608 1010 662 1057 nut
674 1000 809 1079 denique
829 1013 872 1055 ex
891 994 1080 1076 privilegio,
1099 998 1184 1077 quod
1210 997 1354 1080 Episcopi
1368 997 1424 1080 ipsi
1440 997 1665 1076 concesserint,
1680 999 1759 1066 sicut
1774 997 1807 1064 dr
1822 999 1881 1063 eli·

431 1061 457 1114 ⁰
513 1079 611 1166 genili
623 1081 756 1145 Abbatis
768 1077 941 1161 privilegio
956 1085 1020 1141 tam
1037 1081 1136 1143 multa
1149 1081 1478 1147 donaruntcoenobia.
1490 1123 1511 1158 ‚,

1066 1280 1097 1370 ς,
1144 1278 1177 1351 X
1186 1279 1214 1353 l.

515 1418 601 1488 Sunt
616 1410 775 1512 equidem
794 1395 948 1484 nonnulli
971 1409 1250 1507 publicislarum,
1275 1412 1334 1510 qui
1357 1411 1398 1486 ad
1415 1432 1567 1509 tempora
1589 1411 1733 1486 Henrici
1747 1415 1794 1485 V.
1812 1411 1881 1484 ori·

409 1515 512 1608 gincm
534 1513 619 1608 juris
689 1513 883 1582 'mariscum
910 1535 1049 1606 precum
1072 1506 1220 1600 reserent
1243 1515 1277 1603 a)
1303 1536 1342 1584 ea
1365 1509 1574 1609 persuasione
1596 1509 1751 1593 indusli,
1773 1506 1883 1607 quod,

409 1610 576 1708 pnslquam
592 1635 634 1707 pa
671 1610 883 1681 oCrllirtum
898 1613 943 1682 ll.
961 1613 1050 1681 inter
1067 1610 1100 1681 dr
1116 1613 1305 1681 Henticum
1320 1615 1364 1682 V.
1379 1613 1463 1682 inito
1478 1613 1587 1706 Reges
1605 1607 1880 1703 Germaniaejurc

410 1711 671 1781 intellitnrarum
694 1733 755 1804 per
774 1707 985 1779 annulum&
1007 1706 1164 1800 baculum
1185 1706 1383 1805 pastoralem
1404 1705 1543 1780 suerunt
1567 1706 1733 1790 destituti,
1754 1704 1812 1778 sub
1829 1728 1879 1778 ra·

412 1811 494 1923 tione
512 1809 689 1920 advocatie
710 1803 876 1920 sceleste,
897 1829 971 1900 quac
988 1803 1064 1973 ispsis
1082 1808 1212 1920 reliqua
1228 1803 1424 1899 permansit,
1447 1810 1482 1921 in
1497 1803 1647 1919 Ecclesiis
1668 1801 1880 1918 &monaste-
1992 1823 1998 1834 ·

411 1902 987 2097 ttttltltlltglt‘tsltt?
994 1901 1882 2098 :lsslsstlil'ill,list:‘cst'tstntilttll

413 2105 530 2176 Verum
553 2124 632 2172 cum
648 2101 717 2171 linc
739 2095 870 2170 assertio
886 2099 1016 2169 idoneis
1036 2097 1251 2196 comprobari
1272 2123 1415 2192 nequeat
1431 2102 1656 2172 monumentis
1671 2122 1728 2170 tut
1742 2095 1883 2195 scripto·

417 2223 480 2272 rum
502 2222 751 2272 coaetsneorum
778 2193 974 2268 testimoniis
998 2199 1033 2287 i)
1056 2200 1091 2267 in
1115 2197 1254 2269 eandem
1273 2192 1452 2269 difficulter
1473 2197 1654 2293 pertrahor
1674 2195 1883 2280 sententiam,

416 2299 557 2394 quereris
575 2320 642 2368 non
660 2295 760 2387 longe
779 2291 852 2389 post
868 2294 958 2366 illim
981 2297 1236 2367 conventionem
1259 2295 1469 2366 Callixtinam
1490 2295 1585 2364 initia
1607 2293 1774 2389 ejusmodi
1794 2294 1882 2387 juris

413 2393 639 2470 introducendi
661 2391 766 2490 posita
787 2387 903 2477 fuisse,
927 2391 1016 2464 haud
1038 2388 1198 2473 diffitear,
1220 2395 1351 2490 quippe
1372 2393 1482 2464 eidem
1505 2387 1616 2462 seculo
1636 2391 1789 2463 videlicet
1805 2391 1883 2460 xit.
1988 2431 1999 2438 -

413 2498 499 2588 otigo
518 2489 619 2574 sesti,
643 2491 731 2563 unde
743 2489 797 2586 jus
810 2490 888 2560 dein
904 2513 1038 2563 enatum
1054 2489 1118 2572 ell,
1141 2491 1272 2583 alligsri
1285 2491 1407 2562 merito
1421 2486 1546 2587 potest.
1568 2514 1645 2562 cum
1659 2488 1883 2560 SeculoXlll.

412 2591 604 2688 Rudolphus
619 2588 659 2661 ab
673 2591 808 2683 entique
826 2587 895 2659 dra
919 2584 1140 2662 decessoribus
1161 2586 1347 2684 approbata
1368 2586 1606 2660 consuetudine
1627 2586 1680 2682 jus
1704 2585 1884 2682 primaria·

412 2711 480 2762 turn
501 2712 642 2788 precum
658 2682 804 2783 expresse
819 2685 972 2757 deducat.
1021 2690 1151 2757 Primos
1172 2708 1284 2757 autem
1300 2683 1392 2756 isius
1411 2690 1444 2756 in
1461 2685 1655 2781 hujusmodi
1681 2685 1824 2778 negotiis
1835 2684 1885 2774 inq

412 2789 539 2884 quirete
560 2785 595 2858 dr
616 2784 765 2856 indicare
784 2782 889 2864 velle,
911 2778 1083 2855 essersene
1106 2807 1192 2878 opus
1214 2778 1412 2855 infrustuoli
1442 2783 1591 2865 laboris,
1621 2782 1655 2855 ἃ
1687 2781 1883 2878 ineptientis

411 2882 574 2981 cujusdem
588 2882 786 2955 eruditionis
809 2879 1045 2976 presumptio:
1074 2905 1151 2951 nam
1168 2881 1232 2952 boc
1248 2879 1302 2975 jus
1316 2878 1492 2953 caesarenm
1508 2884 1561 2952 vir
1579 2905 1616 2951 ac
1634 2904 1674 2952 nc
1690 2885 1743 2950 vix
1759 2879 1883 2975 potnit,

412 2977 483 3056 ficut
496 2981 532 3055 dr
547 2981 618 3053 elie
633 2977 813 3077 disciplinae
833 2981 1082 3061 innovationes,
1101 2982 1136 3049 iti
1152 2979 1274 3075 quibus
1289 2976 1382 3050 censa
1409 2982 1551 3052 vertitur
1576 2975 1821 3075 Episcoporum
1846 2974 1882 3050 dt

413 3079 552 3176 Regum,
578 3077 720 3175 obruptc
737 3077 770 3149 dr
786 3102 854 3149 uno
876 3073 1021 3173 impulsu
1038 3073 1129 3160 fieri,
1154 3077 1294 3149 invaluit
1307 3074 1421 3150 sensim
1438 3077 1471 3149 dr
1495 3076 1720 3175 pedetentim,
1746 3077 1885 3172 inopine

414 3175 574 3278 dipraeter
590 3199 737 3249 mentem
753 3171 825 3248 sere
844 3175 877 3246 br
918 3198 1015 3246 raeter
1036 3174 1257 3257 voluntatem,
1279 3176 1324 3247 ita
1339 3178 1428 3248 enim
1445 3173 1526 3249 solet
1543 3178 1576 3247 in
1591 3177 1631 3246 iis
1648 3179 1793 3256 evenire,
1808 3195 1883 3268 quae

414 3273 462 3350 usu
484 3277 709 3350 invehuntur:
730 3297 805 3344 ante
827 3199 1029 3346 consuetudo
1045 3273 1160 3344 inolita
1180 3271 1338 3354 sentitur,
1359 3299 1460 3367 quam
1483 3273 1663 3346 sentiretur
1683 3268 1882 3357 inolescete3

415 3399 462 3448 nec
478 3379 572 3449 enim
588 3368 659 3444 sere
676 3369 732 3442 nis
748 3372 789 3442 de
805 3369 937 3463 singulis
955 3371 1147 3462 negotiis&
1170 3368 1271 3441 censis
1295 3372 1510 3467 expediendis
1535 3370 1666 3443 solliciti
1689 3369 1822 3452 sumus,
1842 3394 1884 3439 an

415 3495 515 3548 tntem
536 3495 576 3545 ex
595 3468 715 3567 sepius
731 3472 857 3541 iteratis
873 3469 1033 3565 exemplis
1047 3466 1251 3541 consuetudo
1272 3468 1371 3582 &ujus
1393 3471 1610 3541 invaliturum
1629 3467 1665 3539 sit
1691 3466 1885 3563 aliquando,
2007 3551 2011 3556 Ι

415 3594 463 3645 uec
479 3569 664 3670 providere
682 3569 795 3638 animo
812 3563 999 3664 possumus,
1022 3592 1082 3637 nec
1096 3562 1168 3637 fere
1183 3570 1217 3637 in
1239 3571 1474 3658 cogitationem
1498 3570 1606 3646 venit,
1628 3589 1839 3663 quanquam,
1860 3560 1886 3636 fi

413 3663 493 3742 isius
511 3668 628 3741 talete
649 3669 839 3763 potentiore
855 3687 1084 3746 exerceantur,
1108 3664 1249 3762 provida
1266 3668 1386 3734 mentis
1403 3667 1584 3735 attentione
1608 3663 1810 3756 pensandum
1831 3658 1880 3742 sit,

415 3789 528 3840 tnnon
544 3767 665 3862 primis
686 3762 858 3835 conatibus
885 3763 925 3833 ab
947 3765 1007 3844 iis,
1032 3787 1176 3857 quorum
1197 3760 1348 3842 interest,
1376 3768 1450 3858 pari
1471 3760 1629 3833 firmitate
1652 3757 1759 3832 obfisli
1780 3785 1886 3855 opor-

412 3884 481 3948 teat,
508 3863 730 3935 nihilominus
752 3859 978 3959 sepenumero
998 3862 1067 3932 haec
1090 3858 1329 3931 animadversio
1350 3864 1459 3930 omitti
1475 3859 1573 3932 solet:
1597 3885 1672 3931 cum
1688 3884 1729 3930 ne
1744 3859 1783 3929 ab
1802 3855 1880 3950 i'psis

413 3963 539 4058 quidem
558 3958 787 4058 superioribus
808 3955 1024 4056 potestatibus
1043 3957 1214 4030 nascantur
1235 3957 1369 4030 exordia
1391 3958 1585 4054 hujusmodi
1596 3958 1749 4054 jurium,
1772 3955 1826 4027 led
1841 3978 1881 4027 ex

378 4051 381 4058 ¹
415 4064 503 4134 titiis
526 4056 752 4132 incidentibus
767 4054 918 4129 causis&
941 4055 1182 4140 occasionibus,
1204 4055 1325 4152 quibus
1346 4060 1503 4130 mortales
1518 4080 1684 4150 coguntur
1699 4056 1739 4125 ad
1758 4079 1796 4127 ea
1809 4080 1887 4126 con·

415 4153 539 4254 lugere:
565 4154 608 4230 sic
629 4158 727 4249 origo
749 4159 986 4250 primatisrum
1004 4180 1142 4251 precum
1164 4162 1313 4251 primum
1338 4178 1411 4226 orta
1432 4156 1524 4227 credi
1547 4153 1653 4250 potest
1676 4178 1714 4226 er
1731 4151 1884 4225 sollicite·

416 4259 494 4332 tione
509 4277 723 4349 magnatum,
741 4255 799 4351 qui
818 4277 881 4349 pro
900 4249 1000 4335 filiis,
1028 4251 1297 4345 consanguineis,
1318 4275 1375 4324 sut
1391 4253 1463 4323 aliis
1480 4250 1630 4350 personis
1647 4251 1704 4323 fibi
1721 4257 1823 4346 gratis
1840 4256 1887 4323 iti·

417 4352 615 4429 tctc'esliones
634 4353 666 4425 dr
691 4351 998 4424 commendationes
1016 4349 1173 4423 caesarum
1194 4353 1380 4447 expetiere,
1403 4373 1441 4421 ut
1456 4375 1571 4423 earum
1589 4354 1710 4424 intuitu
1725 4349 1888 4447 Episcopi

418 4452 508 4528 dirlii
531 4453 712 4526 collatores
730 4453 764 4521 in
780 4446 930 4520 Ecclesis
947 4446 1192 4523 cathedralibus
1209 4451 1351 4544 aliisque
1372 4447 1532 4522 beneficia
1555 4450 1795 4521 commendatis
1811 4473 1889 4520 con·

416 4547 561 4627 settent:
589 4574 658 4622 non
682 4572 824 4645 potuere
846 4545 931 4644 saepe
959 4545 1092 4620 cesares
1116 4544 1203 4618 hisce
1236 4544 1533 4644 supplicationibus
1564 4574 1678 4622 aurem
1710 4546 1888 4638 benignam

417 4675 470 4728 nnn
484 4649 661 4754 prebere,
680 4646 713 4722 dr
730 4646 906 4722 collatores
922 4646 1033 4721 literas
1049 4646 1246 4745 imperiales
1264 4649 1550 4730 commendetitias
1567 4650 1889 4740 venerationequtn·

1187 4749 1268 4840 ez
1855 4761 1890 4812 ι·
2036 4835 2041 4842 ,
