5017 5592
602 616 673 696 οε
688 615 817 715 Juaa
836 614 1103 706 caasnaao
1125 565 1498 708 inritaturum
1517 619 1771 715 rancum,
1838 639 1907 731 ut

422 804 587 883 vertitur,
610 824 672 897 per
693 821 812 896 preces
833 800 1007 871 nominare
1028 821 1106 871 eum
1127 820 1282 895 oportet,
1305 824 1344 873 ot
1367 805 1591 879 communiter
1617 806 1801 903 diplomata
1826 833 1918 908 pre.

425 928 506 976 cum
520 895 748 970 Cesarearum
771 900 990 970 intentionem
1006 897 1089 968 hanc
1106 894 1281 969 salutarem
1305 904 1555 996 Imperatorum
1579 904 1821 980 contestantur:
1845 905 1903 983 sed

419 997 599 1101 quomodo
612 996 647 1068 id
659 991 871 1078 observetur,
893 1000 1003 1092 praxis
1017 1020 1085 1068 non
1101 992 1167 1069 sroe
1181 995 1304 1070 damno
1318 997 1539 1072 Ecclesrarum
1558 1000 1689 1076 abunde
1703 1004 1813 1079 dotet.

461 1173 501 1253 a)
523 1165 598 1233 Vid
613 1162 781 1254 Fritschiu'a
798 1163 838 1228 de
851 1163 967 1247 precib.
981 1161 1071 1246 prim.
1087 1183 1114 1228 o.
1130 1181 1159 1226 2.
1175 1179 1204 1224 n.
1217 1174 1269 1246 48.
1284 1161 1563 1244 Proermeisterur,
1586 1169 1759 1236 Schutzioa
1769 1217 1779 1247 ,
1790 1173 1914 1257 May0·'
2000 1127 2010 1158 ³

540 1267 595 1311 rua
609 1247 648 1309 de
665 1267 747 1329 pree.
767 1248 857 1346 prim.
872 1245 964 1309 Thes.
973 1265 1031 1391 ἓ.
1052 1246 1231 1308 Malcovius
1257 1245 1330 1346 Diis.
1354 1249 1393 1311 de
1408 1247 1517 1353 Regali
1543 1253 1588 1315 Im
1612 1255 1763 1353 erialique
1786 1255 1910 1338 Augu·

539 1330 657 1394 storum
676 1329 855 1392 Germaniae
876 1331 971 1412 Augu
1019 1347 1150 1411 rumque
1165 1343 1377 1392 coronatione
1393 1351 1420 1393 c.
1437 1350 1467 1412 4.
1489 1333 1521 1413 p.
1537 1355 1566 1416 9.
1633 1337 1697 1400 aln.
1926 1374 1929 1378 -

462 1449 503 1532 d)
523 1447 597 1515 Vid.
615 1445 818 1544 lllagneteclt
831 1443 1009 1509 comment.
1027 1445 1164 1527 Exeget.
1181 1444 1235 1544 Sd.
1251 1467 1318 1510 can.
1339 1445 1378 1513 T.
1392 1447 1418 1548 1ἰ
1438 1447 1472 1511 L.
1487 1446 1543 1510 lll.
1562 1446 1626 1513 Tit.
1641 1472 1672 1555 q.
1689 1449 1817 1533 Pithing
1832 1448 1901 1518 Lib.

542 1528 685 1594 1113111.
705 1530 744 1591 de
761 1531 857 1610 praeb.
875 1548 905 1592 ιι.
928 1547 1001 1611 371.
1022 1527 1133 1609 Engel.
1155 1526 1356 1596 Reiffenstuel
1377 1528 1445 1598 Tn.
1462 1530 1502 1595 de
1517 1534 1613 1615 praeb’.
1636 1534 1671 1615 b.
1688 1532 1762 1601 XX.
1777 1551 1809 1601 n.
1827 1544 1901 1616 824·

463 1651 498 1734 t)
520 1650 579 1717 Utl
598 1648 739 1713 Chokiet
753 1648 816 1711 loc.
834 1646 887 1710 cit.
911 1642 994 1706 διὰ.
1009 1640 1052 1706 ΙΙ.
1073 1643 1191 1718 (ὶιιπίὶ
1210 1645 1285 1715 ΧΠ.

463 1770 502 1851 d)
528 1769 583 1836 Uti
596 1767 764 1852 Oligeoius
781 1765 835 1832 cit.
854 1760 979 1828 Diliert.
1001 1763 1031 1843 §.
1049 1759 1198 1831 LXXIII.

874 1979 1277 2148 caput
1358 2009 1417 2157 u

424 2270 542 2387 Qtae
570 2268 770 2358 beneficia
799 2261 906 2374 apud
933 2226 1178 2349 Catholicos
1206 2264 1350 2372 primis
1376 2259 1571 2373 precibus
1601 2258 1831 2352 afficiantur
1860 2271 1903 2352 δε

787 2412 946 2485 quanam
962 2406 1091 2466 contra
1111 2390 1358 2485 excipiantur,
1379 2389 1540 2468 dedunt.
1880 2417 1883 2422 ’

1015 2585 1038 2614 ”
1111 2633 1145 2735 q.
1192 2634 1223 2709 1.

424 2732 638 2923 Postquam
656 2820 872 2899 fundamenta
888 2851 983 2911 vera,
1014 2829 1110 2927 queis
1130 2828 1186 2926 jus
1213 2829 1450 2927 primariorum
1470 2849 1610 2926 precum
1633 2821 1809 2920 innititur,
1828 2820 1904 2899 subs

424 2931 530 3007 rotis,
552 2948 587 2994 ac
611 2921 747 2995 suffossis
770 2924 884 3008 salba„
899 2925 1135 3008 adllrurrmua,
1155 2954 1222 2999 oon
1241 2933 1426 3022 incongrue
1447 2926 1646 3024 subjungere
1666 2922 1902 3007 existimamur,

425 3028 466 3099 ad
487 3048 561 3120 quae
581 3020 738 3093 beneficia
757 3020 822 3094 sese
844 3024 1021 3096 extendant
1041 3029 1159 3119 primae
1181 3051 1314 3122 preces:
1340 3030 1401 3098 hac
1419 3026 1555 3123 quidem
1575 3030 1660 3096 inre
1685 3021 1768 3094 milri
1792 3022 1902 3093 otium

424 3118 536 3196 fecisse
554 3118 705 3191 aussores
721 3122 912 3217 complures
932 3122 1150 3203 videbuntur,
1167 3130 1225 3218 qui
1241 3125 1370 3219 prolixa
1388 3122 1489 3205 serie,
1504 3148 1577 3219 qua
1593 3118 1750 3194 beneficia
1764 3116 1823 3189 sub
1839 3113 1902 3188 fal·

424 3248 462 3296 ce
479 3242 596 3293 earum
617 3218 751 3300 cadant,
767 3241 823 3290 aut
838 3218 878 3290 ab
897 3223 937 3290 iis
960 3223 1121 3292 immunia
1135 3217 1212 3301 snt,
1230 3223 1264 3292 in
1286 3220 1350 3292 suis
1370 3219 1563 3292 trasimibus
1580 3220 1740 3315 librisque
1755 3212 1899 3311 desuper
1942 3297 1945 3302 ¹
2004 3258 2011 3266 -

422 3318 567 3418 pub'rcae
584 3315 647 3386 luci
666 3313 819 3411 expolitis
832 3317 1018 3390 retulerunt
1030 3322 1067 3410 a)
1091 3341 1124 3389 at
1140 3318 1277 3391 cuilibet
1291 3320 1354 3391 boc
1365 3342 1465 3414 caput
1480 3342 1610 3389 mecum
1625 3315 1808 3388 accuratius
1818 3339 1901 3384 non·

422 3418 510 3490 nihil
539 3410 725 3508 dispicienti
744 3410 835 3485 secus
860 3418 998 3486 omnino
1019 3414 1219 3511 apparebit:
1250 3417 1452 3515 plerumque
1474 3419 1563 3485 enim
1588 3416 1613 3483 ii
1642 3411 1901 3507 amplitudinem

423 3512 522 3587 valde
537 3507 684 3583 odiosam
702 3510 1011 3609 &praejudiciosam
1028 3512 1307 3600 indultorumaut
1323 3537 1461 3610 precum
1485 3509 1710 3582 Cesarearum
1726 3504 1900 3578 observan-

422 3636 494 3693 tes,
517 3609 558 3679 ad
578 3605 682 3706 ipsam
704 3612 840 3704 praxin,
860 3607 976 3680 llatuta
993 3609 1026 3681 dt
1042 3608 1295 3682 consuetudines
1315 3608 1533 3682 Ecclefiarum
1554 3609 1831 3677 Germanicarum
1845 3598 1900 3674 vel

421 3710 525 3808 plane
542 3731 626 3788 oon,
647 3703 698 3777 vel
713 3705 822 3777 obiter
836 3705 993 3778 duntaxat
1006 3707 1121 3778 oculos
1147 3729 1361 3805 mentemque
1378 3706 1615 3801 conjecerunt,
1641 3726 1678 3775 ut
1695 3703 1818 3795 legenti
1840 3723 1900 3772 eo·
1916 3715 1933 3724 ”

421 3830 505 3881 rum
524 3805 629 3874 libros
647 3799 857 3874 manifestum
878 3806 1057 3902 palamque
1075 3801 1131 3879 est.

464 3975 508 4057 a)
526 3968 667 4033 Cbokier
679 3969 711 4031 in
728 3967 866 4033 Sebollir
882 3972 919 4032 ad
931 3990 1039 4055 preces
1056 3972 1217 4053 primarias
1236 3949 1757 4119 Se&·11·p·qj(mlr·342&seatss
1780 3958 1900 4031 Wieu-

543 4069 601 4117 uer
617 4050 683 4125 Jur.
699 4050 798 4120 cino.
820 4050 886 4119 Tit
900 4054 1109 4138 reprobent.
1126 4053 1161 4118 dt
1179 4055 1326 4138 digniter.
1346 4054 1417 4120 Art
1481 4051 1542 4119 a&
1562 4051 1616 4116 alia
1628 4045 1745 4133 passam.

1089 4272 1124 4359 ς.
1174 4263 1229 4340 ll.

542 4415 659 4488 Primo
683 4413 796 4512 itaque
817 4414 857 4488 ad
889 4440 961 4491 rem
982 4414 1086 4491 solide
1106 4409 1376 4512 pertrasiandatn
1398 4412 1570 4490 consulere
1591 4427 1729 4509 oportet
1748 4398 1905 4503 amplissi-

423 4538 521 4591 mum
548 4513 757 4586 indultorum
784 4514 1059 4610 Apostolicorum
1081 4538 1153 4585 tum
1177 4534 1329 4585 veterum
1349 4513 1390 4603 a)
1412 4537 1484 4586 tum
1504 4513 1729 4586 recentiorum
1753 4509 1783 4594 l)
1810 4527 1902 4574 teno-

423 4640 518 4702 rem,
538 4611 689 4708 etcujus
703 4608 847 4691 leslionc
860 4611 959 4695 nem'o
972 4639 1041 4708 ooo
1061 4613 1230 4700 advertet,
1250 4633 1351 4709 quam
1364 4610 1430 4690 late
1443 4601 1619 4710 plenitudo
1634 4601 1804 4706 potestatis
1818 4604 1904 4690 Pon·
1946 4574 1948 4578 ¹

549 4707 679 4790 Tonas
700 4704 748 4789 V.
1010 4794 1014 4802 ,
1302 4713 1370 4786 Aa
1448 4795 1454 4804 ¹
1504 4705 1510 4715 '
1837 4689 1903 4773 nfi-
