5017 5592
520 673 592 768 468
766 656 1107 742 nissuuuntio
1154 653 1458 734 HISTORICO·
1478 655 1750 740 canonice

647 848 742 919 Xlll.
775 848 854 915 Nec
878 836 1073 912 Defensoris
1101 834 1135 909 dt
1163 838 1327 910 Advocati
1353 838 1567 911 Ecclesallici
1591 838 1785 913 universalis
1806 838 1927 915 officio
1950 841 2007 917 de·

521 940 588 1020 fuit
613 948 901 1020 Gentianus
927 943 1128 1033 Imperator.
1152 940 1304 1008 conones
1319 939 1462 1009 Concilii
1485 938 1700 1019 Sardicensic,
1727 944 1836 1036 quiin
1853 938 2006 1017 schism·-

519 1046 696 1118 reconditi
720 1036 874 1119 suerent,
899 1035 1120 1109 decernebant
1134 1037 1168 1104 in
1192 1039 1334 1126 gratiam
1352 1039 1620 1130 Imperatorum,
1643 1058 1681 1108 ut
1697 1037 1874 1135 Episcopis
1897 1039 1940 1110 cb
1960 1045 2010 1113 in·'

518 1137 647 1216 seriore
669 1137 829 1239 potestate
851 1130 1069 1207 Ecclesiastico
1083 1130 1241 1229 depositis
1258 1131 1401 1202 liberum
1418 1129 1512 1215 esset,
1537 1138 1725 1206 Romanum
1740 1132 1941 1210 Pontificem
1953 1137 2007 1213 rel

518 1241 767 1337 impetitorem
784 1260 849 1331 pto
866 1230 968 1303 cause
987 1235 1020 1302 iti
1038 1231 1192 1302 Concilio
1212 1230 1410 1301 Provinciali
1425 1256 1542 1301 contra
1557 1231 1589 1304 se
1609 1233 1691 1303 acle
1712 1232 1876 1310 revisone
1900 1236 2005 1313 edite.

515 1340 662 1412 Plurimi
677 1333 854 1432 Episcopi,
871 1330 919 1401 illi
938 1332 1126 1424 precipue,
1150 1331 1208 1423 qui
1233 1326 1277 1397 ob
1296 1351 1432 1416 gravem
1458 1328 1589 1400 haeresis
1610 1328 1831 1427 suspicionem
1855 1331 1930 1405 suas
1946 1338 2008 1415 Can

515 1438 652 1511 thedras
668 1431 862 1508 amiserant,
878 1427 918 1498 ad
932 1428 1053 1497 Aulam
1070 1424 1327 1520 Imperialemse
1341 1449 1596 1512 converterunt,
1616 1426 1673 1498 ubi
1689 1426 1821 1499 sutilius
1838 1428 1871 1501 se
1885 1435 2002 1504 trium·

465 1561 467 1566 ·
515 1537 682 1636 phaturos
699 1529 883 1627 sperabant.
935 1529 1019 1594 Haec
1034 1548 1087 1594 res
1096 1528 1258 1614 Regimen
1268 1521 1418 1595 Ecclesiae
1441 1529 1511 1604 (uti
1529 1527 1909 1621 cogitarepronumesl)
1924 1530 2006 1603 mul.

516 1659 592 1708 tum
610 1628 750 1711 afflixit,
776 1627 810 1697 dt
833 1622 1084 1716 gubernationis
1105 1621 1204 1694 teclae
1224 1618 1357 1692 cursum
1374 1624 1561 1717 impedivit.
1614 1625 1769 1720 synodus
1783 1628 2005 1699 Romanurn·

515 1757 563 1805 no
580 1744 660 1826 378.
680 1752 718 1799 et
736 1721 891 1798 omnibus
908 1713 1080 1817 Episcopis
1103 1721 1207 1788 ltalia·
1226 1743 1426 1811 congregata
1454 1722 1653 1794 Gratianum
1679 1720 1823 1818 desuper
1845 1727 2007 1822 implora·

515 1832 588 1908 vit,
612 1827 707 1922 cujus
722 1823 920 1895 Authoriias
942 1816 1130 1911 Imperialis
1151 1841 1206 1902 30.
1221 1819 1314 1886 annis
1338 1817 1411 1913 poll
1431 1821 1470 1890 C.
1492 1819 1682 1891 Sardicense
1702 1820 1871 1902 decrevit.
1893 1848 1932 1893 ut
1949 1828 2005 1895 Pa·

391 1907 427 2012 ²,
515 1951 563 2028 pa
579 1921 740 2028 Damasus
765 1920 852 2014 apud
871 1919 1012 1985 Romam
1027 1914 1153 2008 judicet
1175 1913 1397 1985 accusationes
1417 1940 1492 1985 cuin
1509 1921 1661 1989 Concilio
1677 1941 1707 2008 5.
1731 1943 1787 1989 aur
1811 1943 1846 2007 7.
1869 1920 2005 2018 Episco-

544 2045 663 2104 orum,
688 2019 774 2092 &ut
790 2011 929 2086 accusati
951 2010 1230 2108 compellantuta
1261 2010 1428 2082 Praefeclis
1481 2023 1635 2096 raerorio,
1658 2014 1919 2088 Proconsulibus
1948 2039 2005 2091 aut

515 2050 665 2195 bicariis
685 2142 741 2191 eas
757 2110 915 2186 Ecclesiae
937 2111 1126 2190 dimittere,
1139 2134 1158 2179 a
1172 2110 1293 2206 quibus
1310 2109 1429 2204 dejesli
1446 2038 1592 2191 sierint,
1615 2138 1672 2184 aut
1696 2116 1850 2184 Romano
1866 2113 1900 2186 se
1919 2122 2002 2192 Pon·

517 2215 599 2294 tifici
618 2218 726 2291 saliere
744 2215 784 2285 ad
799 2208 1004 2282 subeundum
1017 2207 1206 2302 judicium:
1234 2206 1256 2277 si
1274 2234 1353 2279 vero
1376 2209 1512 2280 accusati
1530 2208 1686 2307 Episcopi
1701 2208 1876 2282 confistant
1889 2215 1924 2282 in
1933 2215 2004 2286 loo·

517 2313 754 2412 ginqquribus
772 2309 980 2405 provinciis,
1002 2330 1111 2376 omnis
1125 2304 1197 2398 ejus
1216 2303 1319 2376 cause
1340 2309 1490 2397 cognitio
1510 2307 1689 2401 pertinebit
1709 2310 1747 2377 ad
1770 2311 2005 2385 Provinciaeile

516 2418 584 2489 lini
604 2411 933 2505 Metropolitanum:
955 2403 1019 2474 Sed
1037 2401 1058 2474 s
1077 2400 1242 2473 accusatus
1261 2400 1298 2473 lit
1312 2402 1379 2499 ipse
1395 2406 1701 2497 Metropolitanus,
1725 2431 1796 2477 tum
1818 2410 1847 2478 is
1862 2405 2002 2483 necessa·

515 2518 572 2590 rio
601 2517 742 2584 Romam
771 2508 886 2577 venite
909 2499 1009 2573 debet
1029 2500 1229 2597 judicandus
1252 2500 1378 2571 ibidem
1402 2501 1467 2573 dic.
1526 2507 1647 2574 Statuit
1670 2527 1780 2575 iurem
1813 2510 1942 2600 Imper.
1966 2527 2004 2580 ut

516 2611 684 2711 quidquid
701 2608 774 2679 aR.
789 2607 842 2684 P..
865 2598 930 2673 site
945 2599 1142 2694 ajudicibus
1159 2598 1199 2668 ab
1216 2624 1258 2670 eo
1282 2602 1385 2678 datis,
1409 2597 1472 2670 sve
1488 2623 1506 2669 a
1521 2603 1790 2699 Metropolitano
1807 2600 1861 2676 tel
1873 2604 2001 2699 judicio

523 2738 583 2806 15·
596 2704 841 2809 Episcoporum
862 2693 965 2770 suerit
983 2695 1158 2779 statutum,
1178 2693 1315 2792 prorsus
1334 2696 1494 2769 obtineat.

688 2851 874 2923 Si‘rnioiidus
886 2847 971 2932 opud
991 2847 1067 2912 Patr.
1083 2847 1120 2909 di
1140 2844 1254 2911 Marco
1271 2846 1415 2915 camora.
1435 2846 1473 2915 L.
1495 2845 1572 2915 VII.
1593 2866 1658 2930 cap.
1680 2847 1743 2915 XI.
1761 2849 1817 2915 tilii·
1831 2849 2002 2934 luperam

742 2940 789 2998 ri's
804 2937 952 2995 decretum
973 2930 1070 3011 legere
1084 2929 1134 3013 ess.

636 3063 730 3132 xiv.
763 3059 970 3126 MAGNUS
1005 3051 1321 3121 Tritonostus
1348 3049 1437 3146 apud
1462 3049 1593 3122 Urbem
1614 3048 1885 3124 Thessalonicam
1914 3079 1999 3128 anno

521 3173 606 3260 380.
620 3178 735 3229 recens
750 3151 953 3244 baptizatus,
979 3147 1194 3215 Advocatorii
1211 3142 1311 3217 officii
1328 3174 1406 3239 erga
1420 3148 1595 3220 Ecclesiam
1616 3147 1658 3217 ab
1673 3150 1816 3221 Acholio
1841 3153 1999 3237 modeste,

519 3285 559 3334 tit
574 3275 736 3355 parerat,
764 3248 952 3320 admonitus
970 3239 1047 3313 fidei
1064 3240 1127 3313 sue
1143 3247 1236 3313 initia
1252 3244 1413 3317 seditione
1431 3244 1607 3337 gracillimi
1625 3245 1833 3329 Schismatis,
1854 3255 1945 3345 quod
1965 3255 1999 3322 in

518 3357 698 3454 cpolitani
712 3343 854 3422 Ecclesia
868 3345 1023 3437 impietas
1037 3344 1252 3424 excitaverat,
1278 3344 1497 3425 consecravit,
1524 3370 1592 3438 quo
1607 3343 1665 3416 suo
1680 3341 1789 3430 sisio,
1814 3371 1919 3444 quain
1941 3346 1997 3423 sibi

516 3439 858 3557 protestio‘Eccleliie‘
868 3440 961 3514 cordi
981 3435 1080 3525 esset,
1103 3437 1230 3511 illullre
1244 3437 1411 3538 specimen
1427 3440 1587 3516 exhibuit.
1658 3512 1661 3518 ,
1989 3475 1992 3480 -

701 3598 902 3665 Theodoram
921 3586 1033 3679 Hi'fldr.
1049 3591 1157 3674 Eccles.
1178 3590 1214 3654 L.
1240 3587 1276 3654 V.
1293 3607 1356 3673 cap.
1379 3587 1476 3656 VIII.

521 3732 678 3825 Quorum
693 3720 792 3811 longe
813 3716 875 3787 alia
892 3714 1037 3811 plurimu
1059 3717 1092 3783 in
1110 3708 1326 3806 glotiofislimi
1351 3710 1397 3783 sui
1417 3712 1601 3804 Regiminis
1625 3708 1763 3786 decursu
1787 3712 1863 3787 orbi
1885 3716 1993 3790 &Ec-

518 3823 622 3902 cleliae
640 3821 749 3892 dedit:
775 3815 985 3885 clericorum
1001 3815 1090 3883 enim
1107 3809 1219 3882 osores
1235 3838 1271 3881 ac
1287 3807 1533 3903 persecutores.
1561 3815 1619 3906 qui
1636 3815 1769 3883 illorum
1787 3814 1993 3909 oppressione

516 3925 731 4015 Religionem
749 3911 907 3984 subruere
921 3908 1126 4001 cogitabant,
1154 3935 1216 4003 pro
1231 3909 1433 3978 authoritate
1450 3907 1669 4003 compescuit,
1698 3911 1869 3981 universos
1896 3915 1993 3985 Cleri.

503 4047 597 4098 reos,
628 4040 712 4112 quos
729 4014 769 4083 ad
792 4007 846 4080 sua
859 4006 982 4101 judicia
1004 4005 1126 4078 traslos
1147 4006 1205 4076 lub
1222 4029 1307 4099 jutis
1332 4012 1440 4100 specie
1461 4004 1579 4076 misere
1604 4005 1779 4088 vetabant,
1813 4012 1993 4102 ajudicum

522 4115 736 4192 Saeffll‘slum
753 4106 828 4179 f010
847 4105 993 4185 l¹b01082
1018 4130 1054 4174 uc
1077 4107 1260 4175 eorundem
1284 4099 1547 4174 infestationibus
1571 4103 1720 4184 securos,
1752 4105 1784 4175 dt
1808 4111 1933 4179 nullm,
1955 4129 1996 4178 at·

521 4214 712 4288 tentationis
727 4204 892 4279 molestias
914 4204 1018 4274 abeis
1041 4202 1184 4296 amplius
1210 4200 1332 4272 desiere
1349 4199 1506 4273 l'uslincre
1528 4202 1696 4282 decrevit,
1730 4200 1843 4273 severe
1865 4202 1995 4302 insuper

522 4308 725 4411 prohibens,
751 4332 790 4375 ne
810 4304 1018 4376 aSententiis
1034 4296 1332 4371 Ecclefiaslicorum
1356 4299 1571 4374 tribunalium
1590 4300 1629 4373 sd
1644 4295 1803 4398 profitica
1818 4301 1996 4400 poteslatte

520 4427 743 4511 provocetur,
766 4426 847 4471 neve
860 4401 993 4472 illatum
1014 4402 1163 4469 executio
1176 4401 1224 4468 cis
1241 4397 1471 4472 demandetur,

698 4552 769 4622 sod.
792 4548 932 4633 modos.
960 4552 1005 4615 De
1018 4546 1158 4631 Episcop.
1176 4546 1216 4613 s!
1236 4549 1367 4615 (inicit.

958 4661 1007 4728 Dc
1031 4658 1205 4748 Episcopus
1220 4658 1405 4727 Audientia.

1773 4776 1850 4855 XV.
1868 4781 1997 4881 Qiem·
