5017 5592
453 651 523 730 nu
549 651 813 728 nouorum
829 649 1532 732 accensrnsrtco-noraurttnt
1552 593 1797 742 contuor.
1822 669 1893 762 649

417 857 474 929 qur
488 853 604 905 tetram
619 834 830 915 tributariam,
847 837 924 904 vnde
938 836 1084 906 tributum
1096 839 1138 907 ad
1147 853 1265 926 purtem
1281 835 1410 920 nostram
1422 840 1652 932 tx'tesalebat‚
1668 842 1778 916 velud
1794 845 1892 912 Ertlr·

363 979 376 1010 2
412 935 488 1022 fiam
501 939 556 1004 ‘uel
573 937 662 1006 alicui
677 938 768 1001 alteri
788 935 969 1014 tradiderit,
994 938 1037 1015 is,
1063 941 1115 1026 qui
1135 957 1200 1003 eam
1213 935 1393 1028 susceperit,
1420 938 1583 1019 tributum,
1610 943 1689 1029 quod
1703 945 1771 1008 tude
1792 939 1894 1026 fulve·

416 1033 522 1112 betur,
549 1035 627 1100 omni
650 1035 733 1099 turtio
757 1035 797 1098 ad
819 1052 938 1122 partem
962 1032 1093 1120 nostrum
1114 1031 1288 1126 persalvat,
1314 1034 1371 1118 nifi
1385 1034 1567 1124 firmetatem
1587 1039 1624 1104 de
1639 1061 1726 1126 parre
1744 1040 1891 1108 dttutnica

415 1130 542 1208 babeat,
566 1153 617 1220 prr
634 1152 722 1219 quum
737 1129 828 1220 ipsum
852 1129 997 1197 tributum
1009 1131 1068 1216 fili
1084 1153 1135 1222 pet
1154 1131 1298 1198 donatum
1312 1132 1394 1222 ptffit
1409 1131 1572 1216 ostendere.
1624 1136 1710 1204 Cum
1726 1139 1815 1204 euim
1830 1137 1892 1205 int·

362 1267 374 1308 ·,-
413 1230 560 1298 munitas
583 1224 738 1296 munster
761 1223 857 1319 supra
879 1233 982 1310 §.eo
1009 1223 1159 1298 deduelts
1184 1229 1315 1298 notoria
1335 1224 1456 1309 fuerit,
1490 1229 1625 1300 evidens
1647 1228 1709 1302 est.
1744 1229 1810 1301 sola
1836 1231 1891 1304 hie

363 1364 370 1404 ;
412 1321 502 1396 bona
519 1323 587 1394 doti
603 1321 834 1419 etelestastitae
850 1320 905 1394 seu
923 1321 1017 1393 bonis
1033 1322 1230 1394 mensalibus
1248 1321 1513 1420 supervenientia
1530 1327 1562 1397 dt
1579 1326 1761 1421 adjeilitia,
1776 1331 1808 1398 id
1824 1325 1890 1410 est,

362 1493 365 1500 ,
411 1421 594 1492 adventitia
615 1420 774 1512 intelligi,
805 1423 994 1514 horumque
1019 1424 1281 1506 immunitatem,
1314 1419 1404 1522 siqua
1424 1426 1725 1521 praetenderetur,
1757 1423 1892 1524 speciali

394 1515 574 1596 firmitate
590 1519 755 1593 dominica
770 1516 895 1591 ostendi
913 1518 1045 1594 debere.

1032 1736 1062 1822 5.
1108 1730 1264 1806 XLVI.

535 1863 727 1940 Praetenste
743 1867 821 1941 huic
837 1863 1002 1938 bonorum
1019 1866 1278 1938 adventitiorum
1293 1869 1494 1944 immunitati
1509 1867 1578 1964 ipsa
1593 1865 1729 1966 insuper
1747 1867 1889 1944 mena&
2021 1879 2036 1896 ‘

407 1966 502 2038 ratio
517 1970 667 2038 omnium
683 1970 821 2037 omnino
841 1967 1058 2035 immunitatis
1077 1965 1333 2060 privilegiorum
1350 1966 1557 2052 adversatut3
1582 1965 1690 2063 ipsum
1706 1971 1795 2039 enim
1817 1992 1890 2042 mo·

408 2067 520 2135 tirum
536 2087 634 2159 atque
651 2065 790 2134 intentio
806 2065 1017 2158 principum,
1043 2064 1122 2133 dum
1140 2061 1233 2133 bonis
1247 2061 1464 2135 Ecclestarum
1480 2069 1705 2136 immunitates
1719 2091 1737 2136 a
1750 2063 1887 2137 tributio

408 2158 658 2246 concesserunt,
687 2187 757 2233 non·
768 2157 831 2232 fuit
850 2162 927 2241 alia,
944 2157 1001 2230 nili
1018 2182 1059 2228 ne
1076 2184 1221 2251 congrua
1238 2162 1448 2235 Clericorum
1465 2161 1652 2234 sustentatio
1669 2187 1731 2260 pet
1745 2162 1889 2238 tributo·

408 2282 491 2330 rum
506 2255 691 2330 exaeliones
715 2261 940 2340 minueretur,
973 2259 982 2326 i
1012 2255 1110 2352 seque
1131 2258 1239 2329 cultus
1262 2261 1393 2332 divinus
1415 2258 1621 2332 consecutive
1643 2262 1886 2356 impediretur,

409 2379 490 2430 cunt
510 2360 620 2452 itaque
640 2357 761 2429 Clerici
780 2380 961 2447 congruam
977 2282 1025 2425 dri
1042 2353 1307 2429 sustentationem
1318 2357 1454 2453 jamjam
1469 2384 1508 2429 ex
1523 2357 1592 2429 solo
1608 2359 1719 2430 manl'o
1735 2359 1790 2430 leu
1805 2359 1886 2436 dote

408 2476 490 2526 eum
508 2457 541 2523 in
558 2453 658 2526 finem
675 2453 824 2526 Ecclestis
842 2457 916 2524 data
932 2451 1071 2524 habeant
1088 2451 1225 2534 salvum,
1249 2458 1384 2528 evidens
1407 2455 1484 2527 inde
1502 2454 1558 2528 fit,
1579 2457 1658 2529 huic
1679 2455 1739 2528 soli
1756 2481 1810 2528 eaa
1825 2459 1887 2529 int·

407 2557 590 2624 munitates
606 2549 700 2624 fuisse
717 2549 889 2624 concessas.
939 2551 1070 2622 Clarior
1087 2550 1265 2624 sententiae
1283 2555 1360 2626 huie
1378 2555 1431 2626 lux
1453 2551 1658 2636 affunditur,
1685 2550 1706 2623 fi
1729 2559 1763 2624 in
1777 2551 1886 2648 ipsam

409 2649 529 2721 tullum
555 2653 801 2720 immunitatum
823 2651 988 2738 originem
1013 2649 1205 2734 redeamus;
1231 2676 1299 2745 quo
1315 2656 1404 2722 eninr
1427 2677 1598 2748 tempore,
1645 2675 1728 2722 trave
1746 2651 1887 2724 occalio·

407 2769 453 2818 ne
468 2770 668 2842 acceperunt
686 2744 843 2820 Eccleltae
861 2747 918 2814 has
935 2749 1189 2818 immunitates?
1211 2751 1362 2845 nunquid
1383 2773 1537 2845 tempore
1559 2675 1762 2819 fundationis
1783 2745 1885 2822 suae?

406 2839 667 3012 asemperenim
684 2869 724 2915 eo
740 2843 953 2936 respexerunt
967 2849 1151 2939 intentique
1166 2839 1320 2929 fuerunt,
1339 2847 1438 2918 hodie
1464 2873 1505 2919 ue
1521 2846 1628 2918 adhuc
1644 2869 1686 2918 eo
1700 2843 1884 2940 respiciunt

464 2943 579 3010 intenti
600 2940 672 3011 sunt
694 2940 910 3013 Ecclefiarum
934 2935 1144 3022 fundatores,
1170 2964 1207 3014 ut
1228 2945 1279 3014 vel
1302 2970 1377 3016 ante
1399 2871 1502 3041 ipdm
1520 2969 1634 3016 earum
1658 2939 1883 3028 eressionem,

405 3037 461 3112 vel
483 3037 622 3109 durante
636 3038 709 3119 ulla,
735 3040 785 3110 vel
806 3038 917 3111 saltem
940 3065 1005 3109 non
1029 3043 1072 3110 ita
1087 3039 1194 3111 multo
1219 3039 1291 3137 post
1307 3047 1550 3114 immunitatem
1575 3067 1638 3136 pro
1654 3041 1749 3112 bonis
1765 3063 1884 3114 earum

405 3131 579 3206 obtineant
596 3163 613 3204 a
628 3136 859 3233 principibus)
875 3137 960 3229 jam,
987 3139 1095 3231 qualia
1119 3139 1202 3206 bona
1226 3137 1437 3234 pollederuttt
1454 3137 1613 3210 Ecclesiae
1635 3164 1790 3234 tempore
1808 3133 1885 3209 fun·

405 3232 553 3306 dationis
572 3232 669 3303 suae?
696 3233 845 3328 nunquid
869 3232 933 3301 tila
956 3237 1083 3324 primae
1112 3231 1315 3305 fundationis
1337 3237 1448 3313 bona?
1480 3238 1588 3331 qualia
1607 3238 1674 3330 jam
1700 3237 1774 3306 l'unt
1795 3235 1883 3306 bone

402 3331 539 3428 primae
559 3327 778 3408 fundationis,
806 3329 955 3421 nunquid
976 3328 1060 3400 bont
1079 3327 1298 3403 Ecclestarum
1317 3333 1519 3424 dotalitia)
1542 3334 1689 3426 ergohia
1702 3331 1779 3403 solis
1801 3353 1883 3428 pro

401 3424 523 3502 ficiunt
542 3430 766 3499 immunitates
786 3424 964 3500 atributit.

446 3596 484 3679 e)
505 3596 577 3668 vit.
601 3597 688 3683 supra
711 3596 744 3682 ς.
771 3615 819 3682 ¹3·

1015 3724 1047 3806 ς.
1095 3711 1275 3794 XLvll.

524 3854 680 3950 Denique
700 3879 742 3926 ne
759 3849 825 3948 ipsa
841 3850 977 3947 quidem
993 3853 1139 3948 aequitas
1155 3847 1315 3921 naturalis
1335 3843 1413 3918 huie
1427 3843 1645 3920 Eccleliatum
1661 3840 1883 3942 praetenlioni

400 3944 622 4042 suffragatur:
651 3978 726 4023 curn
743 3955 830 4023 enirn
847 3947 983 4022 nihil'fit
1004 3953 1169 4044 iniquius,
1196 3971 1296 4044 quam
1312 3943 1436 4016 allltelo
1451 3943 1666 4018 allltelionetn
1684 3969 1782 4038 atque
1800 3963 1881 4016 one·

400 4070 482 4122 rato
497 4075 579 4120 onut
597 4051 735 4129 addere,
765 4055 833 4120 imo
848 4049 931 4119 adeo
953 4073 1029 4118 turn
1045 4047 1134 4118 illiua
1150 4046 1271 4116 damno
1288 4043 1505 4140 locupletati,
1532 4067 1622 4118 terte
1641 4039 1800 4114 ljeclestae
1818 4065 1881 4138 pet·

399 4145 529 4220 hancce
546 4147 806 4243 praetenstouem
822 4147 904 4214 nilnl
922 4146 1010 4216 aliud
1027 4145 1112 4218 velle
1128 4143 1340 4224 viderentur,
1365 4137 1424 4213 nili
1439 4139 1581 4214 allliilae
1604 4167 1703 4234 atque
1723 4161 1881 4214 oneratae

398 4244 473 4342 jam
489 4239 562 4315 saris
583 4248 798 4340 Reipublicae
814 4241 1028 4314 tillielinnem
1053 4241 1185 4313 &onus
1207 4241 1346 4320 addere,
1372 4265 1517 4334 tumque
1539 4239 1626 4308 illiua
1646 4243 1767 4312 damno
1791 4238 1882 4312 loeu-

400 4342 547 4440 pletari:
576 4342 648 4414 saris
667 4345 873 4438 quppejam
895 4343 1004 4412 nneria
1022 4343 1054 4407 in
1072 4338 1102 4408 se
1120 4335 1258 4430 lttlecpit
1284 4335 1501 4426 lletpnltlira,
1525 4335 1605 4406 tlntn
1630 4359 1758 4432 partem
1786 4337 1878 4408 illam

399 4437 638 4521 eolleilarum,
665 4467 748 4535 quae
765 4445 858 4508 bonis
876 4435 1090 4506 [tricliarum
1106 4435 1271 4504 ‘intelilmt
1288 4441 1380 4528 ptine.
1399 4435 1633 4516 itunlruetuttt,
1657 4437 1776 4506 devote
1794 4439 1826 4504 in
1844 4431 1878 4506 se

399 4534 563 4632 iuscepit.
589 4539 713 4632 hasque
730 4540 860 4608 ullarum
877 4537 949 4604 luen
965 4535 1056 4604 ltin
1075 4533 1235 4626 prtntiptt
1252 4531 1284 4602 lt
1301 4531 1430 4600 aerario
1446 4530 1598 4620 pnlrlltn,
1616 4557 1700 4628 qnae
1716 4533 1879 4603 indemni·

399 4628 466 4708 sari
486 4633 691 4720 debuerunt,
717 4633 833 4722 soluit,
855 4637 961 4728 magia
976 4637 1088 4730 itaque
1102 4651 1319 4710 attereretur,
1345 4623 1460 4728 qutttlli
1477 4625 1643 4706 botrorum
1659 4631 1744 4706 adeo
1761 4629 1882 4700 adven·

454 4729 582 4812 Tantus
604 4729 653 4810 V.
1150 4729 1224 4800 Nn
1248 4745 1328 4820 rttt,
1793 4723 1881 4798 titio·

1098 4891 1139 4968 ,
1247 4815 1462 4925 Α
