5017 5592
363 727 365 734 ,
512 646 587 720 225
705 725 708 734 .
957 628 1524 716 ntssEararto
1632 571 1667 626 ³

512 814 643 900 „tulum
659 805 943 911 Aqttisgranense.
959 835 1062 908 atque
1076 814 1112 883 in
1124 813 1236 907 prima
1250 834 1337 881 anno
1358 835 1370 885 t
1379 836 1461 905 303.
1477 812 1605 908 inquit:
1626 833 1784 903 rogamur
1800 810 1889 907 pleni

511 937 615 1000 „com
635 910 758 984 affeelu
772 911 919 986 exaudiri
934 935 973 980 ex
993 913 1121 980 intimis
1135 903 1339 981 afferentes.
1363 920 1468 980 Anno
1484 935 1585 1006 ¹304
1602 934 1678 980 cum
1695 911 1889 1004 Capitulum

512 1007 774 1102 „givetsaretur‚
801 1006 1084 1104 quemadmodum
1100 1007 1179 1076 alias
1196 1032 1256 1077 voa
1271 1010 1480 1097 rogavimus,
1507 1006 1548 1079 ste
1567 1012 1690 1077 iterum
1705 1004 1889 1080 dileslionet

510 1107 633 1190 „slram
646 1104 825 1177 affcsluose
840 1129 1008 1197 rogamus.
1031 1112 1133 1175 Anno
1154 1130 1257 1197 ¹305·
1274 1106 1310 1173 in
1326 1100 1472 1175 formula
1488 1106 1630 1176 eundem
1649 1104 1871 1175 Candtdatttm
1888 1134 1889 1160 t

506 1206 604 1287 „tulo
619 1204 760 1275 necdum
778 1201 936 1273 obsecuto
956 1225 1194 1274 concernentes
1213 1201 1498 1296 quemadmodum
1518 1201 1614 1295 saepe
1630 1227 1687 1272 vos
1708 1208 1889 1292 rogavimus

508 1324 656 1387 „iterum
670 1302 884 1371 devotionem
903 1296 1044 1370 rellram
1059 1324 1216 1391 rogamus
1233 1304 1400 1369 attentius.
1451 1306 1596 1371 Demum
1611 1299 1770 1393 Capitulo
1785 1304 1817 1368 in
1840 1323 1889 1395 pet

428 1388 434 1400 ’
509 1402 583 1481 „cia
604 1395 794 1490 perfillente
809 1420 895 1466 anno
915 1405 1018 1485 1306.
1068 1397 1209 1467 Ultimis
1229 1420 1368 1491 precum
1383 1395 1571 1470 nostrarum
1590 1393 1765 1467 affellibua
1782 1403 1889 1467 motii

512 1499 680 1578 „nationis
701 1495 829 1590 Spiritu
854 1490 994 1564 sellram
1021 1492 1280 1565 inobedientiam
1296 1516 1330 1564 et
1352 1492 1570 1566 rebellionem
1601 1494 1756 1574 duximus
1775 1519 1889 1564 commi

512 1591 632 1675 ,‚dam,
654 1611 815 1689 quatenus
833 1587 928 1661 nobis
946 1609 979 1663 et
994 1593 1027 1661 S.
1042 1593 1082 1660 R.
1098 1595 1126 1661 1.
1140 1590 1196 1685 jus
1208 1592 1377 1671 debitum,
1405 1593 1495 1687 quod
1512 1619 1552 1664 ett
1570 1596 1739 1687 primariis
1755 1591 1889 1688 precibu

510 1689 583 1771 „bis
601 1693 678 1763 NB.
696 1712 736 1762 er
749 1691 884 1782 antiqua
900 1709 936 1759 et
956 1686 1142 1783 approbata
1157 1687 1396 1760 consuetudtne
1417 1715 1610 1786 competere
1630 1687 1850 1782 dignoscitur,
1875 1714 1889 1759 c

507 1807 620 1856 nantes
637 1810 699 1860 etc.
712 1784 769 1857 ubi
781 1785 858 1857 dein
867 1788 958 1855 vatia
975 1787 1191 1879 pertinaciam
1205 1781 1379 1865 frattgendi
1398 1790 1544 1858 remedia
1563 1786 1740 1857 adduntur.
1775 1795 1805 1857 A
1826 1794 1889 1858 Lat

508 1884 706 1978 Bauattjus
724 1885 910 1977 primarum
930 1906 1070 1977 precum
1087 1884 1267 1954 exercitum
1283 1879 1376 1953 suilsc
1393 1909 1459 1956 nott
1475 1884 1579 1957 solum
1597 1908 1687 1980 patet
1705 1903 1743 1955 er
1765 1880 1889 1954 formul

507 1978 606 2051 <lusia
628 2004 646 2050 a
666 1986 999 2051 Wllrnwrtttlo
1023 1984 1073 2052 N.
1090 1984 1153 2053 lll.
1174 1979 1267 2073 cujus
1285 1984 1449 2071 originale
1464 1987 1498 2053 in
1524 1980 1665 2054 Ecclesia
1687 1986 1718 2051 S.
1736 1982 1889 2052 llartholu

435 2091 444 2114 '
505 2073 720 2149 Francosurti
739 2073 833 2154 asseri·
854 2077 981 2170 inquit,
1001 2099 1035 2145 et
1054 2074 1110 2149 ubi
1127 2101 1265 2173 qnoque
1280 2077 1454 2170 vestigium
1472 2080 1622 2175 jamdum
1641 2084 1684 2151 ita
1707 2077 1813 2149 dislae
1833 2103 1889 2149 trat

505 2178 634 2271 ptionis
657 2198 796 2271 precum
818 2176 987 2254 occurrit,
1008 2174 1062 2245 led
1079 2199 1118 2245 ex
1139 2178 1300 2268 Catalogo
1323 2201 1461 2271 precum
1481 2178 1521 2247 ab
1541 2178 1659 2248 eodem
1685 2181 1889 2269 Imperatore

506 2268 686 2352 cessatum,
708 2295 809 2366 quem
823 2270 914 2342 idem
931 2269 1003 2366 post
1020 2273 1058 2343 L.
1075 2276 1109 2346 ll.
1130 2271 1173 2343 de
1188 2271 1331 2344 lcksladt
1350 2277 1384 2343 in
1400 2272 1479 2345 Dils
1499 2301 1575 2345 mox
1593 2279 1625 2344 in
1644 2275 1706 2344 ltoc
1721 2272 1889 2344 Thesaurt

505 2367 649 2466 jicienda
667 2393 704 2440 er
726 2374 924 2441 Oemu
949 2375 1093 2461 Scriptot.
1113 2378 1184 2441 Ret.
1200 2378 1282 2442 Bait.
1301 2395 1336 2443 et
1354 2375 1491 2465 quidem
1509 2374 1639 2464 Regesles
1657 2377 1813 2442 Berrboldt
1828 2376 1866 2440 de
1886 2382 1889 2397 “

507 2472 610 2559 singen
625 2469 761 2535 Notarii
778 2467 875 2556 Regii
891 2462 985 2544 sistit,
1003 2490 1042 2537 ex
1055 2490 1124 2559 quo
1138 2465 1249 2537 radice
1261 2466 1307 2538 sat
1331 2468 1497 2565 locuplete
1512 2468 1607 2539 simul
1631 2468 1740 2540 elucet
1755 2493 1871 2564 preces
1886 2469 1889 2538 l

358 2590 365 2598 ·
508 2586 528 2635 tt
551 2568 709 2634 Ludrvicr
729 2558 891 2633 concessas
905 2556 999 2633 soilse
1016 2587 1087 2633 tum
1104 2563 1144 2631 ad
1161 2560 1320 2635 beneficta
1337 2589 1431 2646 cum,
1455 2590 1526 2637 tum
1546 2565 1611 2636 fine
1632 2591 1729 2645 curn,
1753 2572 1832 2636 item
1847 2566 1886 2634 ad

489 2656 648 2830 'qalleria
662 2683 735 2732 tum
749 2664 916 2742 tritonem,
935 2682 1007 2732 tunt
1022 2655 1243 2733 lacrumarum
1258 2686 1325 2760 pro
1346 2669 1550 2736 Manrcltata
1565 2687 1598 2735 et
1615 2669 1783 2758 prebenda,
1798 2686 1834 2735 ut
1856 2662 1889 2734 ib

533 2779 644 2831 tcttur.

623 2887 677 2963 Ad
696 2889 845 2986 ejusdem
866 2898 935 2980 cap.
961 2892 979 2978 §
1008 2890 1100 2961 XVI.
1125 2897 1293 2982 Rapertttm
1313 2893 1439 2982 Regem
1455 2890 1489 2960 itt
1512 2885 1595 2962 serie
1615 2885 1671 2960 sua
1689 2889 1817 2962 omittit
1837 2896 1890 2964 Au

508 2983 552 3058 ab
572 2986 636 3059 boc
653 3007 762 3059 autem
778 2984 1068 3084 preces‘eoncelsas
1086 2984 1180 3057 fuisse
1201 2988 1401 3059 demonstrat
1419 2989 1576 3083 Diploma
1593 2989 1681 3083 apud
1703 2995 1887 3059 Wilnbw

508 3093 560 3158 N.
573 3087 611 3156 X
612 3139 616 3148 .
634 3085 676 3154 ad
697 3081 940 3156 Monasletiom
959 3087 993 3153 S.
1009 3085 1129 3154 Albani
1145 3091 1343 3179 Mogontiae
1360 3111 1430 3156 tum
1447 3087 1556 3157 adltur
1570 3088 1654 3157 Otd.
1672 3090 1692 3156 S
1721 3085 1888 3158 llcncdisli

509 3181 553 3253 de
568 3180 728 3252 hodierna
746 3178 884 3253 Ecclesa
901 3179 1068 3273 Equellris
1084 3187 1200 3252 extitit.
1251 3189 1288 3253 ln
1315 3185 1432 3254 codem
1453 3184 1591 3254 dicitur„
1615 3186 1655 3252 de
1671 3184 1745 3275 jure
1759 3207 1795 3255 et
1807 3183 1889 3255 cons

506 3278 609 3362 „dine
622 3275 805 3377 approbata
815 3273 972 3349 ltaslenus
983 3273 1306 3363 suilseobsetratum,
1322 3281 1412 3378 quod
1427 3283 1656 3351 Romanorum
1671 3285 1798 3372 Reges,
1814 3279 1890 3353 sacti

508 3378 624 3458 „tonis
640 3378 744 3470 regiis
763 3378 932 3471 receptis,
950 3399 990 3446 ex
1002 3380 1228 3447 coronationis
1242 3404 1361 3450 eornm
1376 3377 1565 3473 solempniis
1584 3382 1617 3447 in
1634 3376 1766 3471 lingulis
1784 3381 1889 3451 Ecclel

505 3469 743 3588 „Monalleriis
758 3473 915 3641 apudque
929 3468 1086 3570 personas
1103 3472 1355 3589 Ecclesiasticus,
1373 3473 1543 3567 religiosas
1559 3498 1593 3547 et
1606 3474 1768 3548 seculares
1789 3528 1798 3548 .
1818 3528 1853 3551 ..
1879 3477 1889 3548 l

502 3594 630 3666 ¹„untur
651 3571 846 3669 adoneepet
861 3596 927 3645 one
946 3592 1063 3667 petere
1079 3569 1221 3643 habeant
1243 3571 1432 3669 pransione
1452 3596 1515 3644 etc.

490 3741 492 3746 ’
623 3735 682 3805 At
695 3734 825 3823 ejusdem
841 3741 912 3826 Cep.
931 3740 961 3821 ς.
976 3734 1092 3806 XVII.
1115 3736 1145 3800 Α
1169 3735 1321 3803 friderico
1336 3739 1401 3802 ΙΙΙ.
1425 3755 1540 3827 preces
1554 3752 1628 3802 ante
1643 3729 1810 3814 indultum
1825 3756 1889 3802 non

376 3878 380 3882 -
507 3829 541 3902 se
561 3828 731 3927 porrectas
747 3831 857 3922 inquit
875 3826 1021 3909 nostor,
1047 3827 1101 3898 led
1128 3832 1334 3900 contrarium
1356 3831 1467 3899 denuo
1488 3831 1597 3899 elucet
1617 3854 1656 3899 ex
1679 3833 1861 3897 documentis
1879 3829 1888 3896 l

506 3934 608 3997 alatis
623 3935 672 4010 Ν.
685 3929 766 3998 XII.
784 3946 816 3996 et
831 3927 868 3996 X
867 3930 933 3994 111.
970 3948 1092 3994 uotum
1102 3927 1248 4018 primum
1262 3925 1308 3997 est
1323 3929 1515 3996 mandatum
1535 3928 1804 4021 procuratorium
1815 3924 1889 3996 insit

505 4023 541 4093 di
560 4047 675 4119 preces
691 4021 848 4121 capitulo
869 4022 903 4092 S.
920 4019 963 4090 A}
986 4023 1038 4089 atti
1054 4023 1211 4111 Mogont.
1225 4022 1293 4116 jam
1313 4021 1355 4093 de
1374 4049 1459 4093 anno
1480 4048 1581 4111 ¹442·
1613 4024 1767 4094 Alterum
1783 4024 1889 4093 manda

485 4137 488 4144 ·
507 4124 685 4192 Theoderici
704 4124 886 4213 Ανιὺὶοὶγ.
912 4127 1011 4210 Mag.
1027 4115 1070 4186 ad
1093 4120 1287 4215 Capitulum
1302 4119 1563 4194 Ftidcalariense
1576 4121 1617 4192 cle
1634 4121 1831 4193 executione
1853 4121 1889 4192 lta

503 4237 645 4314 precum
661 4215 702 4286 de
721 4216 842 4288 eodem
863 4239 951 4288 anno
974 4239 1078 4302 1442.

407 4442 413 4450 ,
435 4439 443 4446 ,
630 4368 688 4439 Aa
702 4370 833 4458 ejusdem
849 4376 921 4461 Cap.
938 4369 966 4459 §.
981 4369 1059 4438 XX.
1091 4367 1212 4438 Denuo
1226 4366 1336 4461 quoad
1357 4372 1618 4439 Maxintilianum
1634 4375 1663 4439 1.
1687 4367 1889 4439 emendanda

501 4457 638 4537 nudor
651 4486 691 4535 ex
708 4464 914 4534 documentis
927 4465 948 4532 l.
963 4464 1019 4535 cit.
1038 4465 1217 4536 recitatisa
1241 4470 1289 4535 N.
1308 4469 1433 4535 XVlll.
1453 4464 1542 4561 seqq.
1567 4468 1743 4535 Nimirum
1767 4467 1859 4536 illico
1885 4493 1889 4561 Ι

506 4586 608 4660 quam
626 4564 874 4644 lilarimilirnrs
888 4561 1020 4635 virente
1033 4561 1144 4634 adbuc
1163 4564 1261 4636 Patre
1281 4566 1350 4637 Rex
1371 4565 1600 4638 Romanorum
1623 4559 1749 4638 elesius
1768 4558 1880 4635 su'erat
