5017 5592
485 539 574 716 '77²
940 594 1522 710 blesum-imo
1606 692 1609 700 Ι

1143 788 1174 871 §.
1223 777 1330 852 CXl.

616 911 747 999 Rcslat,
779 908 906 1012 aliquid
925 909 966 986 de
982 907 1208 1009 exspellarinia
1227 912 1393 994 dicamur,
1428 934 1504 1007 qut
1527 911 1562 982 in
1582 909 1624 983 iia
1644 907 1776 984 casibus
1796 934 1816 984 a
1837 909 1952 984 Pralcst

502 1021 594 1101 relle
610 1016 856 1092 conceduntur,
883 1010 938 1082 ubt
957 1011 1060 1106 ipsam
1084 1034 1156 1081 rem
1179 1011 1302 1080 iterum
1323 1009 1418 1079 alteri
1439 1012 1472 1078 in
1493 1006 1635 1080 seudum
1659 1005 1824 1082 conferre
1847 1006 1952 1105 pollute

502 1127 608 1198 Nuda
627 1139 736 1189 tamen
753 1106 970 1206 exspeilatita
992 1131 1068 1177 cunt
1089 1130 1197 1178 morte
1221 1105 1430 1179 concedentis
1450 1111 1678 1202 extinguitur,
1712 1132 1795 1179 eum
1820 1099 1955 1178 Successor

502 1222 625 1295 Clerici
643 1239 709 1285 non
727 1208 763 1281 st
782 1211 902 1278 Heret
922 1201 1089 1285 desunsli,
1117 1228 1177 1276 nec
1194 1202 1289 1275 abeo
1304 1200 1431 1276 eausam
1446 1203 1586 1285 btbcttr,
1610 1201 1668 1275 sed
1689 1201 1731 1274 nb
1751 1200 1956 1276 clelltoocAEt

504 1320 640 1394 retrusi
673 1307 698 1383 f.
721 1334 737 1402 3
771 1299 916 1402 expresse
933 1303 1029 1373 dtctr:
1057 1308 1091 1373 St
1106 1326 1183 1373 ueto
1198 1307 1296 1374 Archi
1323 1301 1495 1395 Episcopus,
1520 1302 1702 1396 Episcopus,
1721 1308 1784 1373 -ues
1801 1301 1958 1381 Almus

501 1412 660 1506 Abbattffn
674 1406 886 1498 investituram
901 1405 963 1493 ep'tts
976 1401 1082 1490 sends,
1102 1405 1180 1491 qnod
1194 1405 1273 1468 asans
1288 1400 1464 1485 detinebat,
1489 1423 1522 1469 ea
1543 1419 1652 1469 tenore
1671 1404 1767 1469 alim
1789 1404 1915 1479 dederit,
1935 1415 1961 1467 ot

502 1510 576 1615 poll
600 1501 760 1580 decessum
780 1500 870 1595 ejus,
890 1501 958 1593 'qul
980 1492 1136 1594 Poffid'et,
1168 1496 1309 1567 babeat:
1358 1498 1393 1571 bs
1415 1516 1487 1566 anre
1506 1496 1664 1589 decnffert'r
1686 1501 1963 1592 Archi-Episttpu,

503 1636 593 1708 qnam
609 1612 672 1686 isse,
695 1625 745 1695 qttt
754 1601 882 1691 feudum
897 1597 1069 1692 pnffistlat,
1102 1593 1272 1688 succeffntet
1292 1616 1393 1665 entuttt
1415 1607 1473 1664 stan
1495 1617 1644 1690 reguntur
1679 1619 1753 1664 earn
1776 1594 1964 1678 invisitata

504 1691 622 1796 ᾖεῖη,
646 1707 701 1774 ves
714 1725 770 1770 non
786 1696 977 1787 confirmare,
1002 1694 1119 1778 etiams
1138 1698 1232 1762 Panes
1248 1695 1313 1776 eius
1326 1697 1421 1761 tantis
1441 1691 1666 1777 cessurusne,
1705 1698 1768 1762 vel
1791 1695 1884 1763 breve
1900 1689 1964 1781 usn

504 1828 570 1881 tent
586 1808 653 1873 inde
668 1801 724 1886 s¹²
744 1797 800 1876 nis
813 1798 880 1875 isse,
902 1795 953 1883 qai
969 1790 1184 1875 inoesttarnnt
1202 1794 1367 1885 acceperit,
1399 1791 1516 1863 nttninn
1537 1792 1600 1885 nus
1614 1789 1713 1884 feast
1733 1796 1772 1864 nt
1795 1791 1966 1886 Pomm

504 1903 605 1999 ettfftu
617 1893 659 1990 fit
674 1922 707 1970 et
721 1894 938 1986 consentiente,
954 1911 1007 1983 qna
1023 1891 1150 1964 detinet.

1136 2102 1171 2188 ᾖ.
1221 2093 1351 2174 CXll.

623 2240 776 2339 Explicet
789 2238 878 2311 hunc
895 2254 1018 2306 textum
1033 2232 1248 2313 Boebmerua,
1265 2234 1304 2323 a)
1330 2231 1420 2326 quod
1437 2229 1565 2304 Saeculo
1580 2231 1660 2306 llll.
1682 2229 1817 2327 duplex
1833 2222 1972 2327 exspolia}

386 2363 390 2370 '
508 2345 653 2419 tirarum
682 2363 805 2430 genua,
836 2331 926 2406 aliud
950 2329 1104 2428 fimplett,
1133 2331 1222 2401 eliud
1246 2328 1473 2423 qualificatum
1494 2329 1693 2411 invaluerit,
1723 2331 1822 2402 illud
1849 2335 1881 2402 in
1898 2326 1973 2399 nudis

535 2435 733 2513 romislionie
750 2434 900 2505 terminis
915 2426 1109 2509 substiterit,
1136 2429 1200 2498 hoc
1216 2449 1358 2594 propter
1372 2424 1598 2498 investituram
1614 2424 1811 2510 abusivam,
1830 2427 1974 2502 sencino·

496 2542 619 2612 nicam
632 2532 869 2605 ittslttutioncm
884 2526 936 2623 joa
953 2530 985 2596 io
1005 2552 1041 2598 re
1060 2522 1253 2622 acquistum
1295 2528 1400 2609 uerit;
1426 2523 1569 2617 ideoque
1590 2519 1757 2596 successor
1782 2523 1973 2620 prebendam

507 2653 680 2710 vacantem
696 2625 850 2702 conferre
866 2625 1036 2706 debuerit,
1062 2624 1210 2717 quantia
1226 2646 1297 2693 rem
1314 2622 1449 2694 adducit
1463 2621 1694 2700 Alexandrum
1715 2626 1781 2693 ΙΙΙ.
1801 2648 1834 2698 e.
1851 2649 1885 2710 9.
1898 2624 1931 2691 Χ.
1948 2620 1974 2686 sc

508 2738 656 2831 ptest-nd.
672 2754 731 2801 nec
751 2732 867 2823 praxin
890 2724 973 2793 banc
992 2746 1054 2818 per
1074 2720 1262 2792 Concilium
1280 2710 1489 2791 Laterane'ns.
1512 2716 1671 2790 sublatam
1694 2716 1796 2793 fuisse
1818 2721 1977 2811 colligitu
2016 2759 2017 2784 t

510 2827 673 2906 deeifione
691 2825 873 2896 innocentii
891 2823 952 2891 ΙΙΙ.
974 2845 999 2887 ι.
1026 2844 1079 2902 ¹9·
1096 2823 1162 2889 ens.
1186 2824 1236 2887 tit.
1286 2821 1416 2888 Verum
1434 2815 1598 2911 quidquid
1615 2819 1648 2885 in
1669 2840 1716 2888 eo
1730 2822 1824 2888 circa
1840 2811 1976 2889 benefitia
2016 2811 2017 2830 ¹

509 2922 732 3000 Ecclesiastico
747 2919 811 2991 stne
826 2915 1018 3014 praebendts
1032 2908 1353 2985 observatumsuerit
1364 2965 1373 2995 ,
1385 2940 1451 2984 non
1470 2937 1578 2984 tamen
1595 2910 1770 3007 sequitur,
1787 2906 1980 3008 idemquoad

507 3021 612 3097 feuda
627 3014 818 3095 obtinuisse,
843 3017 919 3084 licet
935 3016 1002 3081 haec
1019 3037 1095 3082 cum
1114 3011 1178 3079 illis
1196 3011 1339 3080 multum
1363 3008 1531 3081 affinitatis
1547 3007 1716 3093 habuisse,
1758 3035 1865 3106 arque
1886 3010 1983 3081 bodie·

509 3144 592 3192 num
610 3143 627 3187 a
642 3114 829 3211 prebendis
847 3110 888 3177 ad
907 3104 1003 3177 feuda
1018 3102 1109 3177 nesle
1129 3106 1247 3176 deduci
1266 3131 1498 3199 argumentum
1523 3105 1754 3199 dignoscatur,
1778 3111 1874 3205 quod
1891 3128 1982 3178 tamen

441 3277 445 3281 .
511 3241 580 3290 non
599 3212 768 3311 procedit,
793 3205 849 3278 ubi
870 3206 1074 3277 contrtrium
1091 3205 1201 3300 quoad
1216 3201 1316 3277 feuda
1330 3207 1383 3278 vel
1400 3208 1654 3287 consuetudine,
1670 3230 1730 3278 aut
1747 3207 1826 3299 lege
1839 3206 1986 3278 slatuitur·

511 3314 578 3389 Sed
596 3300 786 3383 tentonus.
810 3307 923 3401 3.jam
940 3303 1089 3399 loquitur
1108 3307 1149 3375 de
1173 3321 1521 3377 tuvnsrtruknc
1564 3301 1587 3375 st
1613 3319 1985 3375 triumuirorum

513 3418 577 3506 ejus
595 3415 712 3480 Fendi·
733 3410 848 3474 ·asunt
864 3407 980 3473 dederit
996 3439 1008 3458 ·
1031 3438 1044 3458 ·
1066 3400 1236 3491 [παιῶνα
1250 3426 1308 3471 non
1322 3425 1467 3494 cogantur
1482 3408 1598 3473 EAM
1612 3407 1671 3472 IN
1676 3408 1758 3473 VES
1765 3404 1989 3473 TITURAM

512 3513 709 3583 FACERE,
736 3508 822 3578 VEL
841 3506 1163 3571 CONFIRMARE.
1218 3501 1309 3586 Ergo
1330 3526 1394 3569 non
1406 3500 1558 3593 loquitur
1571 3501 1612 3587 de
1625 3494 1855 3591 exspessariva
1868 3500 1986 3591 finpsiti,

514 3605 571 3681 sed
586 3604 777 3697 quastfitnta,
803 3597 844 3669 de
871 3602 1158 3667 stlESTsURA
1184 3602 1394 3670 ABUSIVA
1416 3603 1479 3686 rjus
1502 3602 1614 3677 feudi,
1641 3602 1722 3688 quod
1735 3601 1821 3667 nlius
1837 3599 1986 3669 desiniat.

513 3706 580 3776 Per
595 3697 797 3792 consequens
812 3696 898 3788 juris
922 3689 1063 3764 feudalia
1079 3690 1248 3789 dispositio
1262 3694 1377 3780 claris,
1402 3694 1435 3767 dt
1451 3690 1581 3768 disertis
1598 3693 1709 3767 verbis
1725 3719 1744 3765 a
1760 3700 1865 3793 praxi
1881 3686 1986 3771 benzi·

515 3803 647 3875 ciorum
663 3790 962 3869 Ecclestaslicorum
980 3793 1015 3862 in
1030 3816 1071 3864 eo
1086 3792 1224 3865 recedit.

1143 3951 1187 4077 ts
1221 3983 1378 4059 exin.

633 4124 668 4195 Si
686 4146 796 4195 tamen
816 4116 1039 4218 Exspelloriva
1058 4143 1200 4216 propter
1224 4124 1344 4192 merita
1366 4116 1540 4213 singularia
1561 4120 1657 4195 alicui
1680 4147 1698 4193 a
1720 4122 1989 4197 Prolato'eonce·

518 4215 635 4295 detur,
661 4221 716 4291 ctst
735 4218 868 4315 fimplex
887 4221 939 4289 stt.
968 4215 1126 4290 sttccessor
1141 4239 1291 4304 tenetur,
1319 4242 1355 4290 ur
1375 4224 1519 4311 graviter
1537 4225 1773 4316 pronunciavit
1794 4221 1990 4316 dignissimus

511 4315 687 4414 ¹quondam
718 4322 866 4387 Camere
889 4312 1028 4388 Assessor
1050 4321 1231 4387 Cnsene
1258 4319 1491 4389 Kuocutus
1516 4321 1562 4411 a)
1589 4322 1622 4388 in
1648 4315 1743 4401 casu,
1780 4346 1856 4417 quo
1880 4321 1992 4395 Archi·

515 4411 722 4508 Episcopus,
768 4415 799 4484 dr
822 4413 956 4485 Eleslor
977 4410 1179 4485 coloniensis
1201 4437 1322 4503 magno
1344 4416 1534 4487 Germaniae
1555 4412 1804 4513 jurisconsulto
1822 4422 1991 4517 Joacbimu

517 4509 737 4605 Mynstngero
748 4513 779 4578 itt
797 4515 1099 4583 remunerationem
1117 4518 1317 4582 meritorum
1327 4515 1446 4583 Archi·
1459 4510 1671 4608 Episcopatus
1685 4515 1920 4604 praeslitorum
1934 4521 1995 4586 scu·

517 4608 599 4681 dum
610 4605 829 4707 promiserat,
852 4633 928 4683 cum
947 4613 1037 4684 cnint
1051 4607 1256 4710 Eptscoput,
1281 4633 1337 4686 tut
1353 4609 1512 4687 Prolatus
1526 4608 1570 4685 ob
1589 4608 1750 4687 beneficia
1765 4612 1828 4689 libi
1846 4643 1913 4716 qua
1928 4613 1994 4705 Epi·

1891 4711 1990 4809 scopo
