5017 5592
684 624 753 700 DF.
768 626 897 722 June
916 626 1182 704 CAESAREO
1205 628 1576 708 PRlMARlARUM
1598 629 1817 740 PRECUM.
1903 661 1985 731 nir,

625 790 709 875 lant,
739 803 886 887 distingui
904 804 1043 869 similiter
1063 806 1222 874 observet.
1256 806 1383 899 penset.
1406 809 1558 882 Rebufl'ua
1576 814 1611 878 in
1633 831 1723 897 ptax.
1742 811 1846 880 bertas.
1873 813 1904 878 P.
1926 811 1985 877 Ill.
2043 797 2046 808 ¹

623 881 690 949 Tit.
711 886 750 949 da
770 889 886 950 obstitis
910 886 1089 969 &quondo
1113 908 1147 952 re
1173 893 1205 951 ‘o
1229 890 1410 956 nominoio
1428 885 1624 962 mona'sietiia
1643 897 1815 982 recipiendi
1835 894 1916 961 unt:
1946 896 1988 958 ’ἃ

622 965 851 1050 Espeniudlur.
864 968 950 1035 Ech
969 970 1001 1035 P.
1017 970 1059 1035 ll.
1079 965 1146 1038 Tit.
1195 971 1268 1042 XV.
1285 993 1352 1056 cop.
1367 971 1425 1040 IX.
1442 977 1475 1060 S.
1488 977 1541 1059 3⁶.
1737 983 1741 990 '

1172 1147 1205 1250 t.
1243 1154 1332 1229 tv,

629 1273 704 1348 Poll
719 1279 862 1352 nominis
882 1285 1054 1376 notionem
1076 1308 1176 1384 atque
1196 1285 1361 1379 originem
1377 1286 1442 1358 huc
1466 1285 1597 1361 rllttn'm
1620 1283 1713 1362 tello
1732 1287 1812 1358 aliar
1830 1287 1948 1382 ordine
1969 1313 1988 1362 ι

508 1397 564 1444 me
588 1374 808 1448 adornaretur
837 1377 1036 1501 descriptio,
1056 1408 1141 1480 qua,
1166 1383 1248 1480 quid
1269 1382 1385 1481 reapse
1414 1384 1472 1478 sub
1496 1389 1666 1482 primariis
1691 1385 1845 1483 precibus
1869 1384 1991 1455 intelli·

509 1471 657 1564 gendum
674 1470 780 1576 foret,
802 1474 890 1550 clete
905 1479 1113 1563 evolverem,
1137 1506 1254 1555 verunt
1268 1506 1344 1553 cum
1361 1485 1393 1552 in
1405 1479 1467 1557 hnc
1482 1489 1637 1566 materie,
1656 1485 1698 1555 de
1714 1507 1779 1581 quc
1794 1483 1882 1553 inter
1899 1475 1987 1552 Scri}
2022 1485 2025 1492 '

510 1593 625 1662 ptores
641 1594 729 1642 tanta
748 1570 946 1647 dissensio&
969 1576 1137 1650 diversitas
1154 1576 1389 1651 definitionum
1412 1578 1483 1662 est,
1505 1579 1590 1650 nihil
1609 1585 1690 1652 certi
1712 1602 1813 1676 queat
1840 1576 1988 1660 slobiliti,

510 1665 568 1736 nist
584 1673 735 1760 origine,
752 1669 841 1744 unde
852 1673 907 1767 jus
920 1674 984 1746 tale
999 1674 1196 1757 dimencrit,
1216 1676 1396 1760 elucidata,
1414 1673 1511 1748 facile
1525 1701 1545 1747 a
1557 1700 1611 1748 me
1628 1678 1823 1772 impetravi,
1837 1698 1875 1746 ut
1890 1678 1986 1771 priua

509 1789 621 1835 ortum
645 1772 882 1862 primariorum
907 1793 1046 1866 precum
1069 1773 1171 1845 hocce
1190 1776 1300 1868 erpitc
1320 1775 1544 1870 inquirerem,
1568 1773 1739 1870 variasque
1754 1773 1830 1844 inde
1852 1771 1988 1846 obortas

512 1861 749 1935 controversiis
765 1864 988 1949 recenserem,
1010 1894 1047 1940 ec
1071 1869 1123 1942 hia
1145 1893 1256 1940 veram
1278 1869 1367 1941 illius
1380 1870 1467 1966 jurio
1488 1896 1524 1942 ec
1543 1871 1770 1945 omnimodam
1793 1863 1988 1964 descriptio·

513 1985 588 2030 nem
602 1985 640 2030 ac
657 1963 827 2034 notionem
841 1960 1087 2060 subjungerem.
1137 1965 1237 2062 Quod
1253 1989 1291 2037 ut
1305 1971 1372 2040 rite
1390 1964 1627 2064 persequerer,
1648 1994 1714 2040 non
1731 1965 1788 2036 abe
1805 1990 1843 2038 re
1860 1962 1986 2056 censui,
2067 1971 2081 2008 '

513 2059 545 2127 in
563 2062 762 2130 memoriam
778 2087 934 2133 revocare
957 2060 1075 2135 siarum
1098 2061 1247 2135 Ecclcliae
1268 2059 1507 2138 beneficiorum
1528 2067 1721 2162 antiquum,
1744 2064 1839 2145 dein,
1864 2059 1986 2157 quibui

513 2178 548 2226 ec
567 2151 763 2227 conferendi
785 2153 922 2229 facultas
937 2159 1018 2230 olim
1034 2164 1265 2255 competierit,
1290 2160 1425 2232 demum
1444 2186 1509 2257 qua
1527 2164 1655 2232 cutione
1673 2162 1713 2233 cd
1728 2162 1828 2239 alios,
1850 2155 1989 2254 praelier·

515 2255 572 2323 tim
602 2256 875 2348 imperotorei&
896 2260 1022 2349 Reges,
1042 2258 1152 2350 alique
1175 2256 1248 2327 'ura
1268 2259 1355 2328 circo
1377 2253 1535 2330 beneficit
1555 2255 1764 2330 ecclcfiaslica
1790 2251 1987 2342 transierint,
2044 2255 2048 2264 “

516 2348 634 2444 quibus
650 2374 713 2421 ceu
733 2348 957 2427 fundamentis
977 2349 1146 2450 premissis
1162 2282 1359 2424 succinslom
1374 2351 1459 2448 juria
1498 2355 1710 2426 timorinrum
1727 2376 1865 2452 precum
1880 2351 1989 2421 inint-

516 2451 609 2541 perio
634 2450 1020 2523 Romrno·Getmtnico
1036 2448 1144 2523 ufitnti
1164 2447 1336 2523 billoriam
1355 2449 1450 2522 inaed'
1479 2451 1660 2525 caremihi
1681 2451 1785 2524 licuit.
1840 2509 1843 2514 .
1960 2469 1980 2522 ·,

1199 2648 1231 2737 l·
1281 2643 1376 2741 νυ

631 2775 721 2843 Cum
740 2796 778 2844 er
796 2769 1000 2847 inslitutione
1019 2776 1142 2850 Chrisli
1157 2780 1191 2849 in
1213 2773 1357 2856 Ecclelit
1377 2776 1460 2849 certi
1478 2774 1620 2848 minillri
1641 2771 1704 2849 esse
1721 2773 1899 2855 deberent,
1926 2775 1987 2870 qui

516 2893 627 2941 curam
645 2869 793 2963 ejusdem
817 2895 990 2962 gererent,
1015 2898 1051 2945 oc
1068 2878 1180 2947 munio
1196 2873 1286 2947 sacre
1299 2882 1333 2943 in
1356 2875 1521 2944 Societate
1536 2871 1686 2945 fidelium
1705 2871 1856 2952 obiren't,
1879 2868 1987 2944 neces·

505 2966 636 3062 ⁸sarium
653 2993 788 3062 qunque
805 2967 909 3039 visum
925 2968 996 3054 cll,
1023 2973 1107 3045 ut&
1126 2973 1211 3044 bona
1232 2974 1383 3068 quedam
1407 2974 1597 3041 communia
1615 2997 1633 3041 a
1654 2968 1808 3040 fidelibus
1832 2959 1988 3063 subpedi-

519 3073 686 3144 tarentur,
708 3066 838 3135 &illud
862 3067 1014 3162 Aposloli
1036 3071 1297 3166 adimpleretur:
1320 3071 1376 3164 qui
1400 3067 1499 3138 servit
1515 3069 1627 3150 altari,
1651 3071 1740 3137 vivat
1760 3069 1861 3137 etiem
1886 3061 1990 3134 deal·

518 3167 597 3239 tari3
623 3169 730 3232 ltinco
749 3167 865 3257 primis
881 3164 1028 3236 Ecclestae
1044 3165 1249 3237 incunnbulis
1266 3164 1448 3260 symbolam
1464 3167 1635 3237 contulere
1658 3162 1790 3234 fideles:
1816 3162 1905 3233 nulla
1921 3156 1988 3231 fuit

516 3257 674 3338 Ecclefia,
699 3285 769 3354 qurc
789 3286 853 3329 non
870 3287 932 3348 pro
954 3260 1148 3334 facultatum
1162 3264 1301 3333 modulo
1318 3261 1467 3357 sumptus
1484 3259 1677 3336 necessarios
1691 3262 1731 3331 ed
1749 3260 1885 3331 alendos
1911 3259 1990 3348 Epi·

518 3355 662 3450 scopos,
689 3359 953 3453 presbyteros&
980 3365 1136 3432 diaconos
1161 3360 1414 3457 suppeditaret,
1444 3364 1550 3454 quiin
1577 3359 1744 3431 tenui'illa
1768 3358 1800 3428 dt
1826 3350 1990 3426 laboriosa

519 3452 784 3543 Chrillinnorum
803 3459 868 3525 vita
890 3453 986 3528 facile
1003 3451 1250 3555 ¹suppetebant,
1276 3459 1367 3526 omni
1392 3458 1487 3553 plura
1507 3455 1649 3528 habendi
1674 3454 1861 3535 defidetio,
1888 3453 1920 3522 dt
1942 3452 1991 3521 lu·

519 3556 565 3622 cri
584 3552 767 3647 cupiditate
793 3551 1060 3647 persecutionum
1086 3555 1163 3626 aeslu
1185 3551 1351 3649 diffipata,
1376 3554 1464 3624 unde
1478 3554 1594 3623 tribur
1617 3555 1735 3648 primia
1758 3546 1906 3631 Ecclesiae
1933 3552 1990 3618 Se·

520 3651 601 3719 culis
622 3652 713 3720 illius
728 3650 812 3718 bona
834 3650 1047 3723 consulebant
1069 3649 1273 3746 potissimum
1288 3654 1321 3720 iu
1337 3649 1435 3720 rcbuo
1450 3648 1647 3731 mobilibus,
1673 3672 1746 3743 quae
1766 3643 1862 3717 focile
1879 3642 1991 3738 al'pot·

523 3772 608 3827 tarr,
632 3746 784 3816 abscondi
801 3748 850 3818 vel
873 3746 1022 3820 distribui
1042 3747 1168 3846 possent
1194 3752 1231 3839 a)
1254 3751 1406 3844 quemvis
1436 3745 1586 3817 Eccleltis
1605 3745 1755 3841 quaedam
1771 3743 1856 3814 bone
1872 3746 1991 3813 immo·

523 3844 600 3913 bilia
624 3845 743 3916 Seculo
763 3848 809 3917 ll.
834 3845 949 3920 dtlll.
979 3847 1047 3942 jam
1072 3843 1198 3917 fuerint
1220 3871 1285 3942 pro
1311 3847 1384 3914 tie:
1411 3869 1448 3914 ex
1470 3844 1605 3916 illorum
1627 3841 1802 3914 mobilium
1825 3838 1992 3911 bonorum

524 3940 754 4011 distributione
784 3940 981 4013 nulloritate
1006 3942 1247 4040 Episcopotum
1275 3870 1359 4012 siclo
1386 3939 1527 4012 minillri
1552 3939 1700 4014 Ecclesia
1726 3939 1847 4031 reliqui
1870 3933 1991 4005 sussen·

527 4046 582 4110 ttti
601 4038 692 4119 sunt,
713 4037 807 4109 dtita
824 4038 1058 4136 supplebatur,
1080 4041 1171 4137 quod
1200 4037 1437 4111 beneficiorum
1461 4037 1537 4111 dein
1569 4043 1655 4110 rotio
1679 4035 1852 4106 adinvento
1873 4028 1993 4112 efferet,
2057 4055 2060 4060 ·

525 4161 598 4207 rat:
626 4136 715 4206 unde
728 4134 887 4227 colligere
902 4135 966 4216 eli,
984 4137 1091 4209 tribus
1109 4138 1175 4209 illis
1192 4138 1318 4208 Seculie
1342 4133 1500 4206 beneficia
1520 4138 1760 4206 modernorum
1784 4130 1926 4227 speciem
1941 4154 1994 4202 re·

525 4229 665 4304 ferentia
679 4258 745 4302 non
759 4229 914 4304 extitisse:
932 4233 1087 4329 Episcopi
1103 4235 1239 4329 quidem
1253 4237 1365 4304 munia
1382 4232 1468 4303 sacra
1486 4234 1616 4326 reliquo
1634 4231 1844 4325 presbyterio
1857 4228 1889 4300 dt
1900 4227 1994 4298 cleto

525 4320 759 4422 imponebant,
776 4354 876 4424 atque
896 4333 1095 4426 unicuique,
1114 4356 1152 4401 ex
1169 4355 1236 4426 quo
1255 4334 1409 4412 viveret,
1435 4328 1655 4423 affigntbant:
1680 4329 1713 4402 dt
1740 4328 1887 4398 nondum
1907 4323 1994 4395 redi·

527 4451 578 4497 tus
594 4434 638 4498 ita
656 4423 787 4497 stabiles
806 4428 961 4498 &certos
975 4454 1014 4502 er
1035 4424 1147 4500 fundis
1171 4427 1405 4523 percipiendos
1421 4430 1462 4500 iie
1488 4428 1698 4504 addixerant:
1720 4447 1757 4502 ut
1770 4429 1879 4523 quivis
1893 4425 1927 4494 in
1943 4420 1994 4493 hi·

527 4521 625 4596 lloria
638 4526 776 4597 illorum
792 4520 979 4598 seculorum
992 4523 1140 4600 versatus
1153 4524 1243 4596 hnud
1259 4522 1439 4615 ignorabit·

1250 4656 1323 4756 ri
1893 4688 1995 4779 nu

1843 4975 1851 5018 l
