<?xml version="1.0" encoding="UTF-8"?>
<!DOCTYPE html PUBLIC "-//W3C//DTD XHTML 1.0 Transitional//EN"
    "http://www.w3.org/TR/xhtml1/DTD/xhtml1-transitional.dtd">
<html xmlns="http://www.w3.org/1999/xhtml" xml:lang="en" lang="en">
 <head>
  <title>
</title>
<meta http-equiv="Content-Type" content="text/html;charset=utf-8" />
  <meta name='ocr-system' content='tesseract 3.04.00' />
  <meta name='ocr-capabilities' content='ocr_page ocr_carea ocr_par ocr_line ocrx_word'/>
</head>
<body>
  <div class='ocr_page' id='page_1' title='image "./thesavrvsivrise01schmgoog_0137.png"; bbox 0 0 5017 5592; ppageno 0'>
   <div class='ocr_carea' id='block_1_1' title="bbox 504 587 1653 739">
    <p class='ocr_par' dir='ltr' id='par_1_1' title="bbox 504 587 1653 739">
     <span class='ocr_line' id='line_1_1' title="bbox 504 587 1653 739; baseline -0.007 -18"><span class='ocrx_word' id='word_1_1' title='bbox 504 661 575 739; x_wconf 83' lang='lat'>124</span> <span class='ocrx_word' id='word_1_2' title='bbox 945 587 1512 714; x_wconf 73' lang='lat' dir='ltr'>utsssns&#39;arto</span> <span class='ocrx_word' id='word_1_3' title='bbox 1649 623 1653 632; x_wconf 85' lang='grc'>’</span> 
     </span>
    </p>
   </div>
   <div class='ocr_carea' id='block_1_2' title="bbox 411 813 1991 2675">
    <p class='ocr_par' dir='ltr' id='par_1_2' title="bbox 411 813 1991 1991">
     <span class='ocr_line' id='line_1_2' title="bbox 502 813 1982 914; baseline -0.002 -19"><span class='ocrx_word' id='word_1_4' title='bbox 502 839 537 895; x_wconf 89' lang='lat' dir='ltr'>ta</span> <span class='ocrx_word' id='word_1_5' title='bbox 554 815 697 892; x_wconf 83' lang='lat' dir='ltr'>maxima</span> <span class='ocrx_word' id='word_1_6' title='bbox 727 831 794 895; x_wconf 87' lang='lat' dir='ltr'>non</span> <span class='ocrx_word' id='word_1_7' title='bbox 816 816 988 914; x_wconf 81' lang='lat' dir='ltr'>excipere,</span> <span class='ocrx_word' id='word_1_8' title='bbox 1018 816 1051 890; x_wconf 87' lang='lat' dir='ltr'>dt</span> <span class='ocrx_word' id='word_1_9' title='bbox 1081 817 1155 890; x_wconf 90' lang='lat' dir='ltr'>data</span> <span class='ocrx_word' id='word_1_10' title='bbox 1178 813 1348 891; x_wconf 83' lang='lat' dir='ltr'>occasione</span> <span class='ocrx_word' id='word_1_11' title='bbox 1373 820 1582 892; x_wconf 91' lang='lat' dir='ltr'>nominatum</span> <span class='ocrx_word' id='word_1_12' title='bbox 1611 816 1788 892; x_wconf 87' lang='lat' dir='ltr'>collatione</span> <span class='ocrx_word' id='word_1_13' title='bbox 1821 813 1982 892; x_wconf 72' lang='lat' dir='ltr'>beneficii</span> 
     </span>
     <span class='ocr_line' id='line_1_3' title="bbox 501 913 1982 1014; baseline -0.001 -22"><span class='ocrx_word' id='word_1_14' title='bbox 501 918 618 992; x_wconf 89' lang='lat' dir='ltr'>beate:</span> <span class='ocrx_word' id='word_1_15' title='bbox 641 917 721 991; x_wconf 90' lang='lat' dir='ltr'>dum</span> <span class='ocrx_word' id='word_1_16' title='bbox 736 919 800 991; x_wconf 90' lang='lat' dir='ltr'>boc</span> <span class='ocrx_word' id='word_1_17' title='bbox 812 920 987 1014; x_wconf 80' lang='lat' dir='ltr'>aliquoties</span> <span class='ocrx_word' id='word_1_18' title='bbox 1003 942 1021 988; x_wconf 91' lang='lat' dir='ltr'>e</span> <span class='ocrx_word' id='word_1_19' title='bbox 1035 919 1121 989; x_wconf 85' lang='lat' dir='ltr'>votis</span> <span class='ocrx_word' id='word_1_20' title='bbox 1136 915 1309 989; x_wconf 84' lang='lat' dir='ltr'>succedere</span> <span class='ocrx_word' id='word_1_21' title='bbox 1327 913 1537 990; x_wconf 81' lang='lat' dir='ltr'>observatum</span> <span class='ocrx_word' id='word_1_22' title='bbox 1555 915 1620 1003; x_wconf 86' lang='lat' dir='ltr'>est,</span> <span class='ocrx_word' id='word_1_23' title='bbox 1636 918 1693 988; x_wconf 90' lang='lat' dir='ltr'>alii</span> <span class='ocrx_word' id='word_1_24' title='bbox 1711 918 1751 988; x_wconf 87' lang='lat' dir='ltr'>ad</span> <span class='ocrx_word' id='word_1_25' title='bbox 1769 915 1910 988; x_wconf 80' lang='lat' dir='ltr'>similem</span> <span class='ocrx_word' id='word_1_26' title='bbox 1922 941 1982 1010; x_wconf 81' lang='lat' dir='ltr'>pe·</span> 
     </span>
     <span class='ocr_line' id='line_1_4' title="bbox 502 1013 1991 1114; baseline -0.001 -26"><span class='ocrx_word' id='word_1_27' title='bbox 502 1019 656 1088; x_wconf 90' lang='lat' dir='ltr'>titionem</span> <span class='ocrx_word' id='word_1_28' title='bbox 675 1016 765 1114; x_wconf 88' lang='lat' dir='ltr'>apud</span> <span class='ocrx_word' id='word_1_29' title='bbox 786 1013 919 1087; x_wconf 72' lang='lat' dir='ltr'>cesares</span> <span class='ocrx_word' id='word_1_30' title='bbox 935 1015 1211 1112; x_wconf 86' lang='lat' dir='ltr'>interponendam</span> <span class='ocrx_word' id='word_1_31' title='bbox 1231 1013 1427 1087; x_wconf 83' lang='lat' dir='ltr'>exstimulati</span> <span class='ocrx_word' id='word_1_32' title='bbox 1450 1015 1542 1098; x_wconf 84' lang='lat' dir='ltr'>sunt,</span> <span class='ocrx_word' id='word_1_33' title='bbox 1573 1015 1691 1087; x_wconf 84' lang='lat' dir='ltr'>&amp;uon</span> <span class='ocrx_word' id='word_1_34' title='bbox 1712 1019 1823 1086; x_wconf 83' lang='lat' dir='ltr'>minus</span> <span class='ocrx_word' id='word_1_35' title='bbox 1840 1013 1872 1086; x_wconf 90' lang='lat' dir='ltr'>se</span> <span class='ocrx_word' id='word_1_36' title='bbox 1899 1033 1991 1092; x_wconf 63' lang='lat' dir='ltr'>uec·</span> 
     </span>
     <span class='ocr_line' id='line_1_5' title="bbox 427 1041 1981 1209; baseline 0.002 -25"><span class='ocrx_word' id='word_1_37' title='bbox 427 1111 446 1126; x_wconf 76' lang='grc'><strong>“</strong></span> <span class='ocrx_word' id='word_1_38' title='bbox 504 1135 556 1186; x_wconf 89' lang='lat' dir='ltr'>tes</span> <span class='ocrx_word' id='word_1_39' title='bbox 578 1117 804 1209; x_wconf 79' lang='lat' dir='ltr'>Imperatores</span> <span class='ocrx_word' id='word_1_40' title='bbox 819 1119 859 1184; x_wconf 87' lang='lat' dir='ltr'>iis</span> <span class='ocrx_word' id='word_1_41' title='bbox 881 1096 1021 1205; x_wconf 63' lang='lat' dir='ltr'>giarium</span> <span class='ocrx_word' id='word_1_42' title='bbox 1039 1112 1150 1199; x_wconf 89' lang='lat' dir='ltr'>suam,</span> <span class='ocrx_word' id='word_1_43' title='bbox 1173 1113 1258 1182; x_wconf 91' lang='lat' dir='ltr'>datis</span> <span class='ocrx_word' id='word_1_44' title='bbox 1274 1113 1314 1181; x_wconf 89' lang='lat' dir='ltr'>ad</span> <span class='ocrx_word' id='word_1_45' title='bbox 1340 1111 1516 1185; x_wconf 77' lang='lat' dir='ltr'>collatores</span> <span class='ocrx_word' id='word_1_46' title='bbox 1534 1113 1636 1185; x_wconf 83' lang='lat' dir='ltr'>literis</span> <span class='ocrx_word' id='word_1_47' title='bbox 1663 1041 1981 1186; x_wconf 73' lang='lat' dir='ltr'>interccffionlltuas</span> 
     </span>
     <span class='ocr_line' id='line_1_6' title="bbox 503 1207 1985 1310; baseline -0.001 -26"><span class='ocrx_word' id='word_1_48' title='bbox 503 1235 543 1284; x_wconf 81' lang='lat' dir='ltr'>er</span> <span class='ocrx_word' id='word_1_49' title='bbox 562 1211 748 1282; x_wconf 89' lang='lat' dir='ltr'>rationibus</span> <span class='ocrx_word' id='word_1_50' title='bbox 768 1212 933 1308; x_wconf 83' lang='lat' dir='ltr'>politicis,</span> <span class='ocrx_word' id='word_1_51' title='bbox 959 1233 1015 1281; x_wconf 90' lang='lat' dir='ltr'>aut</span> <span class='ocrx_word' id='word_1_52' title='bbox 1030 1234 1190 1310; x_wconf 78' lang='lat' dir='ltr'>pretextu</span> <span class='ocrx_word' id='word_1_53' title='bbox 1213 1208 1396 1305; x_wconf 82' lang='lat' dir='ltr'>pretatisdt</span> <span class='ocrx_word' id='word_1_54' title='bbox 1418 1207 1576 1281; x_wconf 71' lang='lat' dir='ltr'>doslrinae</span> <span class='ocrx_word' id='word_1_55' title='bbox 1593 1215 1625 1282; x_wconf 90' lang='lat' dir='ltr'>in</span> <span class='ocrx_word' id='word_1_56' title='bbox 1649 1207 1787 1308; x_wconf 88' lang='lat' dir='ltr'>precilla</span> <span class='ocrx_word' id='word_1_57' title='bbox 1809 1235 1985 1283; x_wconf 88' lang='lat' dir='ltr'>commen·</span> 
     </span>
     <span class='ocr_line' id='line_1_7' title="bbox 502 1306 1983 1406; baseline 0.001 -28"><span class='ocrx_word' id='word_1_58' title='bbox 502 1308 588 1379; x_wconf 76' lang='lat' dir='ltr'>date</span> <span class='ocrx_word' id='word_1_59' title='bbox 602 1313 765 1405; x_wconf 86' lang='lat' dir='ltr'>impertiti</span> <span class='ocrx_word' id='word_1_60' title='bbox 781 1307 887 1381; x_wconf 88' lang='lat' dir='ltr'>fuere.</span> <span class='ocrx_word' id='word_1_61' title='bbox 936 1313 1019 1380; x_wconf 91' lang='lat' dir='ltr'>Non</span> <span class='ocrx_word' id='word_1_62' title='bbox 1037 1311 1134 1406; x_wconf 91' lang='lat' dir='ltr'>pauci</span> <span class='ocrx_word' id='word_1_63' title='bbox 1150 1308 1286 1405; x_wconf 91' lang='lat' dir='ltr'>quidem</span> <span class='ocrx_word' id='word_1_64' title='bbox 1304 1331 1343 1380; x_wconf 87' lang='lat' dir='ltr'>ex</span> <span class='ocrx_word' id='word_1_65' title='bbox 1364 1306 1579 1380; x_wconf 78' lang='lat' dir='ltr'>collatoribus</span> <span class='ocrx_word' id='word_1_66' title='bbox 1597 1307 1726 1380; x_wconf 85' lang='lat' dir='ltr'>instdias</span> <span class='ocrx_word' id='word_1_67' title='bbox 1741 1306 1799 1380; x_wconf 92' lang='lat' dir='ltr'>suo</span> <span class='ocrx_word' id='word_1_68' title='bbox 1811 1312 1880 1404; x_wconf 85' lang='lat' dir='ltr'>juti</span> <span class='ocrx_word' id='word_1_69' title='bbox 1901 1310 1983 1380; x_wconf 91' lang='lat' dir='ltr'>inde</span> 
     </span>
     <span class='ocr_line' id='line_1_8' title="bbox 502 1401 1984 1504; baseline -0.001 -25"><span class='ocrx_word' id='word_1_70' title='bbox 502 1403 589 1479; x_wconf 71' lang='lat' dir='ltr'>strui·</span> <span class='ocrx_word' id='word_1_71' title='bbox 611 1401 842 1492; x_wconf 82' lang='lat' dir='ltr'>observantes,</span> <span class='ocrx_word' id='word_1_72' title='bbox 869 1402 1015 1478; x_wconf 73' lang='lat' dir='ltr'>cesaree</span> <span class='ocrx_word' id='word_1_73' title='bbox 1037 1407 1318 1477; x_wconf 87' lang='lat' dir='ltr'>commendationi</span> <span class='ocrx_word' id='word_1_74' title='bbox 1341 1405 1431 1477; x_wconf 90' lang='lat' dir='ltr'>haud</span> <span class='ocrx_word' id='word_1_75' title='bbox 1452 1402 1662 1488; x_wconf 85' lang='lat' dir='ltr'>deserebant,</span> <span class='ocrx_word' id='word_1_76' title='bbox 1689 1403 1744 1478; x_wconf 93' lang='lat' dir='ltr'>sed</span> <span class='ocrx_word' id='word_1_77' title='bbox 1766 1407 1823 1478; x_wconf 88' lang='lat' dir='ltr'>illa</span> <span class='ocrx_word' id='word_1_78' title='bbox 1843 1403 1984 1504; x_wconf 83' lang='lat' dir='ltr'>insuper</span> 
     </span>
     <span class='ocr_line' id='line_1_9' title="bbox 503 1499 1984 1601; baseline 0 -23"><span class='ocrx_word' id='word_1_79' title='bbox 503 1501 635 1587; x_wconf 83' lang='lat' dir='ltr'>babitu,</span> <span class='ocrx_word' id='word_1_80' title='bbox 659 1505 732 1575; x_wconf 91' lang='lat' dir='ltr'>aliis</span> <span class='ocrx_word' id='word_1_81' title='bbox 752 1502 901 1601; x_wconf 89' lang='lat' dir='ltr'>personis</span> <span class='ocrx_word' id='word_1_82' title='bbox 918 1499 1075 1574; x_wconf 86' lang='lat' dir='ltr'>beneficia</span> <span class='ocrx_word' id='word_1_83' title='bbox 1092 1505 1315 1575; x_wconf 89' lang='lat' dir='ltr'>contulerunt.</span> <span class='ocrx_word' id='word_1_84' title='bbox 1364 1501 1405 1574; x_wconf 84' lang='lat' dir='ltr'>ld</span> <span class='ocrx_word' id='word_1_85' title='bbox 1426 1504 1516 1598; x_wconf 90' lang='lat' dir='ltr'>quod</span> <span class='ocrx_word' id='word_1_86' title='bbox 1531 1509 1705 1597; x_wconf 80' lang='lat' dir='ltr'>aegerrime</span> <span class='ocrx_word' id='word_1_87' title='bbox 1727 1504 1892 1576; x_wconf 83' lang='lat' dir='ltr'>babeban&#39;t</span> <span class='ocrx_word' id='word_1_88' title='bbox 1930 1529 1984 1578; x_wconf 83' lang='lat' dir='ltr'>re·</span> 
     </span>
     <span class='ocr_line' id='line_1_10' title="bbox 504 1529 1983 1699; baseline 0 -25"><span class='ocrx_word' id='word_1_89' title='bbox 504 1598 609 1685; x_wconf 78' lang='lat' dir='ltr'>cislae,</span> <span class='ocrx_word' id='word_1_90' title='bbox 624 1599 816 1685; x_wconf 72' lang='lat' dir='ltr'>casaribus,</span> <span class='ocrx_word' id='word_1_91' title='bbox 836 1597 943 1699; x_wconf 87' lang='lat' dir='ltr'>perse</span> <span class='ocrx_word' id='word_1_92' title='bbox 957 1601 1009 1673; x_wconf 84' lang='lat' dir='ltr'>vel</span> <span class='ocrx_word' id='word_1_93' title='bbox 1030 1627 1091 1699; x_wconf 86' lang='lat' dir='ltr'>per</span> <span class='ocrx_word' id='word_1_94' title='bbox 1107 1602 1189 1672; x_wconf 83' lang='lat' dir='ltr'>altos</span> <span class='ocrx_word' id='word_1_95' title='bbox 1206 1598 1280 1672; x_wconf 92' lang='lat' dir='ltr'>suos</span> <span class='ocrx_word' id='word_1_96' title='bbox 1303 1623 1462 1696; x_wconf 87' lang='lat' dir='ltr'>patronos</span> <span class='ocrx_word' id='word_1_97' title='bbox 1489 1600 1723 1694; x_wconf 79' lang='lat' dir='ltr'>suggerentes,</span> <span class='ocrx_word' id='word_1_98' title='bbox 1746 1605 1779 1672; x_wconf 93' lang='lat' dir='ltr'>in</span> <span class='ocrx_word' id='word_1_99' title='bbox 1802 1529 1983 1696; x_wconf 62' lang='lat' dir='ltr'>majeslltis</span> 
     </span>
     <span class='ocr_line' id='line_1_11' title="bbox 503 1694 1984 1796; baseline 0 -26"><span class='ocrx_word' id='word_1_100' title='bbox 503 1699 662 1793; x_wconf 83' lang='lat' dir='ltr'>injuriam</span> <span class='ocrx_word' id='word_1_101' title='bbox 679 1701 797 1772; x_wconf 84' lang='lat' dir='ltr'>cedere</span> <span class='ocrx_word' id='word_1_102' title='bbox 811 1701 910 1770; x_wconf 88' lang='lat' dir='ltr'>talem</span> <span class='ocrx_word' id='word_1_103' title='bbox 931 1697 1141 1787; x_wconf 81' lang='lat' dir='ltr'>despetlum,</span> <span class='ocrx_word' id='word_1_104' title='bbox 1170 1723 1209 1770; x_wconf 82' lang='lat' dir='ltr'>ex</span> <span class='ocrx_word' id='word_1_105' title='bbox 1229 1723 1337 1794; x_wconf 89' lang='lat' dir='ltr'>eoque</span> <span class='ocrx_word' id='word_1_106' title='bbox 1352 1694 1488 1771; x_wconf 87' lang='lat' dir='ltr'>fortiori</span> <span class='ocrx_word' id='word_1_107' title='bbox 1520 1704 1650 1796; x_wconf 92' lang='lat' dir='ltr'>impetu</span> <span class='ocrx_word' id='word_1_108' title='bbox 1670 1700 1868 1770; x_wconf 88' lang='lat' dir='ltr'>collatorum</span> <span class='ocrx_word' id='word_1_109' title='bbox 1892 1699 1984 1771; x_wconf 84' lang='lat' dir='ltr'>relu-</span> 
     </span>
     <span class='ocr_line' id='line_1_12' title="bbox 504 1793 1985 1892; baseline 0.001 -26"><span class='ocrx_word' id='word_1_110' title='bbox 504 1793 661 1868; x_wconf 71' lang='lat' dir='ltr'>slantiam</span> <span class='ocrx_word' id='word_1_111' title='bbox 689 1794 751 1869; x_wconf 89' lang='lat' dir='ltr'>esse</span> <span class='ocrx_word' id='word_1_112' title='bbox 780 1797 1092 1892; x_wconf 82' lang='lat' dir='ltr'>comprimendam:</span> <span class='ocrx_word' id='word_1_113' title='bbox 1120 1797 1196 1867; x_wconf 89' lang='lat' dir='ltr'>hinc</span> <span class='ocrx_word' id='word_1_114' title='bbox 1218 1797 1294 1867; x_wconf 91' lang='lat' dir='ltr'>dein</span> <span class='ocrx_word' id='word_1_115' title='bbox 1320 1796 1663 1870; x_wconf 80' lang='lat' dir='ltr'>commendationibus</span> <span class='ocrx_word' id='word_1_116' title='bbox 1687 1798 1841 1868; x_wconf 86' lang='lat' dir='ltr'>mandata</span> <span class='ocrx_word' id='word_1_117' title='bbox 1865 1795 1985 1892; x_wconf 82' lang='lat' dir='ltr'>adjun·</span> 
     </span>
     <span class='ocr_line' id='line_1_13' title="bbox 411 1887 1984 1991; baseline 0.003 -27"><span class='ocrx_word' id='word_1_118' title='bbox 411 1955 414 1964; x_wconf 95' lang='grc'><em>.</em></span> <span class='ocrx_word' id='word_1_119' title='bbox 503 1918 601 1986; x_wconf 85' lang='lat' dir='ltr'>aete,</span> <span class='ocrx_word' id='word_1_120' title='bbox 625 1892 769 1968; x_wconf 81' lang='lat' dir='ltr'>sedtum</span> <span class='ocrx_word' id='word_1_121' title='bbox 785 1897 969 1965; x_wconf 83' lang='lat' dir='ltr'>haecetiam</span> <span class='ocrx_word' id='word_1_122' title='bbox 990 1919 1055 1964; x_wconf 94' lang='lat' dir='ltr'>non</span> <span class='ocrx_word' id='word_1_123' title='bbox 1070 1894 1159 1991; x_wconf 91' lang='lat' dir='ltr'>apud</span> <span class='ocrx_word' id='word_1_124' title='bbox 1178 1917 1296 1964; x_wconf 85' lang='lat' dir='ltr'>omnes</span> <span class='ocrx_word' id='word_1_125' title='bbox 1311 1887 1443 1966; x_wconf 88' lang='lat' dir='ltr'>felicem</span> <span class='ocrx_word' id='word_1_126' title='bbox 1460 1892 1659 1966; x_wconf 88' lang='lat' dir='ltr'>sortirentur</span> <span class='ocrx_word' id='word_1_127' title='bbox 1678 1899 1819 1974; x_wconf 83' lang='lat' dir='ltr'>exitum,</span> <span class='ocrx_word' id='word_1_128' title='bbox 1842 1895 1984 1968; x_wconf 83' lang='lat' dir='ltr'>demum</span> 
     </span>
    </p>

    <p class='ocr_par' dir='ltr' id='par_1_3' title="bbox 451 1986 1987 2675">
     <span class='ocr_line' id='line_1_14' title="bbox 451 1986 1984 2089; baseline -0.001 -24"><span class='ocrx_word' id='word_1_129' title='bbox 451 2019 455 2028; x_wconf 75' lang='lat'><strong><em>¹</em></strong></span> <span class='ocrx_word' id='word_1_130' title='bbox 502 2013 697 2065; x_wconf 86' lang='lat' dir='ltr'>executores</span> <span class='ocrx_word' id='word_1_131' title='bbox 719 1990 979 2073; x_wconf 88' lang='lat' dir='ltr'>conslituebant,</span> <span class='ocrx_word' id='word_1_132' title='bbox 998 1991 1155 2063; x_wconf 78' lang='lat' dir='ltr'>advocata</span> <span class='ocrx_word' id='word_1_133' title='bbox 1178 2015 1252 2062; x_wconf 90' lang='lat' dir='ltr'>eam</span> <span class='ocrx_word' id='word_1_134' title='bbox 1268 1995 1300 2060; x_wconf 93' lang='lat' dir='ltr'>in</span> <span class='ocrx_word' id='word_1_135' title='bbox 1323 2014 1394 2063; x_wconf 88' lang='lat' dir='ltr'>rem</span> <span class='ocrx_word' id='word_1_136' title='bbox 1416 1991 1617 2064; x_wconf 79' lang='lat' dir='ltr'>Pontificum</span> <span class='ocrx_word' id='word_1_137' title='bbox 1639 1988 1828 2074; x_wconf 80' lang='lat' dir='ltr'>assistentia,</span> <span class='ocrx_word' id='word_1_138' title='bbox 1848 2017 1920 2089; x_wconf 92' lang='lat' dir='ltr'>quo</span> <span class='ocrx_word' id='word_1_139' title='bbox 1934 1986 1984 2063; x_wconf 83' lang='lat' dir='ltr'>fa·</span> 
     </span>
     <span class='ocr_line' id='line_1_15' title="bbox 503 2085 1986 2188; baseline 0.003 -29"><span class='ocrx_word' id='word_1_140' title='bbox 503 2086 560 2159; x_wconf 75' lang='lat'>80</span> <span class='ocrx_word' id='word_1_141' title='bbox 575 2115 640 2161; x_wconf 91' lang='lat' dir='ltr'>non</span> <span class='ocrx_word' id='word_1_142' title='bbox 656 2092 887 2188; x_wconf 84' lang='lat' dir='ltr'>infrequenter</span> <span class='ocrx_word' id='word_1_143' title='bbox 902 2113 966 2186; x_wconf 89' lang='lat' dir='ltr'>pro</span> <span class='ocrx_word' id='word_1_144' title='bbox 982 2085 1080 2162; x_wconf 83' lang='lat' dir='ltr'>seculi</span> <span class='ocrx_word' id='word_1_145' title='bbox 1097 2092 1173 2162; x_wconf 85' lang='grc' dir='ltr'>ΧΠ.</span> <span class='ocrx_word' id='word_1_146' title='bbox 1190 2088 1223 2161; x_wconf 86' lang='lat' dir='ltr'>dt</span> <span class='ocrx_word' id='word_1_147' title='bbox 1240 2092 1334 2159; x_wconf 85' lang='lat' dir='ltr'>xttl.</span> <span class='ocrx_word' id='word_1_148' title='bbox 1354 2089 1557 2187; x_wconf 69' lang='lat' dir='ltr'>prejudiciis</span> <span class='ocrx_word' id='word_1_149' title='bbox 1578 2087 1825 2162; x_wconf 87' lang='lat' dir='ltr'>obedientiores</span> <span class='ocrx_word' id='word_1_150' title='bbox 1841 2092 1986 2163; x_wconf 80' lang='lat' dir='ltr'>extitere</span> 
     </span>
     <span class='ocr_line' id='line_1_16' title="bbox 498 2183 1985 2284; baseline 0.001 -25"><span class='ocrx_word' id='word_1_151' title='bbox 498 2185 662 2284; x_wconf 81' lang='lat' dir='ltr'>Episcopi</span> <span class='ocrx_word' id='word_1_152' title='bbox 688 2188 721 2261; x_wconf 87' lang='lat' dir='ltr'>dt</span> <span class='ocrx_word' id='word_1_153' title='bbox 745 2188 922 2258; x_wconf 85' lang='lat' dir='ltr'>collatores</span> <span class='ocrx_word' id='word_1_154' title='bbox 951 2186 1133 2271; x_wconf 89' lang='lat' dir='ltr'>ordinarii,</span> <span class='ocrx_word' id='word_1_155' title='bbox 1154 2190 1307 2284; x_wconf 85' lang='lat' dir='ltr'>quamvis</span> <span class='ocrx_word' id='word_1_156' title='bbox 1329 2188 1385 2257; x_wconf 89' lang='lat' dir='ltr'>alii</span> <span class='ocrx_word' id='word_1_157' title='bbox 1408 2185 1528 2268; x_wconf 84' lang='lat' dir='ltr'>essent,</span> <span class='ocrx_word' id='word_1_158' title='bbox 1550 2190 1627 2283; x_wconf 92' lang='lat' dir='ltr'>qui,</span> <span class='ocrx_word' id='word_1_159' title='bbox 1649 2191 1805 2284; x_wconf 88' lang='lat' dir='ltr'>precibus</span> <span class='ocrx_word' id='word_1_160' title='bbox 1831 2183 1985 2260; x_wconf 84' lang='lat' dir='ltr'>caesareis</span> 
     </span>
     <span class='ocr_line' id='line_1_17' title="bbox 502 2281 1986 2382; baseline -0.001 -24"><span class='ocrx_word' id='word_1_161' title='bbox 502 2288 723 2379; x_wconf 84' lang='lat' dir='ltr'>contemptis,</span> <span class='ocrx_word' id='word_1_162' title='bbox 748 2311 812 2382; x_wconf 87' lang='lat' dir='ltr'>pro</span> <span class='ocrx_word' id='word_1_163' title='bbox 828 2284 979 2357; x_wconf 90' lang='lat' dir='ltr'>libertate</span> <span class='ocrx_word' id='word_1_164' title='bbox 997 2284 1184 2356; x_wconf 77' lang='lat' dir='ltr'>collationis</span> <span class='ocrx_word' id='word_1_165' title='bbox 1201 2309 1263 2356; x_wconf 90' lang='lat' dir='ltr'>ceu</span> <span class='ocrx_word' id='word_1_166' title='bbox 1278 2309 1342 2382; x_wconf 91' lang='lat' dir='ltr'>pto</span> <span class='ocrx_word' id='word_1_167' title='bbox 1357 2291 1422 2356; x_wconf 88' lang='lat' dir='ltr'>aris</span> <span class='ocrx_word' id='word_1_168' title='bbox 1447 2285 1480 2357; x_wconf 81' lang='lat' dir='ltr'>dt</span> <span class='ocrx_word' id='word_1_169' title='bbox 1502 2281 1586 2357; x_wconf 81' lang='lat' dir='ltr'>socie</span> <span class='ocrx_word' id='word_1_170' title='bbox 1610 2286 1837 2368; x_wconf 85' lang='lat' dir='ltr'>decertarent,</span> <span class='ocrx_word' id='word_1_171' title='bbox 1858 2287 1986 2358; x_wconf 88' lang='lat' dir='ltr'>nihilo·</span> 
     </span>
     <span class='ocr_line' id='line_1_18' title="bbox 502 2379 1986 2482; baseline 0 -26"><span class='ocrx_word' id='word_1_172' title='bbox 502 2386 614 2456; x_wconf 87' lang='lat' dir='ltr'>minus</span> <span class='ocrx_word' id='word_1_173' title='bbox 627 2383 694 2479; x_wconf 84' lang='lat' dir='ltr'>jam</span> <span class='ocrx_word' id='word_1_174' title='bbox 722 2388 841 2456; x_wconf 80' lang='lat' dir='ltr'>Secum</span> <span class='ocrx_word' id='word_1_175' title='bbox 863 2387 956 2454; x_wconf 87' lang='lat' dir='ltr'>Xlll.</span> <span class='ocrx_word' id='word_1_176' title='bbox 975 2404 1114 2455; x_wconf 79' lang='lat' dir='ltr'>exeunte</span> <span class='ocrx_word' id='word_1_177' title='bbox 1139 2379 1274 2454; x_wconf 80' lang='lat' dir='ltr'>caesares</span> <span class='ocrx_word' id='word_1_178' title='bbox 1295 2382 1348 2478; x_wconf 87' lang='lat' dir='ltr'>jus</span> <span class='ocrx_word' id='word_1_179' title='bbox 1374 2387 1611 2482; x_wconf 84' lang='lat' dir='ltr'>primariorum</span> <span class='ocrx_word' id='word_1_180' title='bbox 1629 2407 1767 2479; x_wconf 85' lang='lat' dir='ltr'>precum</span> <span class='ocrx_word' id='word_1_181' title='bbox 1783 2405 1823 2456; x_wconf 84' lang='lat' dir='ltr'>er</span> <span class='ocrx_word' id='word_1_182' title='bbox 1844 2387 1986 2480; x_wconf 89' lang='lat' dir='ltr'>antiqua</span> 
     </span>
     <span class='ocr_line' id='line_1_19' title="bbox 504 2477 1987 2577; baseline 0 -25"><span class='ocrx_word' id='word_1_183' title='bbox 504 2479 538 2552; x_wconf 80' lang='lat' dir='ltr'>dc</span> <span class='ocrx_word' id='word_1_184' title='bbox 566 2479 749 2577; x_wconf 87' lang='lat' dir='ltr'>approbata</span> <span class='ocrx_word' id='word_1_185' title='bbox 772 2478 1008 2550; x_wconf 92' lang='lat' dir='ltr'>consuetudine</span> <span class='ocrx_word' id='word_1_186' title='bbox 1031 2477 1224 2573; x_wconf 79' lang='lat' dir='ltr'>acquisitum</span> <span class='ocrx_word' id='word_1_187' title='bbox 1246 2480 1486 2575; x_wconf 89' lang='lat' dir='ltr'>diplomatibus</span> <span class='ocrx_word' id='word_1_188' title='bbox 1509 2481 1574 2552; x_wconf 87' lang='lat' dir='ltr'>suis</span> <span class='ocrx_word' id='word_1_189' title='bbox 1602 2477 1789 2554; x_wconf 89' lang='lat' dir='ltr'>adserue&#39;re.</span> <span class='ocrx_word' id='word_1_190' title='bbox 1846 2483 1987 2554; x_wconf 75' lang='lat' dir='ltr'>Hoecita</span> 
     </span>
     <span class='ocr_line' id='line_1_20' title="bbox 503 2572 1612 2675; baseline -0.004 -25"><span class='ocrx_word' id='word_1_191' title='bbox 503 2578 709 2675; x_wconf 81' lang='lat' dir='ltr'>compendio</span> <span class='ocrx_word' id='word_1_192' title='bbox 730 2575 891 2657; x_wconf 73' lang='lat' dir='ltr'>addusla,</span> <span class='ocrx_word' id='word_1_193' title='bbox 914 2600 1001 2646; x_wconf 90' lang='lat' dir='ltr'>nunc</span> <span class='ocrx_word' id='word_1_194' title='bbox 1021 2577 1123 2674; x_wconf 88' lang='lat' dir='ltr'>paulo</span> <span class='ocrx_word' id='word_1_195' title='bbox 1139 2572 1239 2647; x_wconf 83' lang='lat' dir='ltr'>sullus</span> <span class='ocrx_word' id='word_1_196' title='bbox 1255 2578 1449 2648; x_wconf 91' lang='lat' dir='ltr'>elucidanda</span> <span class='ocrx_word' id='word_1_197' title='bbox 1466 2582 1612 2650; x_wconf 84' lang='lat' dir='ltr'>veniunt.</span> 
     </span>
    </p>
   </div>
   <div class='ocr_carea' id='block_1_3' title="bbox 541 2703 1988 3860">
    <p class='ocr_par' dir='ltr' id='par_1_4' title="bbox 541 2703 1988 3860">
     <span class='ocr_line' id='line_1_21' title="bbox 541 2703 1984 2794; baseline 0.003 -21"><span class='ocrx_word' id='word_1_198' title='bbox 541 2709 582 2793; x_wconf 77' lang='lat' dir='ltr'>s)</span> <span class='ocrx_word' id='word_1_199' title='bbox 602 2707 758 2793; x_wconf 80' lang='lat' dir='ltr'>Spenems</span> <span class='ocrx_word' id='word_1_200' title='bbox 773 2705 1011 2785; x_wconf 81' lang='lat' dir='ltr'>lutcttcuttsoeu</span> <span class='ocrx_word' id='word_1_201' title='bbox 1024 2705 1304 2788; x_wconf 55' lang='lat' dir='ltr'>&amp;tortormentis</span> <span class='ocrx_word' id='word_1_202' title='bbox 1318 2703 1400 2781; x_wconf 76' lang='lat' dir='ltr'>stite</span> <span class='ocrx_word' id='word_1_203' title='bbox 1416 2706 1484 2772; x_wconf 80' lang='lat' dir='ltr'>Lib.</span> <span class='ocrx_word' id='word_1_204' title='bbox 1497 2705 1538 2772; x_wconf 83' lang='lat' dir='ltr'>tl.</span> <span class='ocrx_word' id='word_1_205' title='bbox 1559 2729 1625 2793; x_wconf 78' lang='lat' dir='ltr'>cap.</span> <span class='ocrx_word' id='word_1_206' title='bbox 1648 2709 1736 2779; x_wconf 83' lang='lat' dir='ltr'>XIV.</span> <span class='ocrx_word' id='word_1_207' title='bbox 1760 2709 1794 2792; x_wconf 80' lang='lat'>§.</span> <span class='ocrx_word' id='word_1_208' title='bbox 1812 2725 1844 2794; x_wconf 75' lang='lat'>5.</span> <span class='ocrx_word' id='word_1_209' title='bbox 1865 2722 1937 2777; x_wconf 87' lang='lat' dir='ltr'>not.</span> <span class='ocrx_word' id='word_1_210' title='bbox 1950 2712 1984 2780; x_wconf 84' lang='lat' dir='ltr'>b.</span> 
     </span>
     <span class='ocr_line' id='line_1_22' title="bbox 608 2789 1985 2878; baseline 0.001 -22"><span class='ocrx_word' id='word_1_211' title='bbox 608 2793 648 2857; x_wconf 73' lang='lat' dir='ltr'>=ln</span> <span class='ocrx_word' id='word_1_212' title='bbox 663 2813 731 2855; x_wconf 85' lang='lat' dir='ltr'>erm</span> <span class='ocrx_word' id='word_1_213' title='bbox 757 2789 939 2854; x_wconf 89' lang='lat' dir='ltr'>sententiam</span> <span class='ocrx_word' id='word_1_214' title='bbox 954 2789 1017 2852; x_wconf 91' lang='lat' dir='ltr'>ltoc</span> <span class='ocrx_word' id='word_1_215' title='bbox 1030 2790 1129 2852; x_wconf 86' lang='lat' dir='ltr'>modo</span> <span class='ocrx_word' id='word_1_216' title='bbox 1145 2793 1239 2855; x_wconf 85' lang='lat' dir='ltr'>abiit:</span> <span class='ocrx_word' id='word_1_217' title='bbox 1267 2797 1287 2826; x_wconf 84' lang='lat'>‘⁴</span> <span class='ocrx_word' id='word_1_218' title='bbox 1296 2789 1431 2851; x_wconf 86' lang='lat' dir='ltr'>Contad.</span> <span class='ocrx_word' id='word_1_219' title='bbox 1458 2789 1602 2874; x_wconf 82' lang='lat' dir='ltr'>Urspetg.</span> <span class='ocrx_word' id='word_1_220' title='bbox 1620 2796 1657 2855; x_wconf 88' lang='lat' dir='ltr'>ad</span> <span class='ocrx_word' id='word_1_221' title='bbox 1686 2812 1734 2856; x_wconf 91' lang='lat' dir='ltr'>an.</span> <span class='ocrx_word' id='word_1_222' title='bbox 1751 2812 1838 2860; x_wconf 85' lang='lat'><em>1122.</em></span> <span class='ocrx_word' id='word_1_223' title='bbox 1855 2813 1888 2878; x_wconf 89' lang='lat' dir='ltr'>p.</span> <span class='ocrx_word' id='word_1_224' title='bbox 1907 2811 1985 2878; x_wconf 78' lang='lat'>204.</span> 
     </span>
     <span class='ocr_line' id='line_1_23' title="bbox 617 2866 1987 2954; baseline -0.001 -13"><span class='ocrx_word' id='word_1_225' title='bbox 617 2873 749 2946; x_wconf 77' lang='lat' dir='ltr'>btritbttt</span> <span class='ocrx_word' id='word_1_226' title='bbox 767 2878 819 2939; x_wconf 83' lang='lat' dir='ltr'>tuit</span> <span class='ocrx_word' id='word_1_227' title='bbox 834 2866 1196 2950; x_wconf 69' lang='lat' dir='ltr'>brunellottnlirlunbtu:</span> <span class='ocrx_word' id='word_1_228' title='bbox 1218 2871 1353 2954; x_wconf 84' lang='lat' dir='ltr'>qualiter</span> <span class='ocrx_word' id='word_1_229' title='bbox 1373 2871 1593 2936; x_wconf 72' lang='lat' dir='ltr'>ecclesiasticas</span> <span class='ocrx_word' id='word_1_230' title='bbox 1620 2877 1840 2944; x_wconf 84' lang='lat' dir='ltr'>investituras,</span> <span class='ocrx_word' id='word_1_231' title='bbox 1861 2887 1987 2942; x_wconf 85' lang='lat' dir='ltr'>cetera·</span> 
     </span>
     <span class='ocr_line' id='line_1_24' title="bbox 617 2953 1987 3096; baseline 0.005 -79"><span class='ocrx_word' id='word_1_232' title='bbox 617 2974 680 3038; x_wconf 88' lang='lat' dir='ltr'>quc</span> <span class='ocrx_word' id='word_1_233' title='bbox 701 2954 880 3037; x_wconf 84' lang='lat' dir='ltr'>Spiritualia</span> <span class='ocrx_word' id='word_1_234' title='bbox 897 2956 1048 3096; x_wconf 62' lang='lat' dir='ltr'>nepotis,</span> <span class='ocrx_word' id='word_1_235' title='bbox 1070 2972 1141 3052; x_wconf 88' lang='lat' dir='ltr'>quae</span> <span class='ocrx_word' id='word_1_236' title='bbox 1159 2966 1251 3018; x_wconf 90' lang='lat' dir='ltr'>tauto</span> <span class='ocrx_word' id='word_1_237' title='bbox 1270 2967 1415 3053; x_wconf 76' lang='lat' dir='ltr'>tempore</span> <span class='ocrx_word' id='word_1_238' title='bbox 1433 2953 1535 3052; x_wconf 71' lang='lat' dir='ltr'>Reges</span> <span class='ocrx_word' id='word_1_239' title='bbox 1555 2953 1727 3062; x_wconf 75' lang='lat' dir='ltr'>Teutpnici</span> <span class='ocrx_word' id='word_1_240' title='bbox 1746 2959 1987 3024; x_wconf 83' lang='lat' dir='ltr'>administrave-</span> 
     </span>
     <span class='ocr_line' id='line_1_25' title="bbox 616 3035 1987 3202; baseline 0.004 -20"><span class='ocrx_word' id='word_1_241' title='bbox 616 3048 688 3182; x_wconf 70' lang='lat' dir='ltr'>tt:</span> <span class='ocrx_word' id='word_1_242' title='bbox 702 3035 1987 3202; x_wconf 58' lang='lat' dir='ltr'>mss?sttnl‘t‘¹,⁶t⁸,lttt‚“tlttttt¹¹tt‘ttlttff‘sttsttt</span> 
     </span>
     <span class='ocr_line' id='line_1_26' title="bbox 616 3200 1987 3300; baseline 0.004 -36"><span class='ocrx_word' id='word_1_243' title='bbox 616 3201 755 3265; x_wconf 86' lang='lat' dir='ltr'>titudine</span> <span class='ocrx_word' id='word_1_244' title='bbox 768 3200 923 3269; x_wconf 84' lang='lat' dir='ltr'>maxima,</span> <span class='ocrx_word' id='word_1_245' title='bbox 948 3200 1026 3261; x_wconf 84' lang='lat' dir='ltr'>ebne</span> <span class='ocrx_word' id='word_1_246' title='bbox 1052 3204 1154 3263; x_wconf 88' lang='lat' dir='ltr'>averit</span> <span class='ocrx_word' id='word_1_247' title='bbox 1167 3200 1200 3263; x_wconf 86' lang='lat' dir='ltr'>dt</span> <span class='ocrx_word' id='word_1_248' title='bbox 1214 3202 1244 3263; x_wconf 92' lang='lat' dir='ltr'>in</span> <span class='ocrx_word' id='word_1_249' title='bbox 1262 3219 1372 3262; x_wconf 88' lang='lat' dir='ltr'>manus</span> <span class='ocrx_word' id='word_1_250' title='bbox 1385 3201 1515 3264; x_wconf 87' lang='lat' dir='ltr'>Domini</span> <span class='ocrx_word' id='word_1_251' title='bbox 1534 3201 1680 3300; x_wconf 82' lang='lat' dir='ltr'>Episcopi</span> <span class='ocrx_word' id='word_1_252' title='bbox 1700 3203 1849 3268; x_wconf 81' lang='lat' dir='ltr'>Ostiensis</span> <span class='ocrx_word' id='word_1_253' title='bbox 1869 3225 1907 3269; x_wconf 90' lang='lat' dir='ltr'>ac</span> <span class='ocrx_word' id='word_1_254' title='bbox 1927 3223 1987 3292; x_wconf 81' lang='lat' dir='ltr'>pet</span> 
     </span>
     <span class='ocr_line' id='line_1_27' title="bbox 616 3217 1986 3369; baseline 0.008 -27"><span class='ocrx_word' id='word_1_255' title='bbox 616 3283 716 3362; x_wconf 79' lang='lat' dir='ltr'>ipsum</span> <span class='ocrx_word' id='word_1_256' title='bbox 730 3281 871 3344; x_wconf 86' lang='lat' dir='ltr'>Domino</span> <span class='ocrx_word' id='word_1_257' title='bbox 884 3280 993 3343; x_wconf 84' lang='lat' dir='ltr'>nostro</span> <span class='ocrx_word' id='word_1_258' title='bbox 1009 3217 1088 3354; x_wconf 66' lang='lat' dir='ltr'>lllsu</span> <span class='ocrx_word' id='word_1_259' title='bbox 1107 3282 1247 3355; x_wconf 87' lang='lat' dir='ltr'>Christo,</span> <span class='ocrx_word' id='word_1_260' title='bbox 1272 3281 1396 3363; x_wconf 82' lang='lat' dir='ltr'>suaeque</span> <span class='ocrx_word' id='word_1_261' title='bbox 1408 3285 1440 3346; x_wconf 93' lang='lat' dir='ltr'>in</span> <span class='ocrx_word' id='word_1_262' title='bbox 1453 3297 1637 3366; x_wconf 86' lang='lat' dir='ltr'>perpetuum</span> <span class='ocrx_word' id='word_1_263' title='bbox 1653 3301 1705 3369; x_wconf 74' lang='lat' dir='ltr'>jus</span> <span class='ocrx_word' id='word_1_264' title='bbox 1719 3285 1869 3350; x_wconf 81' lang='lat' dir='ltr'>Ecclellae</span> <span class='ocrx_word' id='word_1_265' title='bbox 1887 3287 1986 3353; x_wconf 83' lang='lat' dir='ltr'>dimi·</span> 
     </span>
     <span class='ocr_line' id='line_1_28' title="bbox 618 3362 1986 3449; baseline 0.007 -21"><span class='ocrx_word' id='word_1_266' title='bbox 618 3363 709 3435; x_wconf 84' lang='lat' dir='ltr'>scrit,</span> <span class='ocrx_word' id='word_1_267' title='bbox 732 3362 914 3445; x_wconf 87' lang='lat' dir='ltr'>rursumque</span> <span class='ocrx_word' id='word_1_268' title='bbox 926 3363 1029 3444; x_wconf 90' lang='lat' dir='ltr'>qualia</span> <span class='ocrx_word' id='word_1_269' title='bbox 1046 3364 1099 3430; x_wconf 92' lang='lat' dir='ltr'>stbi</span> <span class='ocrx_word' id='word_1_270' title='bbox 1115 3365 1262 3443; x_wconf 69' lang='lat' dir='ltr'>tCaesari)</span> <span class='ocrx_word' id='word_1_271' title='bbox 1281 3365 1324 3427; x_wconf 94' lang='lat' dir='ltr'>ob</span> <span class='ocrx_word' id='word_1_272' title='bbox 1340 3364 1496 3430; x_wconf 86' lang='lat' dir='ltr'>bonorem</span> <span class='ocrx_word' id='word_1_273' title='bbox 1514 3370 1601 3449; x_wconf 83' lang='lat' dir='ltr'>tegni</span> <span class='ocrx_word' id='word_1_274' title='bbox 1618 3369 1848 3432; x_wconf 84' lang='lat' dir='ltr'>observandum</span> <span class='ocrx_word' id='word_1_275' title='bbox 1866 3369 1986 3438; x_wconf 72' lang='lat' dir='ltr'>austo-</span> 
     </span>
     <span class='ocr_line' id='line_1_29' title="bbox 615 3443 1987 3530; baseline 0.006 -19"><span class='ocrx_word' id='word_1_276' title='bbox 615 3448 693 3511; x_wconf 82' lang='lat' dir='ltr'>titas</span> <span class='ocrx_word' id='word_1_277' title='bbox 708 3443 891 3528; x_wconf 86' lang='lat' dir='ltr'>Apostolica</span> <span class='ocrx_word' id='word_1_278' title='bbox 906 3443 1101 3510; x_wconf 75' lang='lat' dir='ltr'>concesserit.</span> <span class='ocrx_word' id='word_1_279' title='bbox 1146 3451 1218 3527; x_wconf 72' lang='lat' dir='ltr'>ont</span> <span class='ocrx_word' id='word_1_280' title='bbox 1236 3445 1303 3526; x_wconf 75' lang='lat' dir='ltr'>utic</span> <span class='ocrx_word' id='word_1_281' title='bbox 1316 3462 1381 3514; x_wconf 86' lang='lat' dir='ltr'>man</span> <span class='ocrx_word' id='word_1_282' title='bbox 1395 3449 1475 3521; x_wconf 74' lang='lat' dir='ltr'>odit,</span> <span class='ocrx_word' id='word_1_283' title='bbox 1498 3456 1550 3514; x_wconf 83' lang='lat' dir='ltr'>uie</span> <span class='ocrx_word' id='word_1_284' title='bbox 1570 3456 1601 3516; x_wconf 76' lang='lat' dir='ltr'>cs</span> <span class='ocrx_word' id='word_1_285' title='bbox 1617 3451 1768 3530; x_wconf 72' lang='lat' dir='ltr'>nescisset,</span> <span class='ocrx_word' id='word_1_286' title='bbox 1790 3451 1844 3530; x_wconf 75' lang='lat' dir='ltr'>aas</span> <span class='ocrx_word' id='word_1_287' title='bbox 1863 3456 1912 3520; x_wconf 80' lang='lat' dir='ltr'>tic</span> <span class='ocrx_word' id='word_1_288' title='bbox 1932 3455 1987 3518; x_wconf 85' lang='lat' dir='ltr'>in·</span> 
     </span>
     <span class='ocr_line' id='line_1_30' title="bbox 616 3521 1988 3682; baseline 0.008 -89"><span class='ocrx_word' id='word_1_289' title='bbox 616 3526 751 3593; x_wconf 84' lang='lat' dir='ltr'>vestitur</span> <span class='ocrx_word' id='word_1_290' title='bbox 765 3526 874 3604; x_wconf 62' lang='lat' dir='ltr'>ductito</span> <span class='ocrx_word' id='word_1_291' title='bbox 894 3526 983 3682; x_wconf 54' lang='lat' dir='ltr'>{ssu</span> <span class='ocrx_word' id='word_1_292' title='bbox 1003 3527 1079 3606; x_wconf 77' lang='lat' dir='ltr'>stilti</span> <span class='ocrx_word' id='word_1_293' title='bbox 1098 3521 1247 3609; x_wconf 74' lang='lat' dir='ltr'>iictlosm</span> <span class='ocrx_word' id='word_1_294' title='bbox 1262 3526 1330 3604; x_wconf 77' lang='lat' dir='ltr'>scut.</span> <span class='ocrx_word' id='word_1_295' title='bbox 1374 3529 1482 3610; x_wconf 58' lang='lat' dir='ltr'>gemet</span> <span class='ocrx_word' id='word_1_296' title='bbox 1494 3531 1606 3607; x_wconf 74' lang='lat' dir='ltr'>etbcltr</span> <span class='ocrx_word' id='word_1_297' title='bbox 1621 3536 1753 3606; x_wconf 76' lang='lat' dir='ltr'>tiernus,</span> <span class='ocrx_word' id='word_1_298' title='bbox 1774 3531 1827 3610; x_wconf 75' lang='lat' dir='ltr'>oni</span> <span class='ocrx_word' id='word_1_299' title='bbox 1842 3551 1906 3612; x_wconf 77' lang='lat' dir='ltr'>tum</span> <span class='ocrx_word' id='word_1_300' title='bbox 1926 3533 1988 3604; x_wconf 73' lang='lat' dir='ltr'>uto</span> 
     </span>
     <span class='ocr_line' id='line_1_31' title="bbox 616 3605 1987 3697; baseline 0.004 -19"><span class='ocrx_word' id='word_1_301' title='bbox 616 3618 681 3692; x_wconf 70' lang='lat' dir='ltr'>troo</span> <span class='ocrx_word' id='word_1_302' title='bbox 703 3607 894 3689; x_wconf 62' lang='lat' dir='ltr'>tentassetis</span> <span class='ocrx_word' id='word_1_303' title='bbox 927 3626 959 3677; x_wconf 85' lang='lat' dir='ltr'>m</span> <span class='ocrx_word' id='word_1_304' title='bbox 975 3605 1154 3677; x_wconf 80' lang='lat' dir='ltr'>Liberalitit</span> <span class='ocrx_word' id='word_1_305' title='bbox 1171 3616 1218 3677; x_wconf 81' lang='lat' dir='ltr'>oct</span> <span class='ocrx_word' id='word_1_306' title='bbox 1235 3607 1323 3690; x_wconf 61' lang='lat' dir='ltr'>matti</span> <span class='ocrx_word' id='word_1_307' title='bbox 1343 3609 1577 3687; x_wconf 70' lang='lat' dir='ltr'>intertornata</span> <span class='ocrx_word' id='word_1_308' title='bbox 1590 3621 1649 3679; x_wconf 77' lang='lat' dir='ltr'>uam</span> <span class='ocrx_word' id='word_1_309' title='bbox 1668 3613 1987 3697; x_wconf 56' lang='lat' dir='ltr'>sustentationum,</span> 
     </span>
     <span class='ocr_line' id='line_1_32' title="bbox 617 3690 1987 3780; baseline 0.005 -21"><span class='ocrx_word' id='word_1_310' title='bbox 617 3697 685 3759; x_wconf 78' lang='lat' dir='ltr'>oter</span> <span class='ocrx_word' id='word_1_311' title='bbox 701 3692 748 3770; x_wconf 77' lang='lat' dir='ltr'>ist</span> <span class='ocrx_word' id='word_1_312' title='bbox 765 3697 852 3764; x_wconf 80' lang='lat' dir='ltr'>otttct</span> <span class='ocrx_word' id='word_1_313' title='bbox 866 3691 999 3770; x_wconf 76' lang='lat' dir='ltr'>utcsntttr</span> <span class='ocrx_word' id='word_1_314' title='bbox 1015 3690 1298 3770; x_wconf 76' lang='lat' dir='ltr'>sctbtuottcttsten:</span> <span class='ocrx_word' id='word_1_315' title='bbox 1321 3691 1379 3772; x_wconf 64' lang='lat' dir='ltr'>{ld</span> <span class='ocrx_word' id='word_1_316' title='bbox 1393 3696 1448 3758; x_wconf 79' lang='lat' dir='ltr'>tots</span> <span class='ocrx_word' id='word_1_317' title='bbox 1463 3693 1694 3772; x_wconf 70' lang='lat' dir='ltr'>ntbttnct&#39;tsstt,</span> <span class='ocrx_word' id='word_1_318' title='bbox 1714 3694 1768 3774; x_wconf 73' lang='lat' dir='ltr'>uos</span> <span class='ocrx_word' id='word_1_319' title='bbox 1781 3707 1864 3765; x_wconf 84' lang='lat' dir='ltr'>unter</span> <span class='ocrx_word' id='word_1_320' title='bbox 1877 3697 1987 3780; x_wconf 70' lang='lat' dir='ltr'>soloen</span> 
     </span>
     <span class='ocr_line' id='line_1_33' title="bbox 615 3771 1940 3860; baseline 0.003 -15"><span class='ocrx_word' id='word_1_321' title='bbox 615 3772 1006 3854; x_wconf 72' lang='lat' dir='ltr'>siunscrltsotnResetvatcu</span> <span class='ocrx_word' id='word_1_322' title='bbox 1023 3771 1235 3854; x_wconf 70' lang='lat' dir='ltr'>ultroneum</span> <span class='ocrx_word' id='word_1_323' title='bbox 1256 3772 1347 3850; x_wconf 67' lang='lat' dir='ltr'>dicut</span> <span class='ocrx_word' id='word_1_324' title='bbox 1359 3778 1407 3841; x_wconf 79' lang='lat' dir='ltr'>un</span> <span class='ocrx_word' id='word_1_325' title='bbox 1421 3773 1602 3852; x_wconf 68' lang='lat' dir='ltr'>crstctslitte</span> <span class='ocrx_word' id='word_1_326' title='bbox 1616 3776 1757 3858; x_wconf 72' lang='lat' dir='ltr'>tttntsstt</span> <span class='ocrx_word' id='word_1_327' title='bbox 1770 3777 1905 3860; x_wconf 75' lang='lat' dir='ltr'>cructet.</span> <span class='ocrx_word' id='word_1_328' title='bbox 1917 3819 1940 3854; x_wconf 65' lang='grc' dir='ltr'><em>η</em></span> 
     </span>
    </p>
   </div>
   <div class='ocr_carea' id='block_1_4' title="bbox 544 3887 1988 4468">
    <p class='ocr_par' dir='ltr' id='par_1_5' title="bbox 544 3887 1988 4468">
     <span class='ocr_line' id='line_1_34' title="bbox 544 3887 1987 3975; baseline 0.006 -20"><span class='ocrx_word' id='word_1_329' title='bbox 544 3890 580 3974; x_wconf 71' lang='lat' dir='ltr'>d)</span> <span class='ocrx_word' id='word_1_330' title='bbox 601 3889 717 3954; x_wconf 84' lang='lat' dir='ltr'>Nullus</span> <span class='ocrx_word' id='word_1_331' title='bbox 762 3887 903 3951; x_wconf 80' lang='lat' dir='ltr'>tremissae</span> <span class='ocrx_word' id='word_1_332' title='bbox 928 3889 1090 3971; x_wconf 88' lang='lat' dir='ltr'>opinionis</span> <span class='ocrx_word' id='word_1_333' title='bbox 1111 3899 1258 3954; x_wconf 85' lang='lat' dir='ltr'>autorum</span> <span class='ocrx_word' id='word_1_334' title='bbox 1284 3890 1348 3954; x_wconf 90' lang='lat' dir='ltr'>tale</span> <span class='ocrx_word' id='word_1_335' title='bbox 1373 3889 1493 3954; x_wconf 83' lang='lat' dir='ltr'>adfert:</span> <span class='ocrx_word' id='word_1_336' title='bbox 1514 3894 1599 3972; x_wconf 91' lang='lat' dir='ltr'>quod</span> <span class='ocrx_word' id='word_1_337' title='bbox 1617 3891 1773 3975; x_wconf 87' lang='lat' dir='ltr'>Spenetus</span> <span class='ocrx_word' id='word_1_338' title='bbox 1792 3896 1825 3959; x_wconf 91' lang='lat' dir='ltr'>in</span> <span class='ocrx_word' id='word_1_339' title='bbox 1842 3895 1987 3963; x_wconf 80' lang='lat' dir='ltr'>medium</span> 
     </span>
     <span class='ocr_line' id='line_1_35' title="bbox 618 3909 1986 4064; baseline 0.009 -32"><span class='ocrx_word' id='word_1_340' title='bbox 618 3995 662 4037; x_wconf 84' lang='lat' dir='ltr'>ex</span> <span class='ocrx_word' id='word_1_341' title='bbox 682 3909 883 4054; x_wconf 64' lang='lat' dir='ltr'>Utsdergenst</span> <span class='ocrx_word' id='word_1_342' title='bbox 897 3972 1062 4054; x_wconf 87' lang='lat' dir='ltr'>producit,</span> <span class='ocrx_word' id='word_1_343' title='bbox 1085 3975 1231 4052; x_wconf 87' lang='lat' dir='ltr'>generale</span> <span class='ocrx_word' id='word_1_344' title='bbox 1255 3971 1317 4043; x_wconf 87' lang='lat' dir='ltr'>est,</span> <span class='ocrx_word' id='word_1_345' title='bbox 1337 3972 1370 4034; x_wconf 82' lang='lat' dir='ltr'>dt</span> <span class='ocrx_word' id='word_1_346' title='bbox 1387 3971 1559 4053; x_wconf 81' lang='lat' dir='ltr'>expressam</span> <span class='ocrx_word' id='word_1_347' title='bbox 1578 3974 1657 4056; x_wconf 85' lang='lat' dir='ltr'>juris</span> <span class='ocrx_word' id='word_1_348' title='bbox 1672 3978 1886 4060; x_wconf 73' lang='lat' dir='ltr'>primariorum</span> <span class='ocrx_word' id='word_1_349' title='bbox 1909 3998 1986 4064; x_wconf 82' lang='lat' dir='ltr'>pra-</span> 
     </span>
     <span class='ocr_line' id='line_1_36' title="bbox 616 4051 1986 4142; baseline 0.007 -23"><span class='ocrx_word' id='word_1_350' title='bbox 616 4075 689 4120; x_wconf 86' lang='lat' dir='ltr'>cum</span> <span class='ocrx_word' id='word_1_351' title='bbox 707 4058 901 4118; x_wconf 89' lang='lat' dir='ltr'>mentionem</span> <span class='ocrx_word' id='word_1_352' title='bbox 917 4071 981 4115; x_wconf 92' lang='lat' dir='ltr'>non</span> <span class='ocrx_word' id='word_1_353' title='bbox 999 4051 1096 4115; x_wconf 83' lang='lat' dir='ltr'>facit:</span> <span class='ocrx_word' id='word_1_354' title='bbox 1119 4057 1189 4132; x_wconf 86' lang='lat' dir='ltr'>quis</span> <span class='ocrx_word' id='word_1_355' title='bbox 1206 4055 1311 4135; x_wconf 90' lang='lat' dir='ltr'>itaque</span> <span class='ocrx_word' id='word_1_356' title='bbox 1323 4054 1450 4116; x_wconf 89' lang='lat' dir='ltr'>solidam</span> <span class='ocrx_word' id='word_1_357' title='bbox 1464 4057 1536 4119; x_wconf 89' lang='lat' dir='ltr'>inde</span> <span class='ocrx_word' id='word_1_358' title='bbox 1552 4069 1641 4120; x_wconf 86' lang='lat' dir='ltr'>eruet</span> <span class='ocrx_word' id='word_1_359' title='bbox 1654 4077 1712 4138; x_wconf 88' lang='lat' dir='ltr'>pro</span> <span class='ocrx_word' id='word_1_360' title='bbox 1728 4060 1812 4124; x_wconf 89' lang='lat' dir='ltr'>illios</span> <span class='ocrx_word' id='word_1_361' title='bbox 1825 4061 1986 4142; x_wconf 79' lang='lat' dir='ltr'>jnrtcort-</span> 
     </span>
     <span class='ocr_line' id='line_1_37' title="bbox 617 4131 1988 4227; baseline 0.006 -28"><span class='ocrx_word' id='word_1_362' title='bbox 617 4140 693 4220; x_wconf 79' lang='lat' dir='ltr'>gine</span> <span class='ocrx_word' id='word_1_363' title='bbox 710 4131 968 4200; x_wconf 78' lang='lat' dir='ltr'>conclustnnem&#39;s</span> <span class='ocrx_word' id='word_1_364' title='bbox 991 4135 1104 4196; x_wconf 86' lang='lat' dir='ltr'>deinde</span> <span class='ocrx_word' id='word_1_365' title='bbox 1115 4136 1186 4216; x_wconf 84' lang='lat' dir='ltr'>plus</span> <span class='ocrx_word' id='word_1_366' title='bbox 1201 4137 1288 4205; x_wconf 86' lang='lat' dir='ltr'>inde,</span> <span class='ocrx_word' id='word_1_367' title='bbox 1313 4155 1404 4214; x_wconf 88' lang='lat' dir='ltr'>quarn</span> <span class='ocrx_word' id='word_1_368' title='bbox 1420 4138 1539 4198; x_wconf 83' lang='lat' dir='ltr'>vellent</span> <span class='ocrx_word' id='word_1_369' title='bbox 1552 4140 1644 4202; x_wconf 88' lang='lat' dir='ltr'>iidem</span> <span class='ocrx_word' id='word_1_370' title='bbox 1660 4139 1855 4222; x_wconf 83' lang='lat' dir='ltr'>Scriptores,</span> <span class='ocrx_word' id='word_1_371' title='bbox 1873 4141 1988 4227; x_wconf 82' lang='lat' dir='ltr'>seque-</span> 
     </span>
     <span class='ocr_line' id='line_1_38' title="bbox 617 4215 1987 4307; baseline 0.008 -26"><span class='ocrx_word' id='word_1_372' title='bbox 617 4229 722 4289; x_wconf 84' lang='lat' dir='ltr'>retur,</span> <span class='ocrx_word' id='word_1_373' title='bbox 745 4220 896 4281; x_wconf 82' lang='lat' dir='ltr'>videlicet</span> <span class='ocrx_word' id='word_1_374' title='bbox 908 4240 951 4281; x_wconf 89' lang='lat' dir='ltr'>ex</span> <span class='ocrx_word' id='word_1_375' title='bbox 968 4215 1166 4281; x_wconf 78' lang='lat' dir='ltr'>concessione</span> <span class='ocrx_word' id='word_1_376' title='bbox 1189 4216 1223 4280; x_wconf 80' lang='lat' dir='ltr'>dt</span> <span class='ocrx_word' id='word_1_377' title='bbox 1239 4219 1365 4282; x_wconf 88' lang='lat' dir='ltr'>indulto</span> <span class='ocrx_word' id='word_1_378' title='bbox 1383 4217 1547 4282; x_wconf 80' lang='lat' dir='ltr'>Pontificio</span> <span class='ocrx_word' id='word_1_379' title='bbox 1564 4223 1594 4282; x_wconf 91' lang='lat' dir='ltr'>id</span> <span class='ocrx_word' id='word_1_380' title='bbox 1618 4241 1820 4304; x_wconf 86' lang='lat' dir='ltr'>promanate,</span> <span class='ocrx_word' id='word_1_381' title='bbox 1839 4226 1987 4307; x_wconf 77' lang='lat' dir='ltr'>loquitur</span> 
     </span>
     <span class='ocr_line' id='line_1_39' title="bbox 618 4295 1987 4392; baseline 0.004 -28"><span class='ocrx_word' id='word_1_382' title='bbox 618 4302 702 4364; x_wconf 84' lang='lat' dir='ltr'>enirn</span> <span class='ocrx_word' id='word_1_383' title='bbox 718 4299 894 4370; x_wconf 74' lang='lat' dir='ltr'>clarissime,</span> <span class='ocrx_word' id='word_1_384' title='bbox 917 4302 1046 4383; x_wconf 82' lang='lat' dir='ltr'>qualiter</span> <span class='ocrx_word' id='word_1_385' title='bbox 1062 4300 1227 4364; x_wconf 78' lang='lat' dir='ltr'>uuiioritos</span> <span class='ocrx_word' id='word_1_386' title='bbox 1245 4301 1418 4386; x_wconf 79' lang='lat' dir='ltr'>Aposlosim</span> <span class='ocrx_word' id='word_1_387' title='bbox 1430 4295 1612 4382; x_wconf 61' lang='lat' dir='ltr'>concesserit,</span> <span class='ocrx_word' id='word_1_388' title='bbox 1635 4323 1694 4370; x_wconf 88' lang='lat' dir='ltr'>nec</span> <span class='ocrx_word' id='word_1_389' title='bbox 1707 4325 1744 4371; x_wconf 82' lang='lat' dir='ltr'>ea</span> <span class='ocrx_word' id='word_1_390' title='bbox 1757 4305 1987 4392; x_wconf 78' lang='lat' dir='ltr'>verbaptor&#39;e-</span> 
     </span>
     <span class='ocr_line' id='line_1_40' title="bbox 618 4377 1934 4468; baseline 0.002 -20"><span class='ocrx_word' id='word_1_391' title='bbox 618 4381 798 4448; x_wconf 86' lang='lat' dir='ltr'>servatione</span> <span class='ocrx_word' id='word_1_392' title='bbox 811 4383 848 4446; x_wconf 87' lang='lat' dir='ltr'>ab</span> <span class='ocrx_word' id='word_1_393' title='bbox 859 4381 993 4464; x_wconf 85' lang='lat' dir='ltr'>ipsomet</span> <span class='ocrx_word' id='word_1_394' title='bbox 1005 4381 1125 4447; x_wconf 81' lang='lat' dir='ltr'>Caesare</span> <span class='ocrx_word' id='word_1_395' title='bbox 1135 4381 1216 4447; x_wconf 72' lang='lat' dir='ltr'>setta</span> <span class='ocrx_word' id='word_1_396' title='bbox 1236 4384 1434 4468; x_wconf 85' lang='lat' dir='ltr'>interpretati</span> <span class='ocrx_word' id='word_1_397' title='bbox 1446 4387 1611 4454; x_wconf 81' lang='lat' dir='ltr'>convenit.</span> <span class='ocrx_word' id='word_1_398' title='bbox 1925 4377 1934 4391; x_wconf 85' lang='lat'>&#39;</span> 
     </span>
    </p>
   </div>
   <div class='ocr_carea' id='block_1_5' title="bbox 1147 4525 1328 4611">
    <p class='ocr_par' dir='ltr' id='par_1_6' title="bbox 1147 4525 1328 4611">
     <span class='ocr_line' id='line_1_41' title="bbox 1147 4525 1328 4611; baseline 0.017 -13"><span class='ocrx_word' id='word_1_399' title='bbox 1147 4527 1182 4611; x_wconf 75' lang='lat' dir='ltr'>S.</span> <span class='ocrx_word' id='word_1_400' title='bbox 1232 4525 1328 4601; x_wconf 90' lang='lat' dir='ltr'>XlI.</span> 
     </span>
    </p>
   </div>
   <div class='ocr_carea' id='block_1_6' title="bbox 619 4634 1986 4830">
    <p class='ocr_par' dir='ltr' id='par_1_7' title="bbox 619 4634 1986 4830">
     <span class='ocr_line' id='line_1_42' title="bbox 619 4634 1986 4830; baseline 0.007 -111"><span class='ocrx_word' id='word_1_401' title='bbox 619 4635 798 4738; x_wconf 79' lang='lat' dir='ltr'>Pollquam</span> <span class='ocrx_word' id='word_1_402' title='bbox 824 4638 939 4737; x_wconf 82' lang='lat' dir='ltr'>itaque</span> <span class='ocrx_word' id='word_1_403' title='bbox 963 4634 1123 4716; x_wconf 81' lang='lat' dir='ltr'>beneficit</span> <span class='ocrx_word' id='word_1_404' title='bbox 1145 4639 1381 4735; x_wconf 83' lang='lat' dir='ltr'>ecclesiastiea,</span> <span class='ocrx_word' id='word_1_405' title='bbox 1408 4645 1574 4723; x_wconf 83' lang='lat' dir='ltr'>canonicis</span> <span class='ocrx_word' id='word_1_406' title='bbox 1593 4670 1613 4728; x_wconf 91' lang='lat' dir='ltr'>e</span> <span class='ocrx_word' id='word_1_407' title='bbox 1636 4649 1712 4732; x_wconf 73' lang='lat' dir='ltr'>rite</span> <span class='ocrx_word' id='word_1_408' title='bbox 1744 4655 1986 4830; x_wconf 51' lang='lat' dir='ltr'>commufflqcng</span> 
     </span>
    </p>
   </div>
   <div class='ocr_carea' id='block_1_7' title="bbox 0 0 2518 5588">
    <p class='ocr_par' dir='ltr' id='par_1_8' title="bbox 0 0 2518 5588">
     <span class='ocr_line' id='line_1_43' title="bbox 0 0 2518 5588; baseline 0 0"><span class='ocrx_word' id='word_1_409' title='bbox 0 0 2518 5588; x_wconf 95' lang='lat' dir='ltr'> </span> 
     </span>
    </p>
   </div>
  </div>
 </body>
</html>
