5017 5592
429 585 658 716 unvano
675 631 744 708 ur
759 626 1003 708 onnuruo
1028 634 1224 716 trusus.
1244 635 1382 720 ucct.
1405 641 1802 732 ornusuuoant
1831 661 1903 756 ιο,

546 816 590 886 Et
614 809 684 910 ipsa
707 835 845 911 quoque
870 814 1074 929 capitulatio
1100 819 1247 894 Caesarea
1273 818 1415 895 ostendit
1435 825 1470 898 dr
1493 833 1586 901 varia
1614 831 1746 927 publica
1767 833 1908 934 ltitperii

374 1007 377 1014 Ι
427 907 533 993 Alia,
558 935 673 982 curam
700 914 917 1022 imperatoris
938 920 1113 986 excitatam
1127 912 1222 990 soilse
1245 921 1285 990 ad
1306 925 1493 996 evitandam
1520 928 1741 1017 ertenfionem
1762 936 1908 1031 Jurisdi·

427 1006 548 1081 ilionis
570 1006 795 1080 Ecclefiallrcae
810 1009 851 1080 ad
871 1009 980 1083 causas
1003 1037 1096 1084 mere
1118 1011 1306 1099 saculares,
1326 1022 1362 1106 b)
1389 1046 1460 1115 φιτ
1477 1021 1501 1093 'li
1520 1049 1617 1098 ccrtae
1641 1053 1800 1126 mareque
1825 1035 1906 1106 tales

425 1104 518 1189 sunt,
541 1108 683 1200 &nullo
701 1105 758 1176 litb
779 1105 930 1205 respellu
952 1105 1029 1182 soro
1049 1112 1271 1188 Ecclesrallico
1291 1116 1429 1190 addiliae
1449 1119 1512 1192 stvc
1527 1124 1566 1192 ad
1587 1125 1668 1196 illud
1696 1125 1905 1221 qualificata‘,
2035 1181 2041 1190 -

425 1229 464 1277 ut
487 1205 640 1300 superius
660 1202 824 1279 recensttae
843 1202 996 1289 fuerunt,
1018 1205 1156 1281 diabium
1177 1239 1243 1284 non
1264 1213 1327 1296 cll,
1353 1220 1434 1313 quin
1460 1219 1492 1290 dt
1518 1222 1659 1316 quilibet
1682 1228 1792 1312 Status
1812 1225 1903 1302 suam

422 1307 510 1416 Jure
534 1300 731 1419 defensonis
753 1301 1022 1418 jurisdisl'tnnem
1048 1312 1133 1421 tueri
1161 1308 1282 1405 possit,
1305 1315 1501 1392 Novarione
1526 1341 1638 1392 autern
1657 1343 1696 1394 er
1726 1326 1905 1428 principiis

421 1407 525 1500 supra
543 1399 694 1473 dedullrs
708 1399 766 1472 srbr
787 1402 1000 1477 tnrerdriium
1017 1402 1191 1481 errslrmet.

542 1535 663 1631 Quoad
683 1535 892 1610 moderatum
902 1562 940 1608 ex
951 1561 1046 1633 parte
1060 1534 1209 1610 Ecclesia
1227 1539 1447 1616 immunitatis
1462 1545 1562 1621 realis
1576 1547 1670 1623 usum
1685 1550 1905 1654 infinitaproo'

417 1627 505 1705 siant
529 1636 782 1729 acquanimitatis
805 1633 1050 1730 Episcoporum
1068 1636 1101 1710 dr
1123 1641 1340 1710 Summarum
1357 1639 1557 1720 Pontificum
1572 1653 1606 1720 in
1628 1647 1792 1746 postulata
1809 1660 1905 1730 Prin·

418 1733 536 1826 cipum
564 1756 626 1828 pro
652 1729 775 1802 casibus
799 1733 1081 1827 particularibus.
1110 1740 1168 1830 qui
1194 1735 1345 1826 regulam
1366 1762 1476 1812 tamen
1505 1739 1626 1817 salvam
1657 1750 1901 1846 relinquerent.

416 1829 623 1926 proclivium
641 1829 802 1923 exempla.
853 1834 895 1904 Et
916 1833 1098 1904 immortali
1113 1838 1276 1906 mcmoria
1299 1833 1509 1928 posterorum
1531 1835 1605 1914 falli
1621 1868 1694 1916 eam
1716 1843 1900 1928 felicissime

416 1951 511 1999 nunc
541 1930 708 2020 regnantis
731 1924 899 2001 Pontificis
929 1932 1207 2018 Cuantrusrs
1231 1933 1324 2004 XIV.
1356 1935 1646 2025 moderationem,
1671 1947 1706 2013 in
1730 1949 1839 2041 Reges
1856 1973 1901 2024 ac·

415 2025 594 2122 Principes
615 2028 772 2122 pietatem
794 2025 826 2098 dr
849 2030 1070 2100 reverentiam
1095 2027 1398 2113 commendabunt,
1422 2058 1488 2129 qua
1509 2037 1619 2110 iodea
1637 2044 1756 2135 primis
1772 2046 1900 2138 glorio·
1943 2055 1946 2060 '

415 2116 530 2196 fiffimi
551 2119 765 2195 Pontificatua
780 2123 830 2196 sui
851 2125 995 2197 exordiis
1016 2125 1153 2197 Bullaea
1175 2131 1277 2197 Coena
1296 2131 1436 2201 Domini
1453 2131 1556 2225 vulgo
1583 2162 1798 2236 nuncupatae,
1820 2170 1897 2240 que
2043 2147 2046 2152 ’

416 2219 503 2293 alias
516 2227 550 2292 in
566 2220 700 2293 eosdem
721 2223 829 2313 Reges
851 2249 887 2293 ac
910 2226 1080 2319 Principes
1101 2249 1289 2322 eorumque
1312 2225 1515 2300 consiliarios
1540 2236 1764 2310 immunitatis
1784 2242 1896 2318 Eccle·

414 2313 541 2390 siarum
562 2318 740 2389 violatores
762 2316 882 2391 diserte
904 2322 1077 2394 anathema
1099 2321 1314 2406 vibraverat,
1340 2328 1645 2423 promulgationem
1670 2338 1892 2416 omittendam
2039 2401 2041 2406 .

410 2412 592 2512 judicavit,
612 2415 734 2496 &loco
754 2414 998 2494 maledistionis
1022 2417 1287 2499 bencdillionern
1307 2446 1521 2521 peramanter
1540 2431 1711 2527 impertiri
1725 2432 1863 2514 adsolet.

1019 2655 1053 2754 t.
1100 2655 1274 2734 xxxu.

532 2813 659 2906 Neque
676 2829 797 2909 parum
812 2805 875 2891 est,
895 2809 986 2907 quod
1001 2811 1035 2882 in
1065 2837 1226 2886 novarum
1246 2809 1466 2886 Ecclesrarum
1490 2833 1546 2886 aut
1568 2813 1705 2912 piorum
1722 2811 1892 2908 qulegio·
2039 2873 2045 2886 ,

406 2927 492 2982 rum
515 2910 601 2978 intra
621 2910 829 2980 territorium
853 2906 947 2981 suum
968 2907 1216 2996 ereslionibus,
1243 2935 1280 2984 ut
1304 2913 1430 2984 eisdem
1453 2912 1593 2984 alierum
1616 2909 1836 2985 Eccleliatum
1851 2914 1892 2986 li·

409 3003 597 3078 bertatibus
614 3030 676 3101 per
692 3010 842 3102 antiquas
865 3007 954 3099 leges
978 3008 1113 3079 indultis
1130 3004 1199 3080 frui
1220 3010 1286 3081 illis
1310 3009 1425 3092 liceat,
1449 3007 1640 3082 consensum
1665 3014 1709 3081 Su
1737 3013 1891 3084 eriorita·

409 3105 456 3174 tis
478 3105 712 3175 Territorialis
733 3103 910 3176 necessario
933 3105 1181 3200 impetrandum
1200 3105 1282 3190 esse,
1302 3132 1341 3179 ex
1360 3108 1526 3181 hodierno
1550 3111 1690 3207 lmperii
1706 3036 1788 3180 satu
1812 3133 1891 3206 pro·

406 3197 505 3274 fluat.
553 3206 680 3273 Eorum
696 3205 823 3298 quippe
840 3199 993 3280 interest,
1015 3226 1058 3273 ne
1076 3207 1170 3273 novis
1186 3204 1351 3298 ejusmodi
1374 3206 1641 3304 exemptionibus
1664 3229 1720 3279 aut
1740 3205 1797 3278 srbi
1814 3231 1890 3279 ner·

385 3321 474 3376 ,vus
491 3320 604 3371 terum
628 3300 849 3392 gerendarum
871 3297 1100 3380 subtrahatur,
1126 3305 1229 3371 autin
1253 3301 1403 3397 reliquos
1419 3301 1567 3376 subditos
1592 3328 1696 3376 onera
1717 3303 1888 3399 ejusmodi
1927 3311 1931 3320 '

405 3396 499 3470 viret
525 3422 642 3469 cotum
669 3398 856 3469 excedentia
878 3396 1114 3477 devolvantur,
1138 3421 1263 3494 eosque
1289 3399 1329 3468 ad
1352 3406 1551 3498 pauperiem
1574 3400 1739 3492 redigant.
1807 3405 1887 3474 Nec

406 3495 501 3568 enim
515 3491 665 3567 Ecclesiae
681 3520 719 3567 et
736 3492 780 3566 esl
797 3492 954 3590 poteslas,
975 3496 1080 3569 invito
1097 3499 1267 3579 Domino,
1294 3497 1364 3569 baec
1388 3495 1545 3570 beneficia
1561 3502 1594 3568 in
1611 3497 1719 3568 alieno
1735 3522 1795 3593 per
1815 3521 1887 3574 mo·

405 3589 491 3666 dum
505 3593 587 3686 legis
605 3593 833 3690 impertiendi.
886 3600 998 3690 Atque
1012 3591 1275 3690 imperatoribus
1288 3591 1364 3692 ipsa
1378 3600 1513 3693 antiqua
1528 3595 1702 3693 privilegia
1718 3593 1886 3690 ejusmodi

400 3688 444 3763 'dc
469 3694 696 3787 exemptiones
718 3693 751 3760 in
772 3694 974 3763 Territoriis
996 3696 1165 3771 Statuum,
1188 3693 1221 3762 in
1243 3689 1394 3788 ipsorum
1417 3716 1474 3765 aut
1496 3694 1706 3789 reliquorum
1732 3690 1882 3764 subdito·

401 3811 485 3867 rum
504 3789 735 3885 prejudicium
756 3790 957 3861 concedendi
974 3785 1111 3860 facultas
1128 3812 1190 3884 per
1211 3790 1476 3884 capitulationes
1502 3787 1632 3863 disertis
1646 3789 1756 3860 verbis
1772 3788 1817 3860 ell
1835 3794 1884 3862 in·
2011 3825 2015 3840 ·

401 3885 559 3962 cerdisla.
611 3889 661 3958 Pii
683 3911 764 3957 vero
781 3890 945 3983 Principis
963 3889 1065 3959 nativi
1086 3888 1270 3978 Religionis
1287 3886 1319 3958 dt
1334 3886 1484 3960 Eccleliae
1509 3887 1572 3962 suae
1597 3887 1801 3959 Protesioris
1823 3884 1882 3972 est,

400 3986 447 4060 nd
462 3991 601 4082 praevias
618 3981 774 4077 Religiofi
795 3987 995 4058 Fundatoris
1014 3985 1046 4057 dr
1067 3981 1222 4081 Episcopi
1245 3984 1553 4081 repraesentationes
1582 3983 1801 4058 neceffitatem
1824 4007 1882 4072 aut

399 4081 520 4160 saltem
538 4085 714 4155 utilitatem
730 4080 888 4174 insignem
903 4083 1108 4181 expendere,
1134 4108 1209 4179 quar
1224 4110 1263 4156 ex
1278 4109 1361 4155 nova
1385 4084 1545 4169 Ecclesia,
1571 4083 1724 4176 Colle'gto
1744 4084 1793 4155 vel
1815 4089 1883 4157 Do·

399 4206 464 4257 mo
487 4180 660 4276 religiosa,
682 4177 865 4264 Beneficio,
883 4205 939 4252 aut
958 4177 1151 4252 fundatione
1174 4185 1229 4277 pia
1247 4185 1280 4252 in
1302 4183 1530 4276 Religionem,
1553 4185 1696 4278 indeque
1713 4187 1744 4252 in
1762 4186 1882 4275 Regio-

399 4305 483 4354 nem
509 4282 702 4375 (utriusque
717 4285 804 4352 enim
821 4280 943 4349 utilitas
961 4280 1033 4373 pari
1055 4285 1141 4350 inter
1156 4277 1188 4349 se
1205 4276 1295 4374 passu
1312 4280 1482 4352 ambulare
1501 4281 1531 4352 dr
1557 4279 1650 4352 arllo
1671 4284 1759 4351 inter
1775 4277 1805 4353 se
1822 4277 1883 4354 soe·

397 4379 485 4453 dere
498 4376 673 4473 conjunssa
689 4374 751 4450 else
764 4375 857 4463 solet)
886 4377 1050 4447 redundat
1070 4401 1079 4460 ;
1103 4376 1137 4446 dr
1155 4376 1211 4446 ubi
1229 4379 1345 4448 endem
1368 4378 1531 4450 decedens
1548 4376 1603 4448 sibi
1628 4376 1760 4475 suisque
1778 4404 1881 4475 quan·

398 4478 644 4573 tulumcunque
661 4477 810 4559 luctum,
833 4499 888 4546 aut
904 4474 1061 4547 accedens
1083 4476 1315 4572 qualecunque
1330 4475 1542 4577 dispendium
1557 4476 1783 4579 compensari,
1807 4483 1879 4548 imo

480 4572 670 4650 TorrtusV·
1139 4576 1217 4647 Hir
1241 4574 1304 4650 bb
1844 4570 1881 4648 dc

441 4750 477 4825 b)
498 4742 628 4817 Confer.
643 4745 673 4826 ς.
692 4741 800 4815 XXV.
819 4740 895 4814 Did.
913 4741 1067 4836 prosilit.
1080 4762 1122 4829 a„
