5017 5592
363 413 380 514 l*
1338 457 1358 494 s
1439 485 1443 493 .

362 581 396 722 {⁹
460 619 562 713 'nn
588 633 748 715 enarr.
763 633 810 714 u.
838 631 908 714 un
924 631 1033 735 rus,
1059 636 1203 741 Qunr
1217 633 1726 729 rruurnrune'nnro
1746 651 1812 732 nc.
1841 681 1913 758 54,
1974 711 1978 716 .

424 814 654 893 eonteliio-est
668 824 700 890 in
715 823 858 914 titolum,
884 840 919 892 et
940 824 1105 893 advitam
1126 819 1332 908 beneficiati,
1364 832 1478 899 tacitos
1500 825 1560 924 (r)
1582 829 1754 906 consensus
1775 832 1910 911 suffieit:

363 977 364 982 ,
422 941 462 991 et
480 921 624 991 cononici
638 915 789 1012 presentes
805 940 836 987 er
848 919 992 1006 scientos,
1014 918 1179 991 habentur
1198 947 1263 1018 pro
1277 920 1568 1018 consentientibus.
1593 929 1655 1024 (2)
1860 937 1863 942 '

544 1041 576 1109 3.
595 1019 689 1084 Nota
708 1015 775 1085 duo
789 1016 994 1088 excludenria
1010 1016 1213 1102 consensum,
1231 1021 1354 1092 scilicet
1368 1027 1557 1116 ignorantia,
1574 1032 1822 1118 etcontroriiiiio.
1847 1029 1907 1125 (3)

363 1155 365 1164 ·
540 1139 576 1199 4.
603 1117 698 1182 Nota
713 1135 969 1205 argumentum,
996 1116 1087 1210 quod
1110 1117 1265 1218 alienatio
1285 1116 1352 1192 fine
1370 1117 1527 1194 consensu
1541 1125 1710 1221 Capituli,
1735 1133 1830 1200 tacita
1852 1134 1909 1202 ori
2016 1161 2021 1166 ·

363 1231 370 1300 ζ,
422 1211 575 1307 expreffo,
598 1207 763 1280 relidatur
779 1238 817 1282 rx
836 1220 975 1306 temporit
989 1215 1085 1306 iopjo.
1110 1211 1175 1309 (4)
1640 1269 1643 1274 .
1988 1229 1991 1236 '

545 1331 574 1397 5.
601 1307 730 1410 Vltima
747 1331 842 1392 nota,
869 1308 961 1405 quod
984 1308 1259 1384 concurrentibus
1282 1310 1410 1384 duabus
1434 1312 1693 1390 concellionibue
1716 1324 1758 1391 aa
1780 1325 1908 1393 eandem

411 1408 527 1520 finrrn3
545 1402 687 1527 N‹liuerl'o
704 1429 876 1503 tempore,
910 1432 976 1480 non
998 1411 1181 1483 attenditur
1203 1417 1345 1510 temporis
1365 1418 1528 1510 prioritas,
1554 1412 1628 1512 (ς)
1650 1413 1704 1488 seu
1725 1420 1907 1516 trnrrffionit

419 1508 588 1576 voltdttar.
1004 1608 1043 1674 N
1076 1608 1107 1676 0
1139 1606 1175 1674 T
1206 1608 1237 1674 A
1269 1605 1309 1675 Ε.

463 1733 496 1779 1.
517 1709 786 1774 Imonnasuillclt
800 1712 983 1778 iorituthoe
996 1713 1066 1778 casu
1086 1711 1272 1788 consensus,
1295 1713 1317 1776 li
1334 1714 1527 1783 concellioni
1542 1718 1614 1785 infir
1626 1721 1884 1804 alienatio.n.42.

464 1815 498 1860 α.
520 1795 595 1857 Hoc
611 1807 702 1858 extra
716 1796 911 1858 alienationis
925 1795 1044 1872 casuro,
1065 1799 1115 1860 vti
1131 1798 1161 1858 in
1179 1796 1283 1880 hocce
1295 1797 1455 1881 capitulo.
1479 1819 1510 1865 n.
1525 1819 1577 1886 53.

459 1898 493 1962 3.
516 1876 588 1940 Hoc
607 1876 746 1946 retium,
770 1894 801 1938 et
817 1880 966 1960 probatur
989 1902 1031 1942 ex
1051 1878 1115 1942 hoc
1129 1886 1233 1945 textu.

460 1981 494 2041 4.
518 1959 592 2021 Hoc
609 1979 721 2022 verum
745 1960 879 2023 nonest.
923 1960 997 2026 Vid.
1019 1981 1114 2046 1¹·47·

461 2059 495 2132 5.
515 2042 586 2104 lmo
607 2041 788 2105 attenditur.
817 2062 850 2107 v.
864 2063 896 2104 n.
908 2044 959 2125 5⁶·
980 2052 1017 2106 ut
1029 2044 1109 2107 infra
1127 2042 1203 2107 dicit
1219 2040 1281 2124 lpse
1298 2060 1426 2126 quoque
1438 2043 1475 2106 dr
1487 2045 1612 2113 Burrio.

372 2203 381 2232 ,
537 2150 753 2232 Decltremus
782 2152 992 2224 Decreralem
1016 2150 1122 2223 illam.
1177 2153 1247 2222 Hic
1269 2176 1286 2221 a
1312 2153 1480 2222 contrario
1508 2153 1641 2224 videtur
1670 2151 1765 2228 litera
1793 2150 1894 2239 velle,

369 2253 387 2318 ἶ
418 2251 512 2349 quod
528 2246 550 2319 lt
567 2250 631 2318 due
654 2241 872 2318 concelliones
890 2245 1150 2329 intercellril'cnr,
1172 2270 1206 2319 et
1219 2251 1303 2318 anne
1319 2243 1451 2320 foillent
1472 2255 1601 2331 valide,
1627 2248 1687 2342 (ι)
1713 2252 1749 2322 in
1763 2249 1895 2336 eadent,
1928 2266 1932 2276 ‘

376 2349 378 2358 '
418 2350 473 2425 vel
496 2345 632 2421 diuerbo
657 2342 826 2448 personis,
847 2370 975 2422 teneret
988 2343 1147 2420 concellio
1165 2347 1296 2445 prima,
1314 2368 1347 2420 et
1364 2370 1432 2422 non
1447 2345 1599 2428 l'ecunda.

1003 2518 1044 2585 N
1073 2518 1130 2586 -0
1175 2518 1212 2586 Τ
1259 2519 1302 2587 Α.

456 2655 489 2702 1.
511 2630 586 2697 Non
601 2632 710 2710 capio,
733 2650 793 2711 qua
815 2629 866 2691 via
886 2627 949 2696 hue
967 2626 1115 2692 venerint
1139 2627 1292 2700 Veteres,
1322 2636 1361 2691 vt
1382 2632 1488 2694 textui
1512 2651 1585 2696 meo
1609 2632 1674 2696 stue
1694 2632 1894 2708 illustrando,

531 2713 596 2777 siue
615 2715 645 2775 in
665 2715 792 2775 dubium
808 2711 982 2784 trahendo,
1005 2711 1234 2773 inuocauerint
1243 2709 1626 2792 disputationem'ciuilem
1638 2715 1675 2778 de
1685 2715 1804 2778 duobus
1813 2720 1895 2792 tiron

532 2796 598 2858 nem
614 2799 660 2858 roi
672 2795 913 2863 ueriditionibort
944 2812 1046 2876 neque
1071 2794 1185 2864 eriam,
1223 2810 1288 2872 quo
1308 2793 1515 2858 fundamento
1536 2799 1696 2860 Antonius
1720 2796 1894 2879 supponat,

529 2878 655 3021 1rprnbrtsss
652 2878 798 3021 Decimae
811 2875 1026 2941 concelssonee
1042 2872 1133 2943 suillo
1145 2873 1286 2951 aaron,
1306 2875 1370 2951 ita,
1391 2890 1429 2942 vt
1442 2878 1538 2945 iulius
1555 2877 1781 2962 praeferentiae
1795 2896 1894 2960 quae·

558 2962 626 3021 ioe
652 2962 924 3040 ettvieu.44.

532 3080 612 3150 Hoc
627 3074 744 3148 folium
762 3078 914 3165 videtur,
940 3100 973 3152 et
988 3101 1101 3153 contra
1116 3079 1140 3154 Ι.
1155 3084 1284 3174 portico.
1334 3081 1373 3151 C.
1393 3078 1435 3151 de
1450 3079 1499 3150 rei
1514 3076 1663 3159 vendin,
1699 3071 1754 3148 rbi
1776 3074 1894 3173 potior

406 3175 478 3255 eli.
507 3179 559 3246 cui
583 3176 724 3247 lecundo
740 3202 792 3246 res
810 3177 964 3247 venditur
985 3201 1018 3249 et
1040 3176 1193 3250 traditur.
1243 3174 1346 3250 Radit
1369 3180 1481 3250 innoc.
1506 3198 1539 3249 et
1559 3171 1752 3248 notabiliter
1776 3171 1892 3256 valde,

404 3272 638 3347 differentiam
655 3270 716 3344 elle
733 3279 818 3343 inter
833 3270 1021 3344 contraeas
1042 3279 1185 3345 loiroront
1205 3295 1244 3344 er
1265 3297 1328 3346 vna
1344 3296 1457 3368 porte,
1491 3297 1525 3345 et
1543 3266 1732 3345 contrallus
1758 3276 1891 3341 Glorior·

404 3398 478 3448 runt
495 3396 534 3441 ex
548 3373 609 3440 alia
627 3395 737 3467 parte:
762 3374 839 3466 quin
855 3378 947 3463 primo
964 3367 1038 3441 casu
1055 3368 1236 3440 attenditur
1250 3375 1393 3463 prioritas
1406 3374 1600 3449 traditionis,
1621 3391 1688 3438 non
1707 3372 1889 3446 contraitur,

404 3497 444 3545 vr
469 3477 502 3540 in
519 3472 697 3541 contrariu.
748 3476 799 3539 lta
826 3471 860 3538 in
881 3465 1004 3540 effeuu
1026 3468 1118 3539 dreit.
1168 3470 1302 3538 Seronio
1321 3462 1397 3537 orsu
1416 3463 1548 3558 semper
1564 3463 1747 3535 attenditur
1766 3463 1890 3556 priori·

407 3593 462 3642 tao
480 3562 959 3637 contralluaetconccffionis:
986 3587 1020 3635 et
1065 3564 1213 3636 telettur
1233 3560 1377 3635 secundo
1401 3560 1534 3638 habenti
1561 3554 1823 3641 coneeffionom,
1854 3579 1888 3630 et

405 3665 637 3740 traditionem.
688 3666 786 3734 Ratio
802 3660 992 3734 differentie
1012 3589 1075 3749 el,
1100 3659 1189 3755 quod
1210 3664 1294 3738 loiris
1317 3657 1363 3732 ell
1386 3653 1515 3732 licitum
1541 3660 1719 3750 aliqualiter
1741 3656 1830 3727 inter
1853 3652 1888 3727 se

407 3765 578 3856 decipere.
605 3761 628 3835 l.
643 3766 673 3831 in
690 3759 783 3851 rause.
811 3771 848 3842 ff.
871 3767 902 3832 in
915 3769 1011 3854 prono
1030 3755 1067 3828 ff.
1083 3757 1124 3830 de
1140 3755 1318 3841 minorib.;
1346 3754 1402 3830 sed
1424 3782 1491 3835 non
1512 3753 1553 3829 lic
1569 3756 1603 3830 in
1627 3758 1762 3832 eloritis:
1793 3752 1887 3847 quod
1989 3825 1993 3842 ‚

406 3856 549 3935 ecclesa
564 3861 687 3930 nemini
703 3882 797 3952 parat
812 3857 966 3953 laqueum
982 3858 1124 3928 XXVII.
1140 3879 1169 3950 q.
1194 3880 1224 3928 1.
1242 3858 1279 3924 dt
1293 3857 1411 3927 uiduis.
1461 3853 1546 3926 lteni
1562 3850 1653 3948 quod
1677 3850 1757 3922 talea
1779 3851 1886 3922 varie·

407 3981 496 4031 tates
513 3954 585 4026 lunt
600 3956 728 4027 clericis
746 3955 925 4048 prohibite,
951 3952 1089 4026 infredo
1105 3958 1170 4022 iore
1188 3973 1306 4044 patron.
1324 3955 1405 4043 quai
1416 3973 1528 4022 ortem.
1552 3973 1585 4021 et
1607 3952 1641 4018 in
1664 3972 1691 4018 c.
1709 3947 1885 4040 pastoralis,

404 4057 488 4127 lieet
507 4059 589 4124 loiris
605 4051 665 4123 lint
684 4050 861 4148 pernrille,
902 4077 937 4125 vr
959 4052 1015 4125 ibi.
1073 4054 1177 4131 Item,
1205 4050 1282 4145 quia
1303 4045 1427 4121 fortior
1442 4047 1487 4119 est
1510 4041 1683 4119 consensus
1703 4045 1882 4135 spiritualis,

405 4174 511 4254 quam
527 4156 673 4231 carnalis,
699 4170 732 4220 et
748 4149 823 4220 ideo
842 4145 963 4220 fotriut
986 4171 1157 4244 operatur.
1188 4147 1225 4218 rie
1246 4153 1390 4220 translat.
1410 4153 1518 4240 perlat.
1542 4148 1582 4217 C.
1600 4170 1630 4214 a.
1685 4144 1780 4209 Non
1798 4137 1884 4215 bene

405 4250 476 4323 hoc
504 4245 630 4317 diilum
660 4270 722 4342 pro
746 4245 944 4317 limitatione
970 4246 992 4318 l.
1018 4250 1146 4337 qortirr.
1171 4244 1307 4336 prealle.
1329 4268 1362 4316 et
1381 4242 1560 4313 fimilrum:
1595 4236 1685 4334 quorl
1713 4236 1770 4308 ille
1791 4236 1882 4326 leger

405 4369 526 4420 omnes
542 4340 641 4414 ellenr
654 4340 803 4415 currerit
819 4346 851 4413 in
867 4339 1091 4414 contrastibut
1108 4345 1296 4422 ritricororn,
1336 4340 1416 4409 dum
1434 4339 1616 4432 loquuntur
1637 4333 1678 4407 de
1697 4337 1747 4406 rei
1767 4335 1882 4407 vendi·

403 4447 538 4520 catione
559 4441 610 4516 vel
629 4440 814 4514 Publiciana
832 4439 937 4510 danda
956 4442 1087 4536 primo,
1114 4435 1166 4507 vel
1185 4431 1327 4508 seeundo
1346 4435 1565 4506 contrahenti.
1617 4435 1676 4503 set
1693 4433 1747 4502 bor
1767 4438 1881 4504 daiam
1928 4505 1933 4514 ,

396 4544 443 4636 fir
462 4546 526 4610 lare
547 4545 725 4609 intellriiorrt
743 4543 813 4609 milri
828 4564 885 4608 rtrn
899 4544 1023 4630 piaret:
1047 4533 1109 4629 (ι)
1136 4533 1213 4627 quia
1231 4530 1281 4600 lex
1303 4529 1429 4602 nonest
1452 4529 1649 4620 corrigenda
1664 4552 1702 4600 ex
1720 4530 1881 4624 opinione

403 4633 615 4713 Doiiornm,
629 4660 703 4704 cunr
718 4661 783 4709 non
798 4638 987 4734 reperiatur
1002 4625 1147 4734 etprelle
1160 4624 1321 4702 corcella
1337 4634 1373 4706 it
1385 4633 1470 4704 cirri.
1497 4637 1571 4726 Corn
1587 4629 1736 4725 expediat.
1754 4625 1804 4697 iii.
1819 4628 1880 4695 Vt.

529 4731 567 4814 T
561 4754 656 4811 oritus
678 4729 726 4808 V·
1179 4727 1207 4799 Z
1225 4751 1242 4794 z
1262 4749 1281 4799 t
1778 4716 1880 4792 Vnde
