5017 5592
545 595 744 741 ¹10'2'
1066 629 1633 768 presentari-o

730 836 919 920 Evangelia.
962 836 1045 901 Tum
1070 838 1199 901 indutus
1222 823 1463 920 superpellicio,
1482 834 1517 899 dt
1537 835 1688 911 almucia,
1709 835 1860 922 recipitur
1881 834 2095 899 a'Canonicia

731 922 827 985 sanili
850 921 931 984 Petri
952 922 984 984 in
1010 920 1224 991 canonicum,
1257 920 1290 982 dt
1318 917 1526 992 infrenem,
1550 938 1631 1000 quos
1659 940 1772 983 omnes
1797 919 1878 982 stans
1900 933 1974 981 ante
1993 919 2097 982 altare

730 1004 825 1070 didlae
839 1003 975 1086 Capellae
991 1006 1103 1086 recipit
1120 1004 1158 1065 ad
1174 1002 1316 1065 osculum
1330 1005 1423 1085 pacis.
1470 1002 1564 1064 Libro
1578 1004 1695 1066 rituum
1708 1000 2007 1075 Eccleliallicorom,
2025 1002 2097 1066 live

731 1088 884 1150 sacrarum
903 1087 1170 1150 Caeremoniarum
1186 1085 1218 1151 S.
1232 1086 1383 1149 Romanae
1397 1085 1556 1150 Ecclesiae.

577 1263 579 1268 .
660 1207 696 1249 ¹*
717 1173 798 1270 Eum
823 1205 973 1272 Pontifex
990 1207 1068 1269 hora
1085 1206 1236 1288 vigesima
1256 1209 1347 1270 tertia
1363 1207 1395 1268 io
1415 1203 1565 1270 Palatium
1581 1203 1610 1267 se
1626 1201 1806 1287 recepisset,
1828 1201 2016 1267 Caesareum
2032 1203 2098 1270 suia

731 1289 936 1359 proceribus,
955 1289 1165 1354 &comitiva
1183 1289 1358 1359 nobilium,
1377 1286 1411 1351 dt
1429 1285 1635 1351 Pcaelatorum
1650 1288 1856 1370 progrediens
1871 1286 1910 1349 ad
1923 1285 2100 1353 Eccleliatn

731 1371 765 1437 S.
789 1372 969 1442 Dominici.
1000 1374 1041 1435 ibi
1066 1373 1296 1440 aLaurentiuo
1321 1370 1479 1453 Episcopo
1502 1370 1655 1452 Signino,
1683 1367 1893 1452 &Episcopo
1912 1371 2099 1452 Anagnino,

618 1457 621 1462 ’
731 1452 885 1528 Vicario,
916 1476 978 1517 uua
1002 1476 1073 1517 cum
1095 1456 1258 1519 nonnullis
1283 1455 1353 1517 aliia
1376 1454 1545 1517 canonicis
1564 1454 1596 1517 S.
1616 1451 1769 1526 Johaunis
1785 1452 2016 1524 lateranensis,
2042 1454 2100 1535 qui

733 1537 912 1600 Bononiam
937 1550 1109 1608 venerant,
1145 1538 1179 1600 dr
1199 1537 1236 1598 ad
1259 1536 1348 1606 haec,
1382 1538 1430 1598 uti
1451 1535 1676 1598 Procuratores
1702 1536 1835 1599 aliorum
1861 1535 2101 1601 canonicorum

734 1619 767 1684 S.
791 1619 922 1695 Joannis
944 1624 983 1682 de
1008 1621 1110 1689 Urbe,
1142 1624 1172 1682 in
1199 1637 1291 1698 porta
1316 1618 1464 1681 Eccleliae
1485 1620 1709 1691 existentibus,
1741 1617 2009 1699 procellronaliter
2025 1639 2102 1683 curu

734 1721 848 1772 cruce,
870 1701 904 1765 dr
918 1703 988 1765 aliis
1001 1703 1142 1783 reliquiis
1159 1704 1290 1766 obviam
1309 1704 1493 1772 venientes,
1517 1722 1643 1763 crucem
1658 1699 1769 1763 Caesari
1785 1698 1985 1762 osculandam
1999 1702 2100 1764 obtu-

735 1785 856 1853 lerunt,
880 1783 914 1847 dr
930 1797 1135 1866 receperunt,
1159 1787 1366 1869 procedentes
1384 1798 1562 1855 antaeum,
1585 1782 1634 1846 Te
1651 1784 1752 1846 ileum
1770 1785 1932 1845 laudamus
1947 1785 2102 1845 intonan-

737 1877 805 1937 tes,
838 1866 871 1932 dt
894 1880 1059 1931 cantantes
1080 1868 1176 1950 usque
1199 1869 1238 1930 ad
1260 1867 1417 1948 Capellam
1441 1867 1589 1944 illapnam
1610 1888 1627 1927 a
1645 1865 1885 1940 manulinistra,
1909 1867 1938 1927 in
1953 1868 2107 1941 introitu,

741 1968 834 2031 quam
856 1950 911 2031 ipfi
931 1951 1111 2033 imperiales
1125 1952 1164 2013 eli
1191 1971 1242 2013 ere
1257 1951 1431 2013 volucrunt
1445 1952 1482 2011 ad
1501 1949 1700 2029 infrascripta
1714 1949 1869 2029 explenda
1887 1961 2035 2029 tanquam
2050 1949 2108 2010 lo·

741 2052 813 2096 cum
839 2034 940 2114 magis
961 2035 976 2095 s
995 2033 1146 2107 atiosum,
1167 1971 1201 2095 Er
1222 2047 1348 2116 aptum3
1373 2034 1415 2095 ibi
1441 2031 1474 2094 dr
1499 2033 1587 2114 super
1605 2030 1791 2094 Faldistorio
1810 2044 1985 2111 praeparato
2000 2029 2109 2092 eaesae

740 2116 928 2196 procubuit,
964 2055 1251 2197 citariqnantulum
1273 2115 1391 2178 oravit.
1463 2112 1548 2177 Tum
1572 2113 1733 2258 resurpens
1757 2112 1878 2195 praesati
1899 2111 2048 2194 Episcopi
2069 2111 2108 2177 ὅτ

739 2197 892 2260 Canonici
910 2217 981 2260 cum
1002 2198 1072 2260 aliis
1088 2198 1257 2262 Canonicie
1275 2196 1308 2259 dr
1327 2196 1457 2260 Clericia
1476 2196 1537 2260 suis
1554 2199 1660 2278 capitu
1674 2199 1767 2258 ariter
1780 2214 1852 2257 eum
1872 2206 2057 2278 receperunt
2070 2196 2109 2258 iu

739 2280 957 2354 canonicum,
980 2279 1013 2344 dr
1032 2280 1250 2353 confratrem,
1273 2279 1306 2343 dr
1321 2281 1394 2343 inde
1408 2280 1583 2361 lmperator
1596 2280 1686 2342 venit
1703 2281 1741 2340 ad
1757 2277 1990 2349 Faldistorium,
2013 2276 2109 2358 supet

741 2381 807 2442 quo
821 2360 965 2435 adhaesrt,
988 2366 1107 2445 recepit
1124 2363 1264 2445 lingulae
1279 2362 1460 2430 canonicos
1474 2361 1643 2444 pcaedistos
1658 2364 1694 2423 ad
1708 2360 1850 2423 osculum
1864 2363 1947 2430 oris,
1968 2362 2110 2437 primum

741 2446 944 2523 Anagninum
959 2444 1161 2527 Episcopum,
1179 2445 1292 2507 deinde
1304 2443 1468 2541 Signinum
1482 2446 1515 2507 dr
1529 2444 1669 2522 reliquos
1683 2464 1738 2525 per
1751 2438 1905 2507 ordinem.
1948 2441 2110 2509 Videatur

690 2583 693 2592 .
738 2527 803 2590 hac
818 2530 856 2589 de
869 2519 1068 2609 Raynaldua,
1091 2528 1122 2589 in
1142 2528 1317 2592 Annalibus
1331 2525 1632 2599 Ecclefiasticis,.T.
1648 2545 1698 2591 20.
1716 2545 1770 2588 nu.
1785 2545 1836 2607 45.
1857 2546 1886 2607 p.
1905 2543 1975 2608 572.

671 2658 735 2732 Ψ
752 2648 894 2743 Cumque
908 2662 970 2742 jam
983 2661 1085 2725 Caesar
1096 2661 1159 2743 ipse
1171 2661 1208 2723 ad
1224 2659 1381 2725 Sacellum
1397 2661 1493 2743 usque
1506 2663 1612 2745 (quod
1624 2660 1765 2726 diximus
1778 2664 1814 2723 ad
1831 2675 2009 2725 extremum
2023 2681 2113 2746 pou·

746 2746 788 2808 tis
806 2745 1013 2809 exstructum?
1030 2742 1235 2827 pervenillet,
1258 2744 1439 2807 aRomauis
1452 2743 1639 2820 Canonicis,
1661 2744 1694 2807 dt
1706 2746 1835 2807 Decano
1848 2746 1915 2808 divi
1931 2744 2012 2808 Petri
2033 2747 2111 2827 (qui

747 2829 786 2890 ad
806 2828 870 2889 hoe
887 2850 929 2891 ex
949 2828 1034 2893 Urbe
1052 2827 1195 2892 Romana
1217 2827 1394 2890 Bononiam
1414 2839 1585 2891 veneranti
1609 2839 1797 2910 correptus,
1829 2829 1944 2892 (ludius
1962 2828 2006 2891 est
2025 2831 2113 2892 intra

748 2911 904 2975 Sacellum
919 2912 955 2973 ad
971 2911 1086 2981 altare,
1110 2912 1161 2973 ubi
1178 2923 1320 2992 paratum
1339 2909 1385 2973 illi
1405 2925 1471 2971 erat
1486 2910 1640 2992 pulpitum
1656 2910 1794 2991 pretioso
1807 2922 1936 2992 tapeto,
1955 2910 1988 2973 dr
2006 2930 2113 2974 aureo

747 2990 1010 3072 hypocoriumate
1025 2993 1203 3062 instratum,
1224 2992 1253 3053 in
1271 2993 1356 3073 quod
1391 2995 1580 3055 rocumbens
1596 2996 1627 3055 in
1663 3014 1742 3055 enua
1755 2992 1872 3066 Caesar,
1895 2993 1963 3076 post
1977 2995 2114 3058 brevem

748 3074 997 3146 oratiunculam,
1015 3073 1232 3155 jusjurandum
1248 3075 1347 3137 Beato
1361 3012 1470 3146 Uetto,
1496 3075 1621 3156 eiusque
1635 3013 1830 3138 §anonimo
1850 3075 1978 3141 Vicario
1991 3074 2116 3137 Roma·

749 3173 794 3217 no
808 3155 953 3219 Pontifici
969 3156 1112 3238 praellitit
1128 3160 1158 3220 in
1173 3177 1283 3219 manus
1299 3157 1430 3225 Salvinti
1447 3156 1628 3231 Cardinalis,
1645 3179 1680 3219 ea
1693 3157 1806 3231 forma,
1824 3177 1881 3238 qua
1896 3159 2117 3236 Ludovicum,

751 3237 855 3302 Caroli
879 3237 978 3302 fllium
1001 3238 1129 3319 jurasse,
1163 3242 1289 3302 decreta
1310 3239 1508 3304 confirmant.
1565 3238 1657 3303 Tunc
1682 3258 1737 3322 per
1757 3242 1969 3304 venerabilem
1989 3240 2115 3305 Cicera

750 3317 941 3402 Episcopum
963 3322 1121 3385 Ariolium
1139 3320 1377 3393 ferrariensem,
1400 3320 1521 3386 Summi
1539 3323 1701 3387 Pontificio
1719 3323 1993 3396 Architriclinum,
2015 3327 2117 3387 indu·

750 3415 804 3467 tus
817 3403 917 3466 Caesar
928 3404 1125 3476 Cinostolio,
1146 3405 1231 3486 quod
1245 3404 1494 3486 superpellicium
1509 3416 1645 3479 vocant,
1668 3419 1876 3487 acceptaque,
1897 3426 1968 3489 quae
1984 3406 2115 3483 dicitur,

752 3489 881 3558 amicia,
904 3488 935 3550 iu
957 3487 1152 3552 Canonicum
1171 3486 1264 3549 sansli
1285 3486 1366 3550 Petri
1391 3486 1557 3551 investitos
1571 3488 1624 3552 est.
1668 3487 1728 3551 Cui
1750 3487 1793 3551 fic
1814 3488 1905 3552 stanti
1924 3500 1997 3551 ante
2014 3490 2117 3554 altare

739 3569 917 3641 1Decanur,
939 3568 972 3632 dr
985 3570 1114 3650 singuli,
1142 3571 1372 3651 perordinem,
1395 3568 1568 3639 Canonici,
1592 3569 1735 3634 exhibita
1751 3571 1903 3650 augustali
1921 3575 2118 3649 reverentia,

755 3672 866 3715 manus
879 3653 1051 3716 deosculati
1065 3652 1144 3717 sunt.
1189 3651 1325 3716 Historia
1338 3653 1376 3714 de
1389 3653 1506 3734 duplici
1519 3653 1737 3716 Coronatione
1752 3652 1898 3728 Caesaris,
1911 3655 1992 3738 apud
2003 3653 2119 3719 Bouo-

755 3737 857 3809 niam,
881 3734 1021 3816 Operum
1036 3736 1176 3800 Cornelii
1189 3738 1360 3818 Agrippae,
1385 3733 1416 3798 P.
1434 3734 1617 3817 posteriori,
1641 3757 1670 3818 p.
1687 3738 1759 3816 461.

680 3852 761 3894 *aaa
783 3851 1067 3915 Reverendissrmus
1081 3853 1236 3915 Dominus
1251 3851 1443 3924 Caurienlia,
1464 3851 1612 3935 Magister
1628 3851 1903 3935 Eleimosynarius
1916 3852 2064 3930 Caesaris,
2082 3853 2120 3919 dt

754 3955 819 4015 ego
834 3939 1047 4015 praevenimus
1063 3935 1095 3996 in
1109 3934 1266 4013 Capellam
1284 3947 1373 3996 extra
1388 3934 1574 4007 Ecclesiam,
1599 3938 1630 3997 in
1645 3955 1739 3998 mauu
1752 3938 1882 4009 dextra,
1905 3937 2059 4010 ereslam,
2081 3937 2119 4005 δι

754 4017 931 4097 diipofitam
948 4017 1025 4079 loco
1042 4015 1178 4093 Capella·
1198 4016 1231 4078 B.
1247 4016 1355 4079 illariae
1368 4018 1448 4079 inter
1461 4017 1538 4078 duas
1552 4031 1676 4090 turres,
1708 4037 1780 4100 quae
1795 4017 1838 4081 est
1851 4019 1981 4093 Rornae3
2004 4022 2118 4102 inqua
2141 4089 2151 4104 ⁴

755 4099 908 4164 Canonici
926 4098 958 4162 S.
975 4098 1056 4162 Petri
1071 4098 1110 4159 de
1125 4096 1208 4161 Urbe
1223 4101 1410 4179 congregati
1424 4110 1512 4160 erant
1530 4101 1567 4160 ad
1582 4102 1793 4176 recipiendum
1808 4102 1942 4166 eleilum
1960 4104 1991 4165 in
2006 4102 2119 4165 Cauo-

756 4183 860 4243 nicum
878 4182 909 4244 S.
927 4180 1028 4254 Petri,
1051 4180 1155 4262 sicque
1175 4199 1229 4264 per
1245 4181 1388 4243 ordinem
1407 4181 1479 4242 hinc
1496 4183 1569 4244 inde
1584 4183 1721 4264 dispoliti
1740 4184 1958 4266 exspectantes
1978 4183 2118 4248 alatrum

756 4277 940 4325 reverenter
953 4277 1148 4347 receperunt.
1193 4263 1258 4340 Qui
1274 4264 1305 4325 in
1319 4261 1502 4326 Faldistorio
1515 4265 1558 4327 ibi
1575 4265 1690 4327 adhoc
1710 4282 1886 4349 praeparato
1903 4286 1987 4348 genu
2008 4266 2118 4331 flexur

756 4346 883 4416 oravit,
912 4344 945 4406 dr
963 4349 1049 4407 illico
1065 4342 1213 4428 porteilo
1229 4360 1303 4409 ante
1318 4365 1388 4408 eum
1406 4345 1487 4410 libro
1502 4365 1567 4407 uno
1580 4347 1848 4427 juramentorum,
1873 4348 2017 4431 praestitit
2031 4350 2119 4431 jura·

669 4499 672 4506 ¹
757 4438 899 4490 mentum
915 4429 946 4488 in
962 4427 1082 4501 forma,
1106 4442 1141 4490 ut
1159 4429 1190 4489 in
1208 4428 1290 4491 libro
1306 4430 1468 4491 ordinacio
1482 4434 1759 4506 caeremoniarum,
1780 4433 1889 4494 dicens
1908 4450 1917 4492 r
1960 4430 2032 4513 Ego
2052 4434 2119 4499 dte.

759 4509 951 4589 consurgens
973 4514 1091 4589 recepit
1111 4510 1142 4571 su
1167 4512 1360 4592 erpellicium
1377 4531 1392 4572 a
1409 4510 1597 4573 Reverendo
1614 4514 1755 4577 Domino
1774 4512 1892 4576 Carolo
1913 4515 1952 4576 de
1970 4514 2121 4587 Ariostia,

759 4592 925 4654 Canonico
947 4589 978 4653 S.
1003 4592 1100 4664 Petri,
1130 4530 1164 4654 di
1184 4596 1252 4656 aliis
1272 4613 1362 4675 quam
1381 4594 1521 4675 pluribus
1539 4596 1653 4658 ibidem
1674 4596 1873 4665 constitutis,
1896 4617 1933 4660 ac
1951 4597 2145 4662 almuciam-

632 4697 636 4704 ·
758 4675 793 4741 in
810 4673 945 4741 humero
960 4672 1080 4741 flniitm
1088 4696 1101 4753 5
1128 4674 1162 4740 dt
1177 4675 1257 4742 licut
1269 4676 1448 4742 Canonicua
1462 4675 1495 4743 S.
1509 4674 1593 4750 Petri
1610 4681 1650 4745 de
1664 4679 1750 4746 Urbe
1769 4691 1933 4766 receptus,
1958 4678 2123 4745 osculatur

2048 4760 2126 4829 ed

1742 4997 1750 5032 s
