5017 5592
703 610 773 689 DE
791 595 1056 717 CUAESAREO
1077 612 1449 695 intumulatum
1470 620 1683 698 trucum.
1698 625 1838 721 June:
1935 657 2007 734 ²39
2134 567 2137 573 Ι

536 816 543 826 .,
565 796 619 883 ι)
640 790 698 895 pet
711 812 780 855 erm
796 790 985 938 lnppemsttoti
998 793 1075 893 Jura
1086 789 1206 911 imperii
1221 797 1350 862 minime
1367 799 1524 897 conferri.
1550 801 1701 881 quoniam
1723 805 1840 871 eleliio
1859 804 2003 890 legitima

531 947 546 960 ·
639 889 824 1022 tuitii
845 878 2005 1053 illicitiinimicitttirtttt‘ilziiitiiiiii
2099 950 2108 965 “

641 1040 807 1103 εἰεᾶἰοιιὶε
827 1037 858 1102 dt
880 1039 1054 1123 sponfionia
1068 1044 1099 1103 iu
1121 1042 1380 1124 capitulationem
1396 1044 1503 1124 jurato
1515 1046 1609 1109 iaclae
1623 1051 1821 1144 continuant.
1838 1054 1850 1064 ’”

562 1159 616 1300 3,)ι
638 1157 956 1306 ἓξῧίᾳὲἕῃεέἕιῃὲιῐιὲι
971 1160 1002 1222 in
1016 1159 1245 1249 Imperatorem
1262 1157 1398 1226 electum
1412 1162 1547 1240 collatu,
1566 1165 1757 1240 solemnibus
1776 1172 1935 1243 duntaxal
1954 1179 1999 1250 ri·
2067 1233 2070 1238 .

1121 1368 1150 1450 c
1202 1358 1409 1433 xxvut

638 1495 722 1563 Sittt
736 1493 788 1582 its
805 1497 1022 1585 primaritrtm
1043 1516 1163 1588 precum
1177 1520 1235 1565 nott
1252 1495 1408 1585 fundatur
1424 1495 1455 1561 in
1480 1491 1618 1583 beneficit
1637 1500 1793 1594 Pontificis
1822 1505 1876 1599 (§.
1894 1504 1970 1600 26.)
1988 1530 2000 1598 3
2104 1539 2108 1547 ,

517 1596 680 1762 mppria
695 1615 797 1663 ertum
815 1592 1032 1689 adstipulantur
1042 1592 1288 1728 sententiaepqui
1302 1594 1376 1698 illtttl
1388 1616 1427 1662 tx
1443 1597 1642 1667 coronatione
1653 1602 1853 1695 Imperatoria
1866 1623 1999 1704 repetite
2023 1631 2025 1636 ’

637 1820 771 1889 Etenim
797 1816 899 1915 polita
917 1820 1096 1919 hypothesi
1112 1819 1366 1896 fundamenmm
1381 1822 1467 1918 jutia
1491 1823 1728 1920 primariorum
1753 1854 1891 1927 precum
1908 1856 2027 1935 qum-¹·

518 1914 664 1989 rendum
678 1913 756 1988 ellct
772 1917 822 1989 vel
842 1922 875 1988 in
894 1924 1120 1993 coronatione
1134 1923 1266 2003 ltalica,
1286 1920 1339 1993 vel
1355 1922 1567 1993 Germanica.
1616 1927 1699 1995 Non
1723 1932 1891 2023 primum,
1916 1938 1997 2032 quie

519 2018 706 2087 Coronario
720 2014 834 2086 Italica
851 2015 976 2087 dudum
992 2017 1033 2088 ab
1049 2019 1108 2091 usu
1130 2014 1255 2091 recellit
1280 2015 1332 2115 (ᾗ.
1352 2044 1410 2110 27.
1426 2044 1458 2090 n.
1477 2022 1522 2109 1.)
1548 2017 1637 2091 salvo
1663 2025 1899 2118 primariorum
1919 2057 1997 2129 pre·
2059 2095 2071 2103 .

517 2135 596 2184 cum
610 2112 698 2207 jure.
749 2116 875 2208 Neque
891 2112 1069 2185 secundum
1087 2115 1181 2187 llatui
1207 2120 1351 2212 poterit,
1371 2140 1476 2211 quum
1491 2140 1556 2213 per
1578 2121 1839 2197 coronationem
1854 2130 1997 2203 Germa.

515 2213 627 2280 nicam
643 2213 844 2303 Imperatori
861 2211 935 2304 juta
953 2217 1090 2306 lmpetii
1108 2214 1195 2283 haud
1220 2208 1436 2284 conferantur
1457 2217 1506 2302 (ξ.
1523 2215 1580 2284 cit.
1598 2241 1619 2283 n
1648 2218 1718 2308 2.),
1735 2215 1788 2291 sed
1804 2246 1932 2297 tantum
1945 2224 1996 2300 so·

514 2306 622 2377 lemni
637 2309 705 2376 ritu
728 2307 845 2377 collata
868 2305 931 2380 else
949 2311 1159 2381 declarentur
1183 2311 1233 2402 (tt.
1252 2313 1314 2398 3.).
1362 2310 1468 2379 Nulla
1487 2313 1600 2405 itaque
1624 2318 1710 2384 ratio
1735 2313 1897 2391 sufficiens
1923 2319 1996 2395 l'ua·
2075 2312 2078 2315 Α

515 2404 593 2571 (ἰεῦ,
613 2426 654 2474 ut
670 2399 923 2479 fundamentum
943 2406 1030 2502 juris
1053 2410 1291 2506 primariorum
1313 2430 1452 2505 precum
1468 2413 1502 2478 in
1524 2412 1749 2504 Coronatione
1771 2420 1996 2513 Imperatoria

512 2525 557 2574 co
584 2524 732 2574 oremus.

555 2665 706 2735 SCHOL.
736 2666 857 2743 Quodli
879 2668 917 2731 ad
936 2667 1147 2732 stabiliendam
1173 2667 1359 2749 opinionem
1378 2666 1538 2731 adversam
1554 2667 1597 2730 ob
1618 2669 1734 2734 ocnloa
1765 2690 1885 2753 ponere
1906 2674 1995 2754 lubet
2034 2608 2068 2628 ξ’

631 2749 824 2832 diplomate,
842 2751 874 2813 in
891 2751 1003 2831 quibus
1021 2750 1232 2833 Imperatores
1249 2752 1288 2812 ad
1306 2750 1556 2813 Coronationem
1569 2769 1695 2832 quoque
1708 2751 1904 2835 Imperialem
1916 2759 1996 2839 pto·l

632 2842 811 2905 vocarunt3
836 2852 901 2894 rem
921 2832 1014 2913 ipsam
1030 2833 1155 2912 quidem
1176 2833 1262 2895 ultro
1280 2834 1414 2912 largior,
1435 2831 1484 2894 sed
1499 2832 1594 2893 liceat
1609 2852 1735 2914 quoque
1755 2840 1916 2897 innumera
1931 2839 1993 2902 alia

577 2971 593 2984 ,
632 2933 796 2995 opponere
814 2914 1007 2996 diplomata,
1036 2917 1088 2978 ubi
1111 2915 1196 2976 nulla
1223 2915 1450 2977 coronationie
1470 2914 1686 2993 Imperatoriae
1705 2917 1742 2979 fit
1769 2921 1900 2982 mentio.
1942 2921 1993 2984 Ae

631 2996 745 3058 deinde
766 2997 983 3069 strationem,
1007 3016 1097 3077 quam
1115 3016 1173 3078 pto
1199 2996 1303 3059 nostra
1321 2998 1474 3077 opinione
1496 2996 1709 3070 adduximus,
1734 3003 1872 3064 curatius
1898 3002 1992 3065 euol-
2053 3011 2061 3020 ‘

631 3097 710 3149 vaa3
732 3076 825 3141 facile
837 3082 898 3140 erit
913 3079 948 3138 ad
966 3079 1223 3160 intelligendum,
1246 3080 1456 3157 Imperatores
1471 3098 1525 3160 per
1544 3076 1625 3148 hoc,
1647 3081 1731 3159 qnod
1747 3083 1777 3142 in
1802 3082 1862 3144 suis
1882 3084 1991 3165 diplo-

629 3162 768 3222 matibus
788 3162 982 3222 mentionem
1006 3160 1233 3223 Coronationis
1256 3159 1317 3220 suae
1338 3158 1487 3233 iecerint,
1510 3178 1575 3220 non
1598 3172 1660 3220 tam
1685 3161 1922 3228 fundamentum
1936 3164 1990 3247 ju·

631 3244 676 3306 rit
693 3240 907 3327 primariorum
934 3260 1082 3326 precum,
1106 3261 1200 3325 quam
1222 3253 1347 3323 tempus
1365 3243 1512 3306 exercitii
1526 3239 1684 3309 indicasse.

1139 3447 1371 3543 §.xxun

627 3584 724 3682 Aque
735 3608 842 3683 prtem
855 3608 918 3659 teor
938 3588 1089 3658 videntur
1103 3596 1244 3680 tangere,
1265 3589 1316 3678 qui
1328 3586 1562 3677 fundamentum
1575 3587 1669 3685 Jttis
1689 3586 1904 3678 primariorum
1922 3607 1988 3682 pre·
2002 3619 2157 3693 Maponi

510 3705 578 3760 rtur
594 3685 626 3757 itt
644 3692 795 3779 dignitate
809 3691 1006 3779 Imperatoris
1029 3689 1201 3756 thrnittlt'
1214 3704 1340 3777 ponunt.
2000 3723 2061 3768 nus
2076 3708 2108 3770 in
2127 3708 2157 3775 dr

630 3820 769 3914 Qtippe
797 3840 917 3887 eorum
939 3813 1097 3887 sententia
1122 3817 1156 3885 in
1179 3839 1219 3887 eo
1238 3809 1311 3885 fere
1336 3809 1495 3896 consistit,
1524 3810 1615 3910 quod
1637 3808 1903 3909 imperatoribus
1924 3815 1986 3909 Jue
2002 3790 2144 3930 ἕξω.

512 3914 750 4012 primariorum
770 3938 907 4010 precum
926 3935 1106 4009 propterea
1122 3936 1307 4008 competat,
1324 3914 1413 4007 qnod
1431 3912 1512 3982 olim
1528 3915 1560 3984 vi
1585 3912 1818 3983 coronationis
1833 3910 1986 3982 Ecclesia·
2003 3889 2156 4013 torlffi,

512 4036 588 4081 rum
611 4012 818 4107 quarundam
834 4006 913 4081 fatti
932 4006 1058 4082 fuerint
1075 4014 1245 4081 canonici.
1296 4014 1477 4080 Enimvero
1492 4032 1717 4106 preterquam
1734 4007 1823 4103 quod
1844 4012 1986 4103 lmpere·
2002 4033 2152 4110 nonium

513 4130 602 4179 tores
619 4110 720 4179 hodie
736 4114 769 4178 in
786 4109 868 4189 alia,
886 4105 944 4177 nist
960 4112 993 4177 in
1009 4108 1091 4178 illud
1113 4110 1359 4179 canonicorum
1374 4106 1710 4201 Aquisgranenlrum,
1728 4103 1989 4195 collegiavixre·

512 4208 578 4301 ripi
594 4203 773 4289 solean13fi
790 4209 823 4276 in
840 4204 1004 4300 ejusmodi
1022 4205 1185 4297 dignitate
1201 4203 1470 4299 fundaretutJus
1487 4207 1724 4297 primariorum
1741 4225 1892 4296 precum,
1910 4229 1989 4277 con·

510 4299 650 4399 sequent
665 4299 770 4383 foret,
788 4306 986 4399 impetatori
1003 4305 1037 4372 in
1053 4303 1152 4373 nullis
1170 4302 1361 4373 Germania
1380 4298 1548 4380 ecclesus,
1565 4297 1622 4369 nili
1640 4302 1672 4368 in
1690 4300 1810 4394 quibus
1828 4303 1988 4374 canonici
2114 4298 2119 4308 “

510 4398 676 4471 honorem
702 4400 859 4482 solimet,
886 4400 969 4471 illud
991 4401 1046 4495 jus
1068 4421 1281 4495 competere,
1311 4400 1389 4491 quia
1415 4399 1593 4467 honoraria
1618 4393 1727 4467 illhtec
1750 4423 1787 4467 ac
1809 4399 1986 4494 peculiaria
2092 4437 2095 4446 ‚
2141 4419 2147 4428 “

509 4497 655 4592 dignitas
677 4495 829 4594 respellu
849 4500 988 4569 aliatum
1014 4493 1231 4568 Ecclefiarum
1257 4495 1415 4565 Titulum
1445 4488 1660 4566 sufficientem
1686 4493 1774 4566 haud
1793 4493 1901 4591 potest
1928 4498 1986 4566 tri·

507 4592 624 4679 luere.
674 4600 789 4700 Qum
805 4622 887 4692 reto
911 4592 1181 4674 consecutio'illa
1206 4587 1451 4674 euidentiffintae
1472 4593 1575 4671 torius
1597 4594 1789 4677 Germaniae
1814 4596 1907 4693 praxi
1930 4589 1986 4661 ad·

1165 4718 1168 4727 ’
1910 4710 1983 4763 Ύθῖ·
