5017 5592
503 644 578 759 ‘34
701 759 703 764 Ι
778 575 1120 730 οιεεειιτιιτισ
1168 637 1465 721 canoutco.
1482 643 1697 726 runttca

504 831 674 910 declarare
689 849 748 908 eoa
763 833 881 926 Regno
899 833 1053 928 indignor
1071 831 1105 906 dr
1120 817 1271 920 ea'ttrtea,
1297 830 1468 908 absolvere
1482 831 1524 908 ab
1536 833 1696 932 homagio
1712 841 1881 912 Procerea
1900 833 1989 914 aliua·
2022 919 2026 968 4

504 957 572 1034 que
590 935 731 1025 Imperii
746 927 912 1019 subditur,
936 933 1026 1005 unde
1040 955 1107 1004 non
1120 953 1307 1029 potuerunt
1326 955 1394 1004 nou
1413 927 1610 1028 frequentet
1625 933 1744 1010 turbae
1759 937 1797 1011 dt
1814 933 1986 1012 seditiones
2023 975 2026 1000 ι

400 1095 413 1118 ,
504 1032 612 1128 oriri)
632 1029 731 1107 facile
755 1031 783 1103 is
800 1055 841 1105 eo
861 1031 975 1105 induci
998 1051 1148 1130 poterat,
1170 1051 1208 1105 ur
1228 1031 1356 1128 iniquia
1379 1029 1614 1128 hujuscemodi
1632 1031 1868 1108 exustionibus
1888 1036 1988 1110 indul·

503 1155 610 1230 geret.
661 1137 721 1205 Ne
735 1153 846 1203 autem
862 1135 1022 1204 Proceree
1037 1129 1162 1227 absque
1176 1128 1246 1201 ullo
1260 1127 1338 1225 jure
1352 1128 1501 1204 indicere
1521 1131 1673 1206 Ecclesia
1689 1131 1822 1208 tributa
1843 1134 1987 1207 videren·

503 1257 579 1314 tur,
602 1229 737 1302 titulum
760 1227 980 1311 advocatiae,
1014 1251 1157 1326 quacum
1177 1227 1334 1326 plurimis
1352 1229 1558 1304 Germaniae
1579 1229 1732 1305 Ecclefiie
1756 1230 1985 1328 praesuerant,

418 1339 420 1344 '
503 1328 775 1430 praetexuerunt.
817 1325 1030 1400 Grauiffimas
1045 1324 1189 1496 desuper
1203 1326 1357 1424 querelas
1371 1351 1550 1401 moverunt
1565 1328 1736 1404 Praesulet
1752 1329 1984 1415 Ecclesiarum,

504 1450 607 1526 atque
627 1451 692 1524 pto
716 1423 846 1498 medela
869 1427 993 1523 iniquia
1016 1425 1050 1498 hi
1069 1449 1106 1498 ce
1119 1423 1391 1522 usurpationibus
1413 1421 1553 1500 serenda
1570 1429 1660 1525 apud
1673 1425 1856 1503 Caesarem
1874 1428 1984 1503 inssite·

504 1547 603 1609 runt,
637 1522 839 1622 tandemque
860 1522 1096 1606 obtinuerunt,
1122 1522 1202 1596 dum
1225 1524 1419 1598 Fridericus
1435 1527 1483 1596 ll.
1507 1528 1701 1622 imperatur
1715 1524 1861 1624 publiea
1883 1525 1984 1602 cousi·

500 1625 635 1696 tutione
650 1625 791 1718 Imperii
808 1621 840 1692 dt
857 1645 972 1692 omnes
987 1621 1165 1694 ulteriores
1186 1622 1355 1717 ejusmodi
1374 1620 1561 1695 exasliones
1578 1621 1638 1698 sub
1659 1621 1865 1720 gravissimis
1879 1629 1983 1725 poenit

505 1718 670 1803 inhibuit,
695 1721 727 1792 dt
745 1715 909 1791 anteactas
924 1743 1041 1790 omnen
1058 1743 1120 1806 ceu
1141 1722 1254 1792 irritas
1271 1720 1446 1820 nullasque
1467 1721 1658 1800 declaravit.

365 1897 367 1904 '
491 1893 493 1898 '
545 1888 586 1974 a)
607 1887 711 1966 Quam
723 1885 855 1952 exhibet
873 1883 1059 1954 Perillusttia
1068 1885 1106 1954 L.
1119 1885 1156 1954 Β.
1168 1886 1208 1952 cle
1226 1885 1449 1973 Senekenbetg
1466 1890 1499 1954 in
1518 1888 1615 1978 Corp.
1636 1889 1703 1968 Jur.
1719 1887 1812 1958 send.
1831 1887 1982 1974 nomn

475 2049 482 2055 ι
622 1971 743 2056 453.in
761 1971 887 2036 verbio:

655 2129 662 2154 .
682 2087 737 2154 ra
748 2103 971 2155 nnattrcua-
979 2083 1041 2150 Dei
1055 2084 1164 2150 Gratia
1172 2085 1390 2153 Romanorum
1402 2087 1581 2175 Imperator
1596 2087 1716 2172 semper
1729 2088 1902 2172 Augustua
1913 2087 1982 2154 llat-

623 2170 814 2247 ehionibna,
835 2171 1033 2243 comitibus,
1056 2169 1242 2255 canitieque
1259 2174 1411 2257 populna,
1451 2191 1535 2256 quoa
1547 2172 1745 2238 Clementiae
1762 2173 1894 2240 nostrae
1913 2171 1983 2256 retii

622 2252 820 2340 Inpetium,
840 2251 977 2356 ¹salutem
994 2249 1029 2315 bc
1044 2254 1192 2336 gratiam.

680 2372 720 2438 ln
735 2375 809 2474 diez
829 2393 890 2457 qua
907 2372 947 2436 de
960 2389 1053 2472 mapa
1067 2370 1343 2472 sternuntur
1359 2370 1492 2436 Parata
1512 2389 1649 2438 troam
1675 2369 1983 2462 stanneam·
2004 2437 2011 2466 v

619 2455 1574 2624 sttsttlttltttistitffltntt‘tlttttssl}
1589 2453 2011 2632 jtffil‘ttsnstts

620 2629 731 2686 totum
747 2621 918 2706 imperium
936 2619 1076 2684 nostrum
1092 2622 1155 2704 pub
1171 2621 1306 2686 icaudaa.
1359 2621 1418 2683 Per
1429 2619 1606 2706 Imperialia
1621 2619 1727 2687 Vobia
1743 2619 1862 2704 scripta
1880 2637 1980 2718 praeet-

620 2705 961 2804 plendomandamua,
985 2713 1140 2785 quatenua
1156 2724 1209 2768 eaa
1229 2705 1344 2850 puippe
1362 2703 1484 2822 litterae
1497 2705 1531 2769 in
1543 2704 1601 2768 suo
1613 2699 1979 2788 distristuirresragaball·

621 2787 723 2854 ter&
741 2786 924 2854 tuconcusse
936 2786 1054 2853 servet.
1095 2785 1139 2851 Et
1154 2786 1224 2852 sunt
1259 2785 1432 2869 aeLegea.

633 2935 636 2942 ·
672 2909 724 2972 Ad
739 2909 837 2972 decue
854 2908 889 2971 dr
906 2907 1063 2969 honorem
1075 2904 1203 2992 Inpetii
1224 2905 1260 2971 dr
1280 2907 1404 2968 laudem
1426 2904 1562 2968 Romani
1585 2903 1737 2988 Prioripia
1760 2903 1981 2970 nihilomnino

622 2994 727 3071 magia
747 2992 875 3054 videtur
889 2990 1055 3061 accedere,
1077 3007 1170 3069 quam
1192 3000 1228 3052 ut
1240 2989 1427 3070 expurgarit
1452 2988 1638 3069 quibusdam
1659 2989 1847 3062 erroribna‚
1883 2987 1916 3052 dt
1933 2985 1981 3050 ini-

623 3073 696 3152 quia
712 3074 912 3154 quorundam
930 3071 1065 3134 Statutia
1078 3072 1205 3148 penitua
1226 3070 1402 3144 destitutio,
1435 3071 1475 3133 de
1498 3081 1631 3134 coetero
1652 3067 1795 3134 Ecclesia
1813 3069 1892 3136 Dm
1904 3069 1981 3155 plena

622 3154 734 3236 quiete
748 3155 876 3237 vigeat,
898 3151 932 3215 dt
946 3152 1052 3215 secuta
1068 3153 1205 3233 gaudeat
1221 3153 1377 3218 libertate.
1439 3152 1523 3217 Sane
1545 3152 1626 3216 adeo
1647 3149 1834 3218 infidelium
1879 3167 1983 3216 norm·

621 3239 696 3300 dam
724 3235 759 3299 dr
785 3235 972 3318 injustorum
985 3234 1134 3318 iniquitat
1149 3237 1340 3310 abundavit,
1354 3243 1470 3298 utnon
1485 3235 1632 3299 dubitent
1646 3244 1760 3298 contra
1776 3173 1983 3319 Aposoltetn

622 3318 816 3403 disciplinam
833 3319 867 3383 dr
886 3318 990 3382 sactoa
1007 3317 1154 3383 Canonea
1171 3318 1298 3384 Statura
1320 3319 1373 3382 sua
1392 3316 1598 3401 confingere,
1630 3328 1743 3380 contra
1761 3317 1983 3384 Ecclefiasiieat

619 3401 794 3475 Personae,
815 3402 849 3466 dr
868 3400 1026 3465 Ecclesiae
1044 3401 1234 3465 libertatem.
1289 3399 1368 3464 Cum
1385 3419 1465 3483 ergo
1483 3400 1603 3466 Divina
1623 3398 1847 3483 Dispositione
1870 3401 1984 3466 savente

620 3485 701 3550 nihil
720 3485 785 3548 veli
817 3484 956 3548 Ecclesia
970 3490 1068 3565 (quae
1082 3484 1161 3547 nihil
1175 3486 1269 3548 debet
1291 3497 1414 3566 praeter
1430 3487 1549 3548 bonum
1569 3485 1755 3570 appetere),
1791 3485 1885 3567 quod
1905 3481 1983 3548 uob'a

624 3568 739 3633 eodem
755 3495 908 3631 csucursu
922 3567 955 3629 dc
972 3567 1080 3630 eadem
1095 3585 1161 3629 non
1177 3568 1300 3650 placeat
1315 3566 1499 3632 voluntate.

678 3682 751 3747 Noa
774 3681 1059 3748 Fntnenrcua
1081 3681 1300 3747 Rornanorum
1323 3682 1501 3767 Imperator
1519 3684 1639 3767 semper
1663 3680 1835 3764 Angusto·
1857 3681 1984 3749 bacedl·
2006 3705 2010 3712 ·

620 3761 697 3830 etati
721 3765 807 3847 Lege
828 3767 1012 3840 irritamus,
1040 3761 1075 3828 dr
1090 3766 1178 3829 irrita
1197 3770 1383 3832 nunciamus
1406 3769 1512 3831 omnia
1533 3766 1649 3831 statuta
1672 3765 1709 3829 dc
1736 3767 1985 3838 consuetudinea.

621 3867 703 3931 quae
720 3848 870 3912 civitates
886 3848 1048 3925 vellum,
1071 3847 1270 3926 Potestatea‚
1292 3849 1467 3928 consules,
1488 3850 1545 3916 vel
1568 3866 1778 3932 quaeeunque
1796 3852 1881 3916 aliae
1894 3849 1985 3934 perso·

620 3951 682 3995 nae
700 3941 811 3994 contm
823 3933 1000 3995 libertatem
1014 3928 1190 4006 Eccleliae,
1213 3933 1270 3997 vel
1286 3931 1518 3998 Ecclesasticaa
1533 3931 1682 3998 Personae
1703 3931 1805 3996 edere
1819 3933 1877 3998 vel
1897 3933 1985 3997 serta·

620 4031 657 4076 te
672 4011 822 4078 adversua
840 4013 1017 4077 Canonicaa
1029 4010 1064 4076 dr
1080 4013 1262 4097 lmperialea
1274 4013 1463 4079 Sansllouea
1474 4015 1755 4100 praesumpserint,
1782 4014 1821 4080 dt
1835 4037 1872 4080 ea
1886 4018 1925 4080 de
1935 4012 1984 4077 ca

620 4095 812 4181 pstulatibus
831 4095 893 4160 suia
908 4097 1092 4158 mandamur
1111 4097 1193 4160 intra
1212 4099 1297 4160 duoa
1313 4098 1433 4162 menses
1451 4096 1521 4181 post
1534 4099 1630 4181 hujua
1649 4097 1909 4182 publicationem
1920 4093 1984 4162 Edi·

622 4177 805 4262 arpennas
821 4179 965 4254 aboleri,
987 4188 1020 4241 et
1034 4177 1058 4241 fi
1075 4177 1113 4241 de
1129 4192 1256 4242 caetero
1275 4178 1385 4244 similia
1401 4183 1649 4254 attentaverint,
1679 4179 1748 4264 ipso
1766 4181 1846 4264 jure
1859 4179 1985 4246 decerni·

622 4279 693 4322 mus
711 4260 772 4325 effe
785 4262 895 4334 nulla,
916 4259 950 4323 dt
967 4281 1026 4324 eoa
1044 4262 1096 4325 sua
1114 4259 1343 4334 lutiadistione
1362 4265 1530 4362 privatos,
1555 4263 1707 4347 superiori
1723 4269 1881 4345 protinua
1898 4261 1984 4347 appli-

623 4343 739 4417 canda,
763 4364 823 4408 nec
843 4344 1055 4444 nonnlpcum,
1077 4344 1131 4439 nbi
1151 4346 1302 4430 deinceps
1318 4346 1391 4408 talta
1408 4346 1605 4430 praesu-pta
1622 4346 1763 4420 suerint,
1784 4349 1895 4412 banno
1912 4343 1983 4408 mille

622 4440 797 4571 §anst
840 4445 1034 4592 'titttttz
1048 4425 1457 4584 stlattnit‘tst‘?
1480 4427 1984 4581 ssnsttllntnlsss

622 4587 635 4652 l
658 4586 780 4664 sotum,
814 4593 868 4672 qui
890 4592 1059 4656 secuudum
1075 4589 1201 4658 Statuta
1221 4594 1277 4658 vel
1291 4592 1534 4660 consuetudinea
1551 4607 1744 4658 memoratae
1761 4595 1981 4678 iudicaverint,

670 4678 684 4738 t
703 4691 748 4739 ex
764 4681 841 4740 tunc
855 4674 924 4758 ipso
938 4673 1012 4758 iura
1023 4673 1156 4744 iusamea
1165 4718 1176 4757 ,
1199 4695 1337 4763 quorum
1355 4676 1532 4746 sententiaa·
1543 4677 1579 4745 dr
1594 4676 1679 4746 aliua
1693 4675 1791 4748 artu·
1811 4678 1981 4766 illegitimo·
