5017 5592
501 679 577 756 4⁷2
706 703 718 738 .,
758 649 1096 730 oissrariirio
1124 629 1721 789 aristonico-'canonica
1791 585 1801 590 ’

503 834 563 907 das
578 832 756 907 transmisit
775 859 861 905 anno
880 859 946 923 520
959 837 1148 1002 taloannein
1165 837 1288 927 Papam
1301 837 1328 902 l.
1350 829 1625 927 Hierosolymam
1640 856 1726 902 anno
1745 852 1826 922 525.
1847 830 1979 902 venien·

502 956 571 1006 tem
584 939 617 1003 in
633 957 755 1005 terram
769 931 951 1027 prostratus
1008 935 1032 1002 it
1048 955 1241 1011 veneratus,
1266 931 1299 1002 dt
1316 932 1404 1001 illius
1419 955 1520 1001 manu
1536 934 1693 1008 coronari
1708 931 1836 1001 voluit:
1856 927 1979 1024 templa

502 1026 639 1110 refecit,
664 1037 813 1111 ornavit,
837 1032 1078 1125 locupletavit:
1107 1033 1295 1100 Haereticos
1311 1056 1329 1100 a
1346 1029 1487 1124 publicis
1503 1026 1623 1098 officiis
1645 1028 1677 1099 dt
1700 1028 1905 1100 militaribus
1926 1028 1979 1099 lio·

503 1132 642 1202 notibus
658 1126 813 1200 exclusit:
840 1128 917 1222 lpso
931 1151 1133 1225 procurante
1150 1152 1210 1221 per
1229 1132 1372 1220 Legatos
1393 1124 1605 1220 Aposloliros
1626 1125 1810 1199 Orientalis
1833 1123 1975 1199 Ecclesie

505 1252 581 1299 cuin
596 1226 803 1299 Occidentali
820 1228 975 1297 adunatio
992 1229 1024 1295 in
1048 1226 1117 1321 ipsa
1136 1223 1299 1298 Paschatis
1319 1225 1692 1298 solemnitateomnium
1709 1225 1878 1295 bonorum
1891 1223 1974 1320 plau·

503 1322 540 1396 su
559 1320 703 1396 feliciter
721 1320 855 1421 perasla
870 1320 941 1395 est:
968 1325 1052 1393 nihil
1073 1327 1202 1420 itaque,
1233 1327 1327 1421 quod
1342 1325 1381 1397 ab
1400 1326 1542 1421 Optimo
1567 1319 1715 1396 Ecclesiae
1738 1321 1970 1420 Advocatojii·
2007 1389 2010 1406 ,

503 1447 543 1495 re
561 1420 742 1503 desderea,
764 1421 862 1497 abeo
884 1419 1137 1519 pretermissum
1153 1415 1231 1496 fait.
1928 1407 1955 1460 ⁴

620 1561 746 1629 xx1V.
776 1562 1103 1656 Jusrittianus
1127 1579 1263 1653 quoque
1285 1560 1484 1654 Jusrirtt
1508 1579 1545 1627 er
1574 1559 1699 1629 Sorore
1721 1579 1828 1652 iiepos
1851 1556 1894 1627 ad
1916 1558 1967 1627 lm·

503 1656 591 1754 petii
607 1655 739 1726 culmen
755 1651 888 1728 eveslus
902 1655 1028 1725 litteras
1043 1653 1163 1726 Felicis
1181 1658 1302 1750 Papae,
1324 1652 1445 1750 quibus
1469 1656 1499 1726 ei
1523 1658 1692 1727 Coronam
1716 1653 1760 1725 esl
1783 1655 1965 1746 gratulatus,

381 1839 391 1848 .
446 1790 450 1807 ·
506 1754 912 1844 &Advocatiaepumea
935 1749 1090 1848 susceptae
1110 1755 1308 1822 memoriam
1331 1748 1475 1844 ingessi,
1497 1752 1641 1845 gratiose
1668 1756 1818 1849 excepit,
1842 1752 1965 1823 &illius

504 1854 619 1924 mutila
635 1849 701 1923 line
716 1875 811 1920 mora
829 1849 970 1943 implere
988 1852 1112 1945 erepit,
1136 1853 1288 1946 quamvis
1303 1850 1429 1920 ultimis
1445 1853 1520 1921 vita·
1536 1849 1599 1922 suae
1613 1853 1706 1920 annis
1723 1855 1755 1919 in
1774 1852 1897 1921 alienas
1909 1871 1967 1946 pat·
2005 1851 2010 1940 l

505 1972 556 2021 tes
577 1946 700 2020 rossus
718 1950 782 2017 illis
805 1943 962 2021 defuerit.
1013 1951 1155 2030 Omnia,
1176 1971 1249 2045 qoae
1269 1972 1343 2019 ante
1365 1952 1507 2043 Imperii
1533 1949 1811 2039 gubernationem
1828 1946 1966 2041 possede-

504 2070 577 2126 rat,
602 2045 750 2116 Ecclesiae
773 2044 931 2116 donavit:
957 2044 1094 2139 publico
1110 2043 1222 2117 ediuo
1238 2043 1392 2117 omnibus
1415 2045 1624 2141 exploratum
1646 2042 1743 2126 fecit,
1765 2043 1860 2118 suam
1881 2043 1968 2117 fideii

506 2140 571 2218 else
584 2168 663 2214 vere
681 2142 915 2224 catholicam,
940 2143 1100 2239 illamque
1114 2143 1155 2214 ab
1172 2141 1328 2217 omnibus
1343 2141 1483 2215 subditis
1505 2141 1728 2215 assumendam
1748 2139 1864 2215 suafitt
1886 2148 1968 2214 intio·
2008 2149 2010 2158 '

507 2246 556 2314 vis
579 2242 714 2335 templis
740 2240 969 2321 ersltuendis,
995 2240 1162 2312 veteribus
1186 2239 1429 2322 instaurandis,
1458 2239 1635 2313 haeresibus
1663 2242 1872 2335 extirpandis
1894 2260 1968 2312 totus

505 2362 590 2412 erat.
639 2344 799 2409 Fateatur
817 2364 855 2410 ea
876 2341 988 2408 omnia
1004 2337 1240 2420 Proteslantes,
1267 2336 1313 2412 all
1329 2338 1464 2436 insuper
1487 2341 1705 2435 lmperatotis
1730 2338 1762 2409 dt
1786 2336 1967 2418 universalis

506 2437 670 2511 Advocati
685 2436 738 2530 jus
753 2438 787 2508 in
804 2435 951 2508 Sacra&
973 2435 1129 2531 personas
1154 2433 1390 2520 Ecclesiaslicas
1409 2462 1446 2508 eit
1463 2436 1638 2532 Jusliii'aiii
1661 2433 1758 2506 fassis
1784 2436 1876 2509 haud
1896 2429 1969 2509 diffi-

505 2535 614 2610 culter
631 2535 766 2631 probari
786 2534 1015 2606 contendunt:
1040 2534 1152 2606 Multa
1167 2539 1256 2607 enini
1276 2534 1317 2606 de
1338 2533 1437 2604 rebus
1464 2535 1496 2604 ἃ
1516 2534 1667 2629 personis
1695 2531 1970 2606 Ecclesiasticisil·

360 2631 363 2636 ’
504 2632 576 2706 lum
593 2627 744 2716 sanxisse,
767 2659 806 2705 ex
830 2632 988 2729 Ejusdem
1003 2633 1127 2704 Codice
1149 2627 1360 2703 manifestum
1375 2628 1438 2703 esse
1455 2632 1564 2724 ajunt,
1589 2632 1691 2730 idque
1705 2632 1758 2706 vel
1778 2632 1858 2730 jure
1876 2637 1971 2731 lnipe·

485 2736 638 2805 ratoriae
655 2730 854 2830 Majeslatis,
875 2731 928 2804 vel
942 2730 1103 2805 Advocati
1122 2727 1316 2802 universalia
1331 2726 1492 2804 Ecclesiae.

620 2885 728 2954 XXV.
755 2881 819 2954 Sed
835 2878 1017 2954 meminisse
1040 2906 1095 2953 eos
1116 2903 1271 2975 oportet,
1301 2877 1476 2979 Jusliniani
1499 2903 1653 2979 tempore
1675 2904 1783 2955 totum
1806 2886 1974 2956 Orientem

504 2975 875 3071 plurimigliaeresibus,
901 2978 1055 3050 videlicet
1071 2981 1162 3060 Arii,
1189 2977 1360 3065 Nestorii,
1385 2980 1597 3074 Eutychetis,
1624 2982 1743 3075 hisque
1767 2986 1801 3051 in
1823 2985 1919 3055 multi
1944 2982 1975 3052 li·

504 3097 560 3143 ces
582 3099 691 3144 ramos
707 3074 833 3157 divisis,
858 3077 998 3171 aliisque
1014 3077 1188 3171 oppletum
1207 3074 1319 3158 fuisse,
1346 3103 1411 3149 non
1429 3103 1553 3171 paucos
1572 3079 1706 3173 insuper
1721 3078 1908 3177 Episcopus
1921 3008 1973 3151 his

398 3163 406 3188 ¹
505 3165 674 3242 scabiebus
699 3169 1004 3246 insessosCanones
1025 3179 1098 3256 CC,
1132 3176 1263 3246 decreta
1285 3180 1500 3246 Summarum
1526 3177 1634 3252 Pu&
1656 3175 1977 3250 EcclehasticasSan·

505 3266 634 3342 aiones
653 3294 885 3366 quascunque,
910 3296 1004 3341 more
1021 3273 1173 3344 omnium
1194 3276 1426 3345 hereticorum
1448 3277 1628 3346 temerario
1649 3275 1735 3369 pede
1758 3274 1974 3372 proculcasse;

504 3360 682 3439 fortiorem
698 3370 842 3465 proinde
855 3369 1113 3455 authoritatem,
1144 3391 1244 3466 quam
1273 3371 1326 3441 vel
1345 3373 1439 3442 inviti
1462 3395 1554 3445 metti
1583 3397 1686 3469 poenae
1710 3377 1862 3446 revereri
1887 3375 1976 3447 deba·

503 3462 603 3549 baut,
626 3465 1022 3574 interppnerenecessum
1038 3463 1121 3551 suit;
1148 3469 1237 3539 unde
1258 3468 1410 3565 plerique
1425 3467 1625 3553 existimant,
1660 3470 1887 3565 Justinianum
1905 3476 1976 3570 Epi·

504 3562 672 3659 pharii&
697 3570 830 3636 Mennae
853 3562 1095 3665 Episciiporum
1120 3569 1376 3661 Cpolitanotum
1399 3564 1604 3658 suggestione
1624 3592 1838 3643 occurrentes
1862 3571 1975 3644 dehac

409 3699 411 3704 ·
505 3662 647 3732 materia
663 3665 695 3732 in
713 3664 836 3733 Codice
853 3670 956 3755 Leges
972 3691 1013 3757 eo
1027 3660 1093 3734 fine
1106 3660 1258 3744 edidisse.
1276 3688 1312 3736 ut
1330 3667 1362 3737 ἃ
1379 3664 1540 3760 majorem
1558 3666 1794 3742 authoritatem
1815 3670 1850 3741 dc
1866 3689 1973 3766 prom·

504 3761 653 3854 priorem
670 3763 897 3833 executionem
913 3764 978 3833 illis
993 3760 1198 3835 conciliaret.
1248 3770 1298 3833 alc
1318 3791 1432 3837 retcra
1449 3789 1519 3834 tem
1541 3764 1585 3836 lta
1600 3762 1632 3835 se
1647 3765 1770 3838 habere
1786 3764 1865 3838 satis
1878 3768 1972 3837 matii·

504 3851 625 3927 sellum
646 3858 798 3929 redditur
812 3884 850 3928 eit
865 3884 925 3937 eo,
952 3862 1040 3952 quod
1056 3857 1197 3931 Ecclesia
1211 3861 1417 3936 Universalis
1437 3864 1594 3935 Codicem
1636 3861 1788 3935 usliniani
1811 3864 1971 3958 &conga-

504 3950 568 4024 slas
585 3959 616 4026 in
630 3957 688 4026 illo
705 3957 793 4047 leges
808 3953 992 4037 admiserit,
1018 3955 1296 4052 probaveritque,
1323 3961 1412 4059 quod
1429 3959 1503 4031 sane
1518 3987 1583 4032 non
1604 3867 1747 4044 llciisei,
1780 3959 1803 4034 fi
1828 3966 1972 4059 lmpert·

506 4069 562 4118 tot
577 4056 693 4123 Laicus
717 4050 890 4148 praediElas
908 4053 1166 4125 Constitutiones
1183 4055 1224 4124 de
1241 4058 1341 4139 Fide,
1369 4056 1518 4129 Ecclesiia
1543 4060 1575 4129 u
1594 4057 1744 4155 personis
1759 4060 1972 4133 Cleriealibut

506 4140 562 4222 sua
584 4155 679 4229 tinius
700 4154 901 4225 authoritate
917 4149 1111 4228 condidisset
1126 4176 1161 4222 ac
1177 4152 1430 4248 promulgasset:
1457 4159 1541 4228 Sanc
1556 4157 1634 4229 dum
1648 4155 1854 4253 justinianus
1871 4157 1974 4231 abEe·

505 4242 600 4313 elesa
617 4250 753 4324 minime
768 4275 903 4341 rogatus
919 4249 975 4322 suo
992 4249 1090 4321 solius
1107 4248 1246 4322 arbitrio
1261 4252 1415 4324 Ediclum
1430 4278 1544 4327 contra
1558 4259 1620 4327 tria
1641 4255 1696 4327 illa
1713 4251 1837 4326 famosa
1855 4260 1974 4350 capitit-

504 4340 539 4413 la
553 4343 676 4435 Synodi
694 4347 966 4426 Chalcedonensis
987 4348 1028 4420 de
1049 4347 1222 4423 erroribus
1242 4354 1418 4423 Theodori
1442 4352 1689 4448 Mopsuesteni,
1720 4351 1788 4429 lbae
1812 4355 1975 4429 &Theo-

507 4437 636 4521 doreti,
660 4437 718 4510 sub
736 4440 881 4537 specioso
899 4471 1075 4542 praeteittu,
1101 4447 1191 4544 quod
1210 4448 1273 4521 hoc
1290 4451 1391 4522 modo
1407 4452 1570 4547 Accphali
1586 4476 1702 4522 omncs
1717 4451 1818 4547 hujus
1836 4453 1975 4529 concilii

505 4533 641 4610 decreta
657 4561 813 4634 prompte
828 4543 928 4614 essent
950 4544 1149 4637 suscepturi,
1182 4548 1328 4641 impulsu
1347 4547 1524 4619 Theodori
1546 4547 1800 4648 Archiepiscopi
1823 4550 1975 4624 Caesareae

504 4636 542 4716 iti
556 4636 767 4739 Cappadocia
788 4639 952 4745 publicati
968 4638 1119 4750 jussssct,
1151 4650 1319 4750 externplo
1340 4650 1374 4724 S.
1399 4649 1564 4746 sigilium
1585 4652 1709 4747 Papam
1730 4649 1848 4750 primii
1870 4647 1976 4726 absen-

603 4759 613 4768 ”
1911 4768 1977 4826 tem
