5017 5592
572 623 647 716 A„
670 611 831 728 qirir.
849 615 894 692 ii.
919 560 1502 715 aestuosissimum
1526 609 1800 734 roisnato
1820 617 1887 695 uc·
1918 645 1989 720 iii

469 829 481 842 ¹
630 796 781 869 Secundo
796 819 941 892 quaero,
963 797 1038 893 quis
1055 793 1091 868 lit
1105 793 1264 878 offellus,
1284 798 1344 889 (r)
1369 800 1466 889 quode
1487 798 1572 888 salla
1589 801 1697 890 duplici
1720 803 1893 881 solatione,
1914 803 1995 894 poffit
2054 805 2066 824 '

509 900 738 989 institimus,
759 922 799 966 art
818 898 954 984 [eiusde.
1005 899 1088 976 Dic,
1113 895 1226 991 quod,
1249 893 1271 965 fi
1296 919 1363 966 nott
1383 893 1490 988 potest
1504 899 1600 967 inniti
1619 903 1732 990 prime,
1751 923 1784 970 et
1804 895 1826 966 ss
1849 897 1903 968 illo
1926 923 1994 972 nou

468 1063 469 1068 ,
513 998 642 1076 tenuit,
656 1018 695 1064 et
712 991 810 1065 debet
825 987 999 1066 restituere¹
1017 987 1147 1062 frublus
1195 1017 1348 1089 eroeptos
1364 1017 1469 1087 saque
1484 995 1525 1066 ad
1546 995 1723 1086 (siqudem,
1749 1022 1786 1068 ex
1802 1018 1870 1090 quo
1886 997 1995 1092 illegi-

479 1175 488 1184 ,
516 1096 743 1170 time-tenuit:
773 1095 850 1163 alins
871 1118 937 1164 non
958 1091 1094 1163 deberet
1115 1018 1347 1173 relbruermsi
1372 1091 1527 1187 potuisset
1556 1094 1650 1162 inniti
1672 1098 1806 1190 printe,
1832 1114 1862 1164 tt
1882 1099 1917 1178 fii
1936 1123 1996 1168 trit

511 1195 737 1287 ell‘dispiitstt's
752 1196 787 1261 de
802 1212 909 1262 venti.
957 1190 1080 1261 Etboe
1109 1191 1280 1286 procedit,
1308 1188 1443 1285 qutin'do
1466 1191 1661 1262 collationes
1690 1191 1785 1266 ambe
1807 1186 1881 1263 sunt
1904 1189 1992 1266 folle

512 1297 609 1370 eidem
641 1290 704 1382 (a)
730 1288 892 1386 persone:
928 1310 1037 1360 tanien
1063 1287 1117 1358 alii
1142 1311 1258 1360 contra
1283 1286 1350 1384 (3)
1384 1287 1583 1372 voluerunt,
1604 1289 1826 1386 intelligentes
1852 1313 1928 1364 tert.
1953 1290 1995 1365 de

516 1385 752 1469 collationibus
767 1390 867 1490 etism
890 1381 986 1459 fadis
1003 1388 1138 1476 diiieisss.

1067 1545 1439 1618 NOTAE.

562 1697 591 1741 1.
617 1675 774 1742 Effesturu
795 1676 880 1740 huuc
899 1675 1034 1757 exposui
1052 1695 1081 1739 n.
1096 1674 1148 1758 56.

559 1812 590 1859 2.
615 1793 726 1880 Varqis
740 1793 829 1873 super
849 1792 914 1855 hoc
929 1794 1088 1856 Autoruni
1106 1792 1279 1875 opiniones
1298 1792 1373 1856 vide
1392 1809 1480 1858 nuni.
1495 1791 1551 1858 cit.

560 1933 591 1997 3.
616 1912 698 1980 Vide
716 1932 803 1975 nuni.
815 1930 867 1994 54
880 1924 912 1975 et
930 1927 981 1995 55.

637 2067 670 2142 6.
692 2039 807 2140 ¹Venio
825 2066 863 2136 sd
882 2066 926 2158 gl.
943 2064 1000 2139 Gl.
1016 2065 1038 2134 i.
1058 2060 1123 2134 ibi:
1148 2065 1277 2139 baritis.
1302 2066 1336 2136 in
1360 2061 1416 2136 fin.
1436 2063 1492 2136 liic
1518 2067 1706 2163 requiritur
1721 2053 1910 2162 siibsitiptit.
1949 2071 1998 2143 Es

518 2168 565 2264 gl.
583 2165 655 2239 infi
683 2193 784 2262 uppo.
804 2190 954 2246 vitietur,
979 2161 1069 2257 quod
1082 2164 1115 2231 in
1130 2162 1328 2235 alienatione
1345 2190 1411 2234 uun
1433 2159 1550 2236 l'ufficit
1567 2173 1680 2236 tsii'iiit
1702 2167 1884 2238 conl'eul'us.
1906 2165 2000 2264 supr.

518 2292 548 2339 c.
565 2269 659 2364 proxi
690 2292 753 2335 tiini
769 2268 801 2349 fi.
830 2266 890 2354 (t)
915 2263 995 2332 l'olu.
1015 2265 1066 2328 dic
1088 2263 1140 2329 bit·
1159 2265 1191 2328 in
1216 2261 1414 2333 alienatione
1435 2263 1486 2332 vel
1509 2261 1906 2356 coticellionetetspstalt,
1922 2290 2001 2336 cun·

519 2373 661 2438 trariuni
676 2368 708 2431 in
722 2387 886 2455 perperna:
915 2365 964 2429 vel
990 2362 1041 2427 dic
1061 2382 1266 2428 eontrarium
1289 2362 1442 2456 procedit
1458 2365 1491 2430 in
1511 2364 1708 2433 alienatione
1726 2387 1832 2457 magite
1846 2370 1914 2446 tei,
1945 2365 2001 2436 hie

513 2487 687 2560 partierit:
714 2463 792 2529 alias
810 2455 886 2529 eliet
906 2453 1077 2529 uecellaria
1093 2458 1193 2527 etiarn
1209 2481 1367 2528 autoritas
1384 2461 1591 2554 Superioris.
1608 2463 1717 2532 XVll.
1736 2485 1770 2555 q.
1785 2489 1818 2552 4.
1842 2469 1873 2531 t'n
1887 2465 2000 2533 venili-

518 2564 671 2640 tt'tntbiii‚
692 2581 722 2629 tt
747 2565 783 2628 dr
800 2564 859 2629 reli.
875 2563 958 2628 stile.
984 2582 1040 2626 rtis
1055 2560 1109 2625 alt.
1126 2561 1236 2624 cludam
1255 2559 1305 2624 lib.
1326 2563 1384 2631 VI.
1434 2558 1528 2628 idem
1550 2556 1693 2652 disputat
1716 2559 1828 2630 Barth,
1849 2562 1928 2627 Bm
1965 2578 2000 2630 gt

519 2660 656 2730 Dunrss.
677 2681 711 2728 et
727 2663 774 2728 lo.
794 2656 899 2727 Andr.
922 2651 993 2750 poll
1009 2673 1066 2722 eos
1081 2657 1113 2721 in
1138 2649 1272 2743 regula,
1297 2660 1349 2743 qiii
1374 2675 1454 2725 tacet
1471 2653 1512 2726 de
1535 2679 1604 2747 reg.
1623 2661 1688 2725 iur.
1706 2654 1761 2724 lib.
1778 2657 1860 2735 vt,
1878 2655 1930 2725 vbi
1949 2649 1998 2726 fa·-

517 2764 567 2829 e'it
589 2755 760 2848 tegulam,
785 2765 863 2847 qiisil
882 2779 916 2822 tir
934 2754 1164 2821 alienationibus
1187 2757 1354 2841 ttqtii'tttrit
1378 2752 1530 2844 consensus
1549 2757 1680 2848 capitali
1705 2753 1852 2845 txpteffiis
1873 2755 2002 2840 satisfit,

515 2859 602 2927 titius
618 2860 659 2923 tei
671 2855 709 2944 fit
722 2857 876 2923 alienatio.
927 2853 1006 2919 Hoc
1022 2842 1106 2918 fallit
1119 2848 1153 2917 in
1168 2848 1367 2920 alienatione
1380 2855 1492 2920 inedita
1510 2856 1565 2921 rei.
1615 2855 1699 2922 ltent
1715 2847 1857 2922 secundo
1871 2853 1903 2922 iti
1922 2875 1999 2922 ron·

517 2947 661 3027 eeffione
680 2950 917 3043 temporalium
934 2970 1046 3019 rerum
1062 2953 1288 3038 temporaliter,
1307 2949 1340 3017 in
1361 2946 1480 3042 quibus
1494 2942 1614 3020 lufficit
1628 2947 1801 3021 consensus
1820 2959 1947 3022 tsiitiii:
1967 2955 2002 3022 iu

518 3056 596 3121 aliis
620 3046 871 3119 alienationibus
890 3049 1075 3141 requiritur
1100 3047 1248 3138 expreffiit
1271 3043 1456 3117 consensus.
1488 3047 1598 3138 Alleg.
1621 3071 1648 3119 t.
1671 3056 1695 3120 i.
1719 3050 1831 3119 deteb.
1853 3054 1921 3119 sttl.
1944 3071 2004 3120 nott

520 3154 615 3221 alten.
637 3153 666 3216 iii
695 3155 771 3227 Vi,
798 3147 851 3212 vbi
877 3147 1061 3237 requiritur
1082 3149 1252 3223 stadariis,
1279 3147 1337 3237 qui
1361 3142 1426 3215 sine
1450 3146 1581 3237 expteffo
1612 3143 1769 3219 consensu
1793 3146 1909 3217 haberi
1933 3171 2001 3218 tion

520 3241 652 3344 potest:
678 3269 759 3334 ergo
783 3243 845 3312 dre.
874 3243 889 3296 i
899 3247 933 3325 π)
963 3237 1108 3308 Attende
1132 3261 1261 3318 tamen,
1284 3242 1392 3333 quod,
1422 3240 1477 3310 sbi
1501 3242 1585 3324 dixi,
1607 3243 1698 3338 quod
1724 3243 1858 3339 quando
1884 3245 2005 3314 aliens·

521 3349 573 3416 tio
591 3340 638 3412 el't
655 3349 694 3411 ad
712 3366 826 3433 tinipiis
843 3334 946 3416 fidia,
965 3336 1055 3431 quod
1073 3329 1191 3403 l'ufficir
1206 3344 1319 3404 tacitus
1334 3333 1526 3418 consensus,
1550 3363 1610 3409 nec
1637 3343 1824 3434 requiritur
1845 3364 1933 3412 tanto
1954 3338 2003 3412 so·

524 3444 682 3519 leonitas,
699 3437 742 3508 ell
759 3461 894 3515 terunt,
918 3433 1052 3529 quando
1069 3430 1115 3501 ell
1130 3437 1167 3499 de
1183 3435 1299 3503 modiis
1320 3459 1353 3504 te
1370 3429 1470 3505 fadis.
1519 3435 1583 3506 Sed
1600 3433 1622 3504 si
1639 3440 1676 3505 de
1692 3461 1725 3504 te
1746 3459 1900 3521 maxims,
1926 3439 2006 3509 lieet

523 3547 567 3613 ad
584 3561 695 3633 tempsi
711 3535 767 3606 fiat
788 3530 966 3612 concello,
991 3531 1175 3626 requiritur
1186 3527 1370 3620 solennitas,
1396 3553 1462 3625 que
1483 3529 1530 3602 est
1553 3553 1728 3627 perpetus.
1778 3536 1829 3603 lta
1845 3534 1925 3604 dicit
1947 3534 2004 3626 Jo.

524 3638 663 3711 Andro
681 3634 785 3703 addit.
802 3634 934 3727 Specul.
951 3633 984 3698 in
1002 3632 1053 3702 tit.
1075 3629 1116 3698 de
1128 3625 1228 3698 rebus
1244 3627 1358 3699 eccles.
1376 3654 1442 3698 non
1457 3627 1530 3697 alie.
1556 3634 1585 3719 q.
1605 3657 1635 3698 i.
1658 3629 1697 3698 ad
1713 3625 1744 3699 fi.
1772 3633 1834 3722 (3)
1860 3635 1922 3700 Per
1941 3631 2003 3704 liec
2057 3657 2072 3690 ο

524 3734 628 3809 verba
643 3729 748 3829 pollet
765 3732 846 3811 dici,
870 3729 960 3824 quod
980 3726 1032 3796 vbi
1057 3749 1212 3816 ageretur
1235 3711 1272 3794 de
1286 3727 1456 3818 pitvifisite
1477 3732 1577 3823 magni
1599 3729 1733 3822 benefitii
1754 3751 1820 3799 nori
1843 3723 2006 3802 sufficeret

526 3838 641 3905 tacitis
656 3827 846 3909 consensus,
870 3831 940 3898 imo
955 3829 1148 3920 requiratur
1166 3823 1323 3917 expieffiis.
1349 3819 1413 3919 (4)

1079 3992 1118 4057 N
1167 3990 1199 4058 Ο
1247 3984 1284 4058 Τ
1329 3997 1362 4058 Α
1411 3993 1451 4071 Ε,

574 4144 603 4188 1.
630 4126 704 4188 Cum
717 4115 1216 4210 firpotiusttitmitos,&est
1234 4119 1430 4203 tap.3.lt.t.

572 4282 604 4329 2.
627 4260 726 4324 Lusus
746 4260 979 4323 diuinationuot
997 4255 1088 4318 lunt:
1110 4262 1222 4345 textus
1241 4256 1384 4339 loquitur
1401 4258 1438 4320 dt
1458 4261 1626 4344 coseefflont
1642 4258 1789 4329 desintne,
1811 4277 1875 4322 nou
1891 4261 2002 4323 adden·

650 4346 712 4414 do,
740 4345 846 4424 magni
867 4340 981 4408 suerit,
1004 4336 1166 4399 inmodici
1189 4339 1332 4412 valoris,
1352 4359 1411 4400 neo
1424 4342 1555 4403 verbum
1574 4339 1669 4403 habet
1688 4339 1729 4402 de
1743 4341 1943 4424 coprelstone
1965 4340 2007 4402 ad

647 4437 780 4504 tempus,
804 4443 867 4484 non
889 4424 977 4484 licuit
990 4422 1088 4501 igitur
1109 4417 1293 4506 interpreti:
1316 4422 1474 4486 eiusmodi
1489 4423 1701 4486 additamenta
1723 4423 1877 4488 inuenire.
1920 4421 2004 4488 Vlda

647 4527 733 4570 uum.
747 4519 795 4590 58.
815 4506 846 4567 dr
866 4506 908 4567 ibi
927 4505 1145 4566 remiiiionetn.

573 4648 604 4708 3.
630 4627 691 4692 Hic
712 4625 854 4708 agnoscit
871 4621 943 4690 AN
947 4621 976 4688 Τ
975 4623 1055 4689 oui
1062 4621 1121 4691 US
1135 4622 1273 4688 limitans
1282 4619 1464 4767 ‚Zepiqinaln
1487 4617 1678 4691 alienatione
1691 4623 1734 4691 ad
1755 4631 1873 4706 lempst
1893 4612 2010 4760 12quss
