5017 5592
441 578 577 741 'azo
679 721 687 730 .
949 643 1533 727 utssunnaxto
1653 707 1656 712 ,

1139 860 1174 948 9.
1225 857 1350 942 Vlll.

550 988 552 990 ¹
622 996 716 1073 Cum'
730 995 931 1096 plerumque
946 992 1118 1088 Principes
1140 993 1281 1089 Imperii
1298 986 1511 1066 Eccleliastici
1531 988 1771 1066 constituantur
1793 1011 1989 1067 executores

505 1101 745 1202 primariorum
760 1116 920 1189 precum,
951 1090 1122 1161 hiantem
1144 1094 1358 1181 negotiorum
1374 1088 1639 1185 publicorum&
1664 1089 1814 1163 Ecclesia
1839 1092 1989 1164 dxte‘tti·

506 1200 587 1274 rorii
607 1193 812 1289 mulcatque
828 1186 1059 1281 magnitudine
1071 1187 1274 1269 obruantur,
1300 1184 1443 1258 suumin
1465 1189 1577 1259 lucum
1592 1188 1673 1260 alios
1691 1187 1889 1262 substituere
1912 1185 1989 1284 pos·

505 1295 600 1376 sunt,
625 1295 675 1364 uti
692 1286 964 1366 subexecuturcs,
988 1286 1079 1380 quud
1095 1284 1137 1358 de
1151 1284 1229 1380 jure
1243 1289 1336 1356 omni
1356 1308 1447 1356 caret
1469 1284 1591 1366 dubio,
1624 1310 1700 1358 cum
1726 1289 1817 1359 cnint'
1840 1287 1988 1380 delegari

370 1436 372 1442 ·
504 1390 627 1467 summi
642 1388 807 1483 Principis
823 1373 1028 1458 commill'am
1044 1380 1103 1454 fibi
1117 1380 1387 1479 jurisdictionem
1403 1381 1475 1452 aliis
1491 1380 1707 1478 subdelegare
1722 1384 1870 1467 valeant,
1894 1386 1988 1480 juxta

458 1568 463 1577 ,
505 1492 595 1565 clara
608 1487 682 1584 jura
695 1486 737 1581 a)
761 1481 828 1554 illis
843 1480 943 1552 talem
958 1478 1123 1575 denegare
1142 1503 1242 1553 nemu
1257 1466 1622 1578 poteritlacullatem:
1652 1481 1741 1582 unde
1761 1507 1871 1556 tamen
1895 1507 1987 1577 quae·

506 1583 571 1662 ssiu
585 1581 733 1674 exsurgit
747 1580 810 1651 alia
826 1577 881 1649 hic
895 1576 1043 1651 breviter
1060 1577 1251 1651 enodanda:
1277 1599 1393 1649 utrum
1408 1577 1445 1648 hi
1465 1600 1658 1649 executores
1678 1578 1821 1671 delegati
1847 1582 1986 1676 quosvis

507 1685 648 1767 clericos
662 1681 703 1751 ad
723 1677 757 1750 id
771 1676 921 1749 muneris
934 1675 1163 1771 exequendum
1179 1673 1355 1766 surrogarc
1376 1678 1521 1769 queant?
1552 1679 1777 1748 communiter
1797 1680 1876 1749 DD.
1889 1680 1986 1774 Juris

428 1829 432 1840 ·
508 1781 669 1856 Canonici
688 1779 722 1846 in
737 1774 929 1847 sententiam
952 1772 1137 1844 concedunt
1161 1795 1354 1864 negantem,
1387 1769 1606 1843 desiderantes
1630 1777 1663 1845 in
1686 1774 1890 1867 ejuscemodi
1914 1772 1990 1844 sub·

508 1873 740 1965 executoribus
768 1868 939 1966 requisitas
966 1869 1160 1965 qualitates,
1186 1872 1219 1939 itl
1247 1868 1318 1949 cll,
1345 1893 1382 1938 ut
1411 1870 1571 1960 dignitate
1593 1872 1735 1966 quadam
1766 1870 1986 1946 Ecclefiaslica

506 1970 749 2078 prefulgeant,
766 1991 822 2039 aut
837 1967 995 2038 Canonici
1013 1966 1185 2063 cujusdam
1210 1964 1357 2036 Ecclcfiae
1374 1967 1583 2036 Cathedralis
1606 1967 1756 2039 exiliant:
1780 1993 1897 2040 verum
1915 1971 1986 2041 hac

507 2075 627 2170 opinio
641 2069 794 2139 innititur
807 2087 1047 2163 praecunccptae
1062 2088 1180 2136 eorum
1194 2060 1369 2134 nullorum
1386 2061 1571 2145 sententia,
1592 2065 1647 2159 jus
1662 2068 1900 2161 primariorum
1909 2090 1988 2163 pre·

444 2159 448 2173 ⁵
505 2193 586 2245 cum
604 2165 644 2237 ab
668 2162 798 2236 indulto
819 2159 1014 2258 Apullulico
1036 2162 1190 2233 duntaxat
1212 2163 1453 2256 repetentium:
1477 2187 1553 2232 cum
1574 2186 1684 2235 autem
1705 2187 1742 2234 ex
1765 2163 1917 2258 lupetius
1933 2164 1987 2234 dia

503 2264 571 2341 flia
589 2288 656 2337 noo
678 2258 878 2334 omnimoda·
898 2260 1030 2330 veritati
1046 2258 1080 2329 id
1099 2256 1272 2340 consonet,
1297 2261 1502 2329 contrarium
1529 2261 1696 2330 nonnullis
1716 2257 1923 2333 asserendum
1938 2264 1986 2333 vi·

367 2366 371 2373 ’
508 2364 663 2443 debitur,
692 2356 848 2430 videlicet
869 2353 1123 2437 subexecu'turcs
1144 2379 1362 2452 quoscunque
1385 2360 1474 2428 viros
1496 2356 1639 2428 clericali
1662 2357 1779 2430 urdine
1800 2356 1984 2451 instgaitos,

507 2462 546 2537 dc
560 2459 639 2532 alias
657 2456 768 2529 debita
785 2478 824 2528 ea
842 2456 877 2524 iu
894 2476 931 2525 re
954 2450 1086 2526 scientia
1109 2453 1254 2525 imbutus
1270 2451 1425 2551 deputati
1444 2451 1551 2551 pulle:
1573 2477 1606 2526 st
1627 2456 1714 2526 hunc
1730 2453 1922 2553 scrupulum
1937 2451 1988 2528 fa·

497 2555 573 2635 ‘uile
588 2553 634 2628 est
649 2554 795 2632 diluere,
814 2574 892 2623 nam
904 2550 1199 2645 quemadmodum
1217 2574 1433 2622 executurum
1457 2554 1569 2622 munia
1589 2577 1629 2623 ex
1656 2552 1793 2624 indultis
1814 2553 1986 2649 Apostoli:

506 2660 557 2731 eis
582 2652 731 2751 &praxi
753 2645 914 2721 all'umere
936 2670 1123 2744 nequeunt,
1147 2646 1205 2718 nist
1228 2652 1291 2717 viri
1315 2647 1530 2737 indignitate
1559 2648 1778 2721 Ecclefialiica
1802 2648 1984 2733 constituti,

505 2755 608 2829 itaer
623 2748 741 2823 eodetn
757 2768 930 2818 momento
946 2743 1197 2819 subexecutores
1210 2769 1310 2839 agere
1324 2744 1414 2817 haud
1428 2769 1607 2842 poterunt,
1624 2745 1684 2820 nist
1698 2750 1823 2846 iteruin
1838 2749 1985 2847 quadam

507 2851 671 2945 dignitate
691 2841 901 2920 ecclefiallica
924 2841 1102 2916 constituti.

468 3019 470 3032 '
549 3016 590 3100 u)
609 3012 749 3168 Cffissp.
766 3009 802 3075 dc
822 3028 890 3094 cap.
905 3008 961 3076 fin.
978 3011 1019 3075 de
1035 3008 1129 3081 onie.
1148 3009 1295 3110 Delegxt.
1313 3032 1381 3097 cap.
1396 3029 1445 3078 11.
1462 3013 1501 3077 de
1523 3010 1672 3098 Rescript.
1689 3013 1722 3078 iu
1735 3012 1766 3077 6.
1783 3011 1820 3078 L.
1835 3029 1865 3095 5.
1884 3009 1919 3077 C.
1936 3011 1978 3076 de

1129 3214 1132 3222 ’
1179 3216 1209 3307 ς,
1257 3210 1326 3287 ut.

596 3384 602 3394 ·
621 3357 781 3437 Officium
796 3383 1011 3437 executurum
1025 3363 1127 3435 variis
1141 3363 1250 3436 modis
1267 3362 1409 3463 exspirat
1422 3367 1449 3439 1.
1465 3386 1528 3464 per
1542 3385 1687 3440 mortem
1703 3385 1833 3438 eorum.
1852 3365 1899 3436 11.
1940 3387 1980 3438 er

504 3465 752 3538 revocationem
776 3460 933 3546 casaria,
954 3464 1105 3559 quamvis
1126 3461 1161 3532 id
1180 3488 1246 3535 non
1269 3462 1371 3536 soleat
1394 3462 1478 3538 lieri.
1503 3469 1565 3536 ΙΙΙ.
1583 3491 1644 3562 per
1667 3463 1795 3536 obitum
1820 3386 1983 3557 procide,

506 3585 686 3659 antequam
712 3554 910 3636 beneficium
933 3562 1189 3657 impetraverit,
1208 3585 1277 3631 non
1303 3581 1413 3632 tamen
1439 3587 1502 3659 per
1527 3586 1671 3633 mortem
1702 3558 1839 3633 Caesaris
1862 3582 1980 3656 preces

505 3659 736 3743 concedentis,
755 3657 949 3741 e'xratiune,
963 3657 1053 3755 quod
1069 3656 1121 3729 'ua
1137 3655 1284 3755 precistae
1302 3683 1341 3730 ex
1358 3657 1456 3758 supra
1472 3656 1568 3731 diliis
1587 3683 1658 3731 tum
1673 3684 1739 3731 non
1756 3660 1981 3749 extinguatur.

428 3849 431 3856 Ι
504 3762 569 3831 IV.
593 3781 655 3852 per
671 3781 787 3833 omnes
808 3755 890 3827 alios
912 3757 1031 3828 modos
1050 3683 1203 3848 daperius
1225 3752 1403 3838 addullos,
1423 3756 1543 3855 quibus
1562 3757 1617 3853 jus
1646 3754 1794 3854 precillae
1816 3756 1980 3847 extingui·

507 3876 580 3935 tur,
603 3878 672 3951 quo
696 3854 787 3941 enim
807 3848 915 3934 facio,
941 3852 1024 3924 nihil
1045 3853 1189 3948 amplius
1209 3855 1459 3937 executoribus,
1481 3857 1571 3949 quod
1592 3875 1707 3948 agant,
1730 3849 1776 3925 est
1795 3850 1979 3947 reliquum·

506 3948 728 4047 Suspenditur
753 3948 871 4021 itidem
896 3950 999 4020 variis
1021 3950 1131 4021 modis
1153 3953 1180 4021 1.
1198 3948 1221 4023 st
1271 3949 1385 4023 rccilla
1406 3949 1603 4024 beneficium
1627 3954 1741 4048 primo
1762 3948 1815 4021 sel
1835 3945 1981 4021 secundo

507 4068 565 4118 aut
583 4047 724 4119 ulterius
748 4069 866 4119 vacans
885 4070 953 4116 non
975 4066 1135 4142 acceptat.
1165 4050 1211 4120 ΙΙ.
1235 3976 1268 4119 li
1284 4051 1383 4119 etiam
1403 4048 1538 4147 aliquod
1560 4073 1677 4121 vacans
1708 4043 1908 4120 beneficium
1929 4069 1982 4117 ac·

506 4166 637 4236 ceptae,
662 4170 729 4216 nun
752 4167 864 4217 autem
887 4135 1033 4215 officium
1057 4144 1279 4217 executuriale
1303 4148 1472 4242 requirat,
1497 4171 1563 4218 non
1589 4148 1679 4217 enim
1705 4149 1849 4242 proprio
1871 4164 1979 4225 motu,

508 4238 634 4335 absque
660 4239 727 4311 ulla
752 4238 900 4339 precillae
921 4237 1162 4337 requifitione,
1184 4244 1332 4314 tnunetis
1355 4242 1412 4313 fibi
1438 4244 1627 4315 demandati
1649 4265 1761 4340 partes
1791 4240 1980 4336 adimplere

507 4357 672 4407 tenentur.
699 4341 762 4408 111.
781 4337 805 4409 st
824 4342 923 4411 etiam
944 4360 1137 4412 executores
1155 4343 1321 4436 requirat,
1342 4338 1396 4409 sed
1415 4365 1530 4436 preces
1553 4338 1624 4412 suas
1644 4363 1740 4411 antea
1759 4338 1811 4409 ael
1828 4339 1980 4430 legitime

505 4458 573 4504 nun
588 4429 761 4504 inlinuavit
782 4435 934 4508 collaturi
954 4436 1144 4517 ordinario,
1171 4438 1223 4508 vel
1246 4460 1400 4532 tempore
1414 4440 1453 4508 ad
1475 4437 1712 4533 acceptandum
1730 4432 1868 4532 praefixo
1882 4436 1983 4508 bene·

504 4528 619 4602 ficiutfi
635 4553 752 4601 vacans
764 4554 831 4601 non
845 4538 1037 4629 acceptavit.
1062 4537 1123 4604 lV.
1144 4532 1166 4605 st
1183 4536 1223 4605 lis
1241 4532 1416 4606 Ecclefiam
1432 4559 1489 4607 aut
1506 4538 1702 4607 collatorem
1721 4532 1874 4605 beneficii
1889 4536 1978 4605 inter

502 4628 540 4709 u
558 4624 736 4729 preciliana
747 4629 894 4717 oriatur,
910 4653 988 4706 nam
1003 4652 1077 4707 tum
1098 4654 1222 4711 munus
1242 4632 1474 4713 executoribus
1494 4653 1688 4732 conpetens
1707 4654 1828 4731 gerere
1850 4652 1978 4726 nequa·

975 4763 977 4768 ·
1590 4787 1604 4802 a
1877 4746 1980 4825 quam
