5017 5592
531 612 603 706 652
816 517 1154 672 utstRTATlo
1206 577 1503 666 cANoNtc0··
1521 588 1743 669 PUBLlCA

644 779 704 845 has
722 775 811 859 leges
831 793 849 836 a
867 771 1028 837 Fridetico
1050 769 1269 834 Romanorum
1293 765 1489 850 Imperatore
1506 768 1588 834 Filio
1610 770 1724 833 nostro
1753 769 1936 838 chariffimo
1961 795 2008 862 pro

645 861 787 927 utilitate
807 859 950 920 omnium
972 853 1218 917 Christianorum
1239 850 1340 914 editas
1360 853 1540 926 laudamus,
1568 856 1810 998 approbamus,
1848 855 1885 920 dc
1911 860 2012 924 confir.

646 960 770 1010 mamus
788 952 936 1020 tanquam
954 939 986 1001 in
1002 948 1163 1000 aeternum
1180 935 1355 1007 valituris,
1387 933 1421 996 dc
1446 934 1539 1016 fiquir
1564 957 1603 997 ru
1619 957 1639 998 u
1665 939 1870 1014 temerario,
1901 941 2011 1006 inimico

645 1025 775 1091 humani
789 1023 914 1105 generis
928 1019 1097 1092 suadente,
1120 1036 1312 1100 quocunque
1326 1018 1425 1078 modo
1446 1017 1503 1080 has
1524 1017 1615 1080 infrin
1643 1037 1697 1079 ere
1718 1023 1922 1098 tentaverit.
1946 1025 2014 1090 indi·

645 1107 831 1192 garcionem
856 1100 931 1166 DEI
953 1102 1192 1186 omnipotentis
1215 1097 1440 1163 &beatorum
1459 1099 1596 1164 Petri&
1618 1037 1714 1166 iculi
1738 1097 2014 1185 Apostoidml.

645 1190 777 1256 noverit
795 1187 1001 1253 incursurum.

1080 1329 1084 1342 ·
1182 1306 1213 1395 b.
1264 1301 1359 1376 Lll.

648 1443 715 1521 Sed
730 1468 812 1519 vero
826 1459 988 1540 quintum
1004 1437 1088 1510 milti
1105 1434 1258 1520 ridetur,
1282 1445 1399 1510 neutra
1414 1434 1500 1509 ratio
1514 1431 1909 1531 satisfecit'argumento
1925 1441 2014 1516 botb-

532 1545 670 1630 sseinii3
696 1545 864 1643 imprimis
888 1538 977 1609 enim
998 1561 1065 1606 non
1085 1537 1210 1618 video,
1235 1536 1315 1630 quid
1340 1537 1498 1632 ponderis
1520 1558 1576 1607 out
1599 1535 1829 1629 obligationis
1855 1539 1931 1637 plus
1955 1541 2013 1614 trib

534 1633 720 1741 acceptatio
750 1634 960 1737 principibus
987 1635 1164 1728 imponere
1193 1630 1318 1729 pollit3
1343 1658 1453 1706 nonne
1471 1634 1554 1704 aliae
1575 1636 1674 1706 etiam
1706 1641 2014 1712 communitatesiu

532 1741 718 1838 Republica
738 1735 910 1810 existentes
926 1733 994 1801 imo
1010 1733 1093 1800 adeo
1111 1733 1232 1825 privati
1257 1733 1465 1827 privilegius
1486 1730 1697 1827 Principibus
1717 1729 1782 1803 libi
1808 1733 1956 1810 corcella
1977 1761 2015 1809 ec·

531 1843 692 1936 ceptam?
713 1834 774 1934 (ad
797 1831 878 1930 quid
900 1831 988 1902 enim
1010 1829 1227 1920 Privilegium
1252 1854 1319 1900 non
1345 1852 1550 1927 acceptatum
1577 1827 1722 1926 profici)
1751 1853 1799 1901 an
1826 1835 1907 1905 inde
1927 1832 2014 1931 sequi·
2043 1895 2049 1926 4

532 1961 616 2020 tur,
637 1961 677 2006 ee
701 1936 825 2005 idcirco
846 1923 909 2001 elle
927 1924 1182 1999 irrevocabilia?
1204 1950 1357 1999 revocata
1381 1921 1562 2025 saepiffrme
1584 1925 1681 2007 sunt,
1711 1949 1825 2025 etque
1848 1935 2014 2004 etiamnum
2047 1939 2049 1950 '

533 2054 752 2113 revocantur,
773 2052 882 2125 neque
895 2021 1017 2118 injusto
1031 2024 1066 2094 id
1082 2020 1157 2100 fieri
1179 2024 1355 2097 dicendum
1371 2021 1435 2105 est,
1459 2048 1534 2095 utut
1552 2027 1641 2096 enim
1668 2047 1854 2123 acceptata
1877 2027 1939 2102 fint
1955 2017 2013 2128 p'ri·
2047 2019 2049 2076 5

422 2191 428 2214 .
531 2135 830 2226 elementarem
852 2123 1046 2223 privilegia,
1070 2122 1167 2218 (quia
1190 2146 1325 2195 manent
1345 2125 1570 2217 exemptiones
1589 2148 1607 2192 a
1628 2119 1727 2214 lege)
1754 2123 1920 2223 adeoque
1934 2151 2013 2201 rem·
2048 2171 2049 2210 ÷

400 2229 412 2238 ’
532 2231 652 2307 rabilia
668 2279 676 2309 ‚
697 2231 798 2324 quia,
824 2226 883 2320 qui
899 2220 1045 2317 aliquem
1060 2215 1200 2313 potesta
1218 2220 1293 2312 lege
1317 2223 1479 2301 eximere,
1504 2217 1611 2315 potest
1628 2243 1707 2291 eum
1732 2219 1856 2318 ipsum
1878 2251 1919 2300 ex
1936 2223 2012 2322 juliis

532 2326 721 2405 rationibus
747 2325 813 2415 legi
835 2326 957 2408 iterum
987 2314 1166 2412 subjicere,
1190 2342 1325 2411 crgoex
1346 2319 1426 2399 hoe,
1451 2318 1540 2414 quod
1561 2317 1742 2413 privilegia
1770 2322 2012 2398 immunimus

531 2425 575 2502 ab
595 2420 738 2499 Ecclcfia
759 2416 886 2493 fuerint
910 2438 1096 2513 acceptata,
1115 2440 1182 2487 non
1196 2415 1364 2514 sequitur,
1384 2440 1422 2489 ea
1438 2417 1588 2488 revocari
1603 2438 1669 2487 non
1685 2410 1799 2514 posse.

647 2578 757 2659 Dein,
778 2571 837 2648 ubi
852 2574 1011 2667 Princeps
1026 2567 1078 2664 jus
1104 2569 1301 2644 canonicum
1318 2571 1351 2642 in
1376 2569 1476 2643 rebus
1501 2566 1744 2668 temporalibus
1761 2593 1838 2665 pro
1862 2572 1921 2650 suo
1935 2561 2011 2652 terd'

532 2680 625 2756 torio
638 2679 777 2771 recipit,
800 2671 877 2745 inde
899 2669 974 2743 suos
991 2691 1118 2741 rantum
1141 2665 1289 2742 subditos
1307 2666 1459 2762 obligat,
1485 2694 1551 2739 non
1569 2692 1679 2742 autem
1696 2665 1734 2741 se
1754 2670 1903 2763 ipsum,
1928 2690 2008 2770 etque

531 2781 612 2855 hinc
636 2798 777 2848 canones
800 2769 981 2869 petralem
1004 2770 1233 2863 receptionem
1259 2765 1442 2838 sortiuntur
1464 2767 1621 2862 equidem
1643 2769 1713 2836 rim
1736 2765 1960 2862 obligativam
1974 2773 2009 2844 le·

533 2901 615 2972 gum
631 2874 779 2944 civilium
796 2871 828 2941 ἃ
848 2872 1070 2965 privatarum,
1092 2868 1141 2934 uti
1155 2863 1255 2958 supra
1279 2861 1499 2944 ostendimus,
1527 2888 1720 2936 nontamen
1743 2889 1911 2942 naturam
1926 2889 2007 2964 etque

534 2969 695 3048 effeblum
718 2971 830 3056 legum
854 2963 1064 3059 publicorum
1087 2982 1142 3030 aut
1163 2959 1338 3056 pallorum
1362 2961 1450 3057 ipsos
1469 2966 1639 3057 Principes
1661 2959 1897 3055 obligantium
1915 2963 2006 3042 conlo

531 3089 701 3166 quuntur‚
726 3065 877 3156 adeoque
893 3085 931 3131 ex
950 3052 1122 3151 praetensa
1142 3054 1311 3128 sacrorum
1329 3062 1503 3130 Canonum
1527 3062 1721 3157 receptione
1739 3085 1855 3158 aeque
1870 3070 2003 3139 minusne

534 3189 576 3240 er
608 3161 866 3261 privilegiorum
892 3159 1119 3250 acceptatione
1145 3157 1396 3230 immunitatum
1430 3154 1720 3233 eccleliasticarum
1753 3160 2003 3240 irrevocabilia·
2048 3187 2051 3222 ÷

531 3257 690 3342 infertur.

1168 3386 1203 3487 t.
1250 3385 1371 3463 nur.

652 3523 755 3599 Aliud
773 3522 851 3595 hine
866 3524 968 3606 mihi,
990 3547 1058 3619 quo
1078 3519 1171 3593 illam
1196 3526 1445 3595 immunitatum
1465 3519 1757 3597 ecclelallictrum
1789 3525 1998 3604 irrevocrbili·

534 3647 638 3702 retem
656 3647 769 3706 tuear,
791 3624 997 3719 principium
1020 3621 1065 3694 est
1087 3623 1333 3717 quaerendum,
1357 3646 1465 3718 neque
1488 3619 1608 3695 lortius
1629 3627 1789 3708 invenio,
1816 3628 1878 3701 nisi
1895 3626 1998 3722 horju·
2043 3621 2049 3639 ⁸

533 3727 583 3800 ris
600 3726 749 3818 gentium
765 3720 923 3790 naturalis
937 3722 1143 3817 principium
1154 3721 1405 3816 quammaxime
1419 3715 1684 3795 fundamentale:
1707 3727 1897 3800 Nimirum
1913 3725 1999 3800 omnir
2042 3803 2046 3818 Ι

534 3822 570 3897 dt
592 3842 810 3918 quaecunque
824 3816 899 3910 jura
913 3819 1002 3909 genti
1019 3844 1036 3889 n
1059 3840 1177 3910 gente,
1193 3820 1294 3890 etism
1311 3821 1343 3888 in
1369 3821 1494 3891 mutuis
1518 3822 1727 3905 territoriis,
1753 3822 1999 3924 quocunquejr·
2043 3821 2052 3875 l

535 3918 586 3993 llo
600 3917 749 3990 modo&
773 3915 888 3996 titulo,
911 3914 1055 4011 quaesita
1076 3913 1152 3986 sunt
1172 3914 1392 3997 inviolabilia,
1417 3942 1498 4009 ergo
1522 3922 1622 3989 etiam
1650 3921 1889 3996 immunitates
1905 3949 1921 3996 r
1940 3917 1997 3994 Col·
2043 3930 2053 3975 ῑ

519 4015 631 4092 ,leblis
650 4013 809 4090 Ecclefire
825 4040 841 4083 a
858 4011 1068 4106 Principibus
1084 4013 1241 4093 donatae,
1260 4018 1355 4105 quia,
1378 4015 1542 4111 quidquid
1558 4017 1643 4110 juris
1667 4017 1817 4089 Ecclelia
1833 4047 1851 4091 a
1869 4023 1998 4114 Principe

534 4114 707 4206 adquirit,
733 4114 766 4183 id
784 4132 915 4204 gentem
938 4134 1069 4201 agente
1093 4109 1297 4205 adquisivisse
1322 4112 1519 4184 censendum
1542 4111 1615 4198 ell3
1642 4139 1719 4184 cunr
1744 4121 1840 4190 enim
1859 4122 1997 4212 Princrpr
2044 4125 2049 4168 ἲ

374 4207 380 4218 ’
510 4231 574 4282 aex
593 4214 766 4304 principiis
783 4209 865 4294 iuris
882 4207 1005 4306 publici
1029 4205 1221 4278 univerlitlis
1244 4210 1409 4305 populum
1429 4208 1522 4280 suum
1542 4209 1793 4305 repraesentet,
1818 4235 1996 4310 gentemrc·
2046 4199 2053 4267 i

531 4303 738 4405 praesentor,
763 4308 887 4379 &cum
912 4303 1072 4377 Ecclefiae
1095 4305 1234 4401 perinde
1250 4333 1286 4376 sc
1310 4310 1414 4381 cuivis
1440 4309 1534 4378 alteri
1557 4310 1685 4404 populo
1708 4336 1897 4410 conceptus
1911 4311 1995 4408 gemit
2046 4296 2053 4365 [

534 4403 728 4480 conveniat,
751 4428 854 4497 caque
870 4404 933 4475 sive
950 4403 990 4473 ad
1008 4405 1105 4474 aliam
1120 4402 1295 4476 Eccleliam
1316 4432 1343 4477 v.
1362 4430 1396 4499 g.
1431 4407 1604 4478 Catholica
1625 4405 1997 4493 odLutheranem,fin
2046 4420 2054 4467 t

533 4500 575 4574 ad
599 4496 853 4594 Rempublicam
875 4496 1066 4590 referatur,
1091 4499 1223 4598 semper
1240 4501 1278 4575 stt
1300 4503 1403 4575 libera
1428 4508 1604 4600 quaepiam
1627 4507 1808 4578 hominum
1834 4508 1892 4583 sub
1912 4507 1996 4580 libero
2046 4518 2052 4566 t

534 4591 648 4699 eliquo
664 4619 763 4695 atque
779 4596 1017 4695 independenti
1035 4604 1186 4700 Imperio
1201 4600 1246 4679 ob
1262 4625 1392 4680 certum
1414 4605 1581 4701 quendam
1595 4602 1698 4686 finem
1720 4603 1997 4686 communemunl·
2049 4621 2054 4664 1
