5017 5592
595 675 664 754 na
678 641 1171 774 turiaco-stratorum
1194 669 1387 751 runaut
1410 625 1561 752 cinca
1582 635 1758 755 sucat.
1814 717 1821 727 -
1856 667 1903 760 n

412 881 497 929 ‘aon
516 859 612 951 pauci
644 853 857 937 Menonistae,
880 850 1120 952 Atrabaptissae,
1143 855 1334 937 Sociniani,
1356 854 1502 949 separati
1524 835 1730 929 Pierislarum
1750 879 1852 930 coetus
1868 863 1903 930 in

423 958 612 1027 territoriis
629 952 882 1024 Proteslantium
901 953 1156 1050 conspiciantur.
1205 953 1461 1034 Nihilominus,
1481 959 1528 1026 uti
1546 955 1613 1026 bac
1625 957 1777 1052 exempla
1792 959 1900 1046 legem

419 1052 517 1124 haud
544 1050 681 1131 tollunt,
702 1073 763 1121 nec
787 1046 905 1120 Caesari
925 1048 1081 1145 supremo
1104 1050 1216 1140 legum
1238 1049 1385 1132 vindici,
1412 1050 1596 1147 &Judici,
1614 1048 1900 1145 'transgressiones

417 1148 625 1228 cohibendi,
647 1152 708 1244 Jus
726 1150 895 1239 eripiunt,
914 1148 959 1216 ita
980 1147 1139 1239 benignos
1158 1145 1231 1216 illos
1248 1147 1420 1241 quibusvis
1442 1146 1535 1218 seilis
1559 1154 1647 1218 vitus
1670 1153 1731 1220 hac
1753 1148 1807 1219 sua
1829 1156 1902 1243 opi·
1967 1196 1972 1206 ·

416 1251 528 1317 trione
553 1250 619 1315 vim
645 1241 850 1315 manifestam
872 1240 1000 1335 legibus
1024 1246 1164 1339 lmperii
1190 1238 1301 1314 facere
1324 1245 1481 1315 arbitror.
1513 1244 1625 1315 Verba
1647 1249 1673 1316 Ι.
1695 1250 1729 1314 P.
1753 1252 1807 1316 W.
1849 1249 1919 1336 (ll'
2059 1305 2094 1346 .·

415 1344 514 1420 clara
527 1339 628 1413 sunt:
656 1347 714 1414 Sed
739 1367 845 1433 preter
864 1339 1032 1433 Religiones
1049 1341 1141 1434 supra
1168 1348 1339 1412 restinctas
1369 1319 1589 1430 (Catholic'am
1617 1341 1898 1416 Lutheranam&

414 1438 462 1514 fic
485 1435 613 1511 'diuam
629 1433 879 1529 Reformatam)
902 1444 983 1510 nulla
998 1443 1062 1508 elia
1075 1444 1107 1509 ia
1123 1444 1212 1510 Sacra
1231 1444 1360 1530 Imperia
1377 1449 1510 1511 Romana
1532 1445 1695 1529 recipiatur
1713 1447 1769 1512 uel
1789 1446 1899 1512 talera-

399 1553 488 1632 ¹tar.
540 1535 658 1608 Sensus
683 1532 876 1607 clariffimus
890 1532 955 1618 esl,
976 1559 1074 1609 acer
1098 1557 1213 1606 retum
1236 1531 1402 1626 gestarum
1419 1535 1502 1608 serie
1526 1537 1672 1608 evidens.
1720 1539 1901 1612 Enimvero

415 1635 463 1708 ab
483 1633 610 1705 ex'ortis
625 1637 659 1704 in
671 1632 847 1726 Religione
863 1629 998 1730 dissidiis
1008 1638 1155 1729 primum
1172 1634 1313 1727 Imperii
1328 1657 1444 1706 votum
1460 1628 1525 1704 fuit
1536 1636 1669 1705 easdem
1685 1657 1900 1732 componere,

411 1736 452 1805 in
477 1730 599 1814 sacris,
625 1729 658 1801 dt
681 1733 824 1825 politicis
841 1728 1006 1800 Pacem&
1029 1729 1253 1801 Concordiam
1277 1727 1467 1812 tellituete,
1493 1730 1526 1802 dr
1548 1728 1708 1811 stabilire,
1731 1731 1839 1827 quod,
1864 1735 1900 1804 in

413 1834 606 1912 Civitatem
624 1828 829 1899 admittendo
853 1827 1054 1922 multiplices
1069 1825 1199 1904 Seslas,
1224 1824 1423 1922 impossibile
1446 1833 1568 1898 rnerito
1586 1829 1762 1900 creditum.
1809 1832 1902 1900 Tan·

415 1927 506 1998 dem
523 1950 603 2016 ergo
618 1922 675 1995 soli
697 1922 895 2016 Augustino
911 1919 1111 1994 Conseffioni
1127 1922 1248 1991 addidi
1267 1950 1329 2020 pet
1344 1928 1460 1996 Pacem
1480 1925 1669 2012 Religionis
1683 1926 1825 2004 tolerati,
1843 1923 1898 1997 sed

410 2020 711 2118 uatimpddirum.
760 2021 811 2113 (c)
835 2016 940 2108 Qud)
964 2018 1062 2113 solen
1085 2021 1146 2098 ult
1166 2022 1316 2113 nnbcct,
1344 2019 1378 2114 so
1404 2021 1639 2116 obprnulbten
1667 2021 1792 2114 beibur
1811 2024 1897 2094 Reli·

412 2127 544 2216 gioncn
571 2119 781 2208 (Catholicae,
799 2118 832 2190 dt
850 2114 1048 2208 Augullanae
1064 2112 1284 2207 Conselsroni)
1306 2113 1393 2204 nicht
1409 2114 1603 2212 nnbdngt'g,
1620 2120 1653 2196 ln
1672 2119 1789 2217 blesim
1804 2118 1900 2218 ‘Sties

415 2222 487 2297 ben
512 2214 605 2300 nt'dtt
634 2227 791 2310 genennt
806 2263 816 2305 ,
844 2214 985 2306 [unbem
1009 2208 1160 2308 tinelli)
1193 2211 1450 2306 nusntldlnlt'tn
1476 2216 1562 2306 scrin.
1628 2220 1761 2286 Notum
1784 2241 1902 2311 porro,

416 2338 552 2412 quantu
574 2311 687 2384 labore
704 2309 776 2408 posi
794 2309 961 2382 saeculares
980 2311 1053 2378 lites
1074 2313 1188 2380 eadem
1213 2315 1362 2403 receptio
1388 2309 1427 2380 bc
1447 2309 1542 2379 disits
1563 2309 1763 2396 Reformatis
1779 2313 1897 2383 consti·

415 2404 1438 2601 l‘tlltslltll‘ffll‘flllllillll“illllllzl'l
1460 2407 1899 2578 llllllllblllllll

415 2607 513 2703 Qris
534 2627 614 2696 ergo
634 2628 748 2700 aquus
763 2628 877 2675 return
893 2603 1018 2672 arbiter
1033 2626 1071 2670 ca
1094 2600 1196 2672 relata
1218 2599 1369 2695 ejusdem
1391 2595 1522 2671 airiculi
1540 2601 1705 2672 clausula:
1737 2611 1796 2676 Sed
1817 2609 1899 2677 nulla

411 2713 484 2776 alia
514 2707 632 2793 neugio
656 2707 841 2792 recipiatur,
867 2705 923 2771 vel
949 2705 1122 2778 toleretur,
1147 2697 1236 2766 aliud
1264 2698 1445 2793 quidquam
1468 2691 1604 2769 inserte
1623 2704 1771 2794 poterit,
1797 2727 1898 2795 quam

414 2801 507 2873 aliae
524 2821 641 2870 omnes
663 2821 700 2868 ea
723 2797 896 2893 Imperio,
928 2796 1079 2892 adeoque
1098 2820 1136 2864 er
1156 2794 1303 2888 cujusvis
1333 2805 1444 2865 bratus
1470 2797 1668 2875 territorio,
1692 2797 1823 2866 exulare
1843 2799 1895 2869 de

413 2897 516 2970 bere.
567 2894 718 2966 Libertas
739 2890 948 2964 conscientie
968 2888 1147 2988 permissa,
1173 2887 1226 2962 sed
1246 2891 1351 2978 tribus
1379 2915 1505 2962 tantum
1531 2892 1759 2984 Religionibus
1780 2895 1900 2966 tolerr-

414 2998 473 3067 ais.
532 2991 625 3084 Quid
652 3015 744 3085 opus·
761 2986 871 3061 suisset
894 2987 962 3058 illis
983 2987 1193 3079 ambagibus,
1222 2985 1244 3056 li
1269 2989 1413 3084 cujusvis
1437 2993 1511 3086 pagi
1536 2995 1683 3066 Domino
1705 2991 1899 3064 immediato

413 3113 601 3168 revocare,
621 3111 714 3183 que,
735 3086 844 3158 nescio
861 3082 1024 3156 fessarum
1049 3083 1212 3166 monslra,
1240 3081 1417 3178 derigere
1445 3085 1746 3182 blasphemantibus
1773 3093 1837 3159 Dei
1863 3087 1900 3160 fi·

416 3189 509 3260 lium
529 3187 681 3264 Arianis,
704 3182 727 3253 st
747 3183 998 3256 Macedonianis
1014 3182 1139 3275 templa
1152 3181 1279 3255 liceret.
1338 3181 1464 3279 Qvodst
1485 3208 1585 3255 enam
1607 3209 1770 3280 privatam
1790 3184 1898 3256 l'olurn

415 3286 635 3360 tolerantiam
651 3277 823 3353 Seslarum
840 3303 1003 3352 notarum
1020 3283 1214 3375 permittere
1231 3276 1433 3374 paciscentes
1448 3278 1639 3364 volutlsent,
1663 3306 1723 3352 tur
1742 3282 1809 3353 duo
1826 3308 1897 3354 ver-

410 3381 457 3456 ba
472 3385 598 3476 priuati
616 3385 772 3460 exercitii,
795 3402 939 3475 quorum
957 3380 1054 3449 toties
1069 3379 1295 3447 meminerunt
1310 3380 1400 3448 Pacis
1419 3378 1561 3462 tabula,
1588 3405 1654 3450 non
1672 3380 1819 3450 addunt?
1851 3391 1899 3452 At

413 3482 471 3554 lex
487 3503 559 3550 non
582 3474 770 3568 distinguit,
800 3499 910 3572 neque
933 3499 994 3545 nos
1015 3477 1119 3565 igitur
1136 3473 1338 3567 distinguere
1360 3474 1536 3556 debemus,
1569 3500 1625 3546 aut
1646 3473 1899 3568 syncretismum

442 3584 593 3649 riraruni
610 3575 824 3671 permittere,
850 3573 983 3643 Divinis
999 3571 1220 3666 humanisque
1235 3570 1364 3663 legibus
1382 3571 1608 3664 prohibitum,
1630 3600 1665 3641 ac
1683 3597 1761 3642 vero
1773 3575 1899 3668 Reipu-

412 3603 517 3748 iliez
536 3672 629 3743 bono
649 3696 668 3741 e
690 3672 855 3744 diametro
877 3670 1103 3753 contrarium,
1141 3665 1196 3739 sed
1217 3672 1331 3764 potius
1352 3671 1494 3765 Imperii
1519 3667 1793 3741 &conitiorum
1813 3673 1898 3753 erit,

408 3771 712 3866 eundernpenints
732 3767 876 3841 erellete
895 3767 927 3839 da
949 3770 1128 3863 extirpare.
1165 3766 1228 3859 (d)
1856 3778 1862 3791 '

456 3926 517 4007 (a)
541 3919 780 3987 nannum
807 3921 948 3989 Meditor.
968 3916 1065 4001 aad&⁴
1086 3918 1117 3982 P.
1134 3918 1180 3982 A.
1199 3916 1275 3984 VII.
1300 3919 1378 4003 §.a
1399 3938 1471 4004 pag.
1488 3920 1559 3993 866.
1583 3918 1682 3984 l‘crr
1700 3920 1901 3988 Harant·

537 4022 612 4068 eea
632 4006 665 4066 t'rt
682 4002 832 4086 Responsa
842 4007 926 4086 opud
939 4000 978 4067 ὃ
993 4021 1059 4066 tuta
1082 4000 1332 4066 Boartuzreo
1354 4003 1381 4071 1.
1398 4004 1439 4069 E.
1454 4003 1486 4069 Ρ.
1504 4003 1572 4068 Lib,
1587 4024 1615 4068 1.
1638 4003 1698 4067 Tt'r.
1715 4003 1742 4068 Ι.
1758 4015 1793 4077 5.
1805 4016 1865 4087 58,

458 4121 523 4205 (st)
546 4119 594 4186 A.
612 4117 692 4185 Vn.
705 4124 735 4201 ς.
749 4137 780 4184 a.
794 4122 826 4183 itt
842 4121 911 4199 fitia.

456 4243 513 4326 ω
537 4235 608 4302 Pax
629 4235 692 4301 [Μ.
707 4238 743 4299 ita
756 4233 874 4321 Retefftt
891 4238 979 4320 Aug.
997 4234 1146 4318 A.1555.
1166 4238 1195 4314 §.
1211 4254 1261 4319 ¹7·

456 4357 520 4440 (ts)
538 4354 691 4422 Videntur
705 4352 787 4416 banc
802 4353 834 4417 in
847 4371 911 4417 tent
929 4354 1058 4434 egregie
1071 4351 1244 4415 discurrens
1261 4350 1300 4413 D.
1315 4348 1528 4414 denarrat.
1543 4347 1668 4437 Differt.
1687 4353 1723 4418 de
1770 4375 1817 4419 ur.
1837 4354 1906 4419 lte-1

526 4434 716 4521 samam
729 4434 870 4500 A.-V!1.
887 4433 926 4500 N.
940 4453 970 4497 2.
988 4432 1122 4498 asserens
1136 4433 1224 4498 simul
1238 4453 1281 4495 ex
1300 4431 1547 4496 Dacrtrratto
1563 4433 1586 4498 'a
1600 4435 1727 4499 Camers
1760 4437 1900 4513 mperiall

533 4519 705 4583 citationes
717 4518 879 4591 decretas,
899 4516 938 4578 ad
954 4516 1143 4583 videndum,
1168 4514 1198 4576 se
1215 4509 1354 4576 incidisse
1369 4515 1400 4578 in
1418 4534 1542 4597 poenam
1565 4518 1676 4588 banni,
1698 4520 1741 4579 ob
1761 4516 1899 4601 hospita-

532 4603 656 4665 tionem
666 4597 896 4669 Sestatlorut'n,
920 4617 937 4658 a
954 4595 1240 4681 quohaudabludit
1252 4595 1339 4657 Lun
1350 4615 1371 4658 o
1383 4617 1401 4657 ι
1411 4617 1459 4660 vr
1473 4602 1503 4660 iu
1516 4598 1579 4672 Jur,
1592 4599 1677 4661 Cam.
1693 4597 1776 4662 Sesb.
1790 4599 1812 4659 l.
1829 4631 1854 4660 e.
1864 4596 1896 4660 6.

533 4681 580 4756 N.
595 4701 645 4765 14
661 4684 717 4767 qni
730 4680 822 4749 simul
838 4680 967 4748 adducit
985 4682 1018 4779 in
1039 4676 1265 4826 'piminii
1285 4687 1335 4750 81.
1350 4679 1512 4747 decretura
1524 4680 1701 4757 Cametale,
1725 4682 1810 4762 quod
1828 4678 1898 4740 sen·

584 4805 588 4811 ,
1284 4778 1307 4844 3
1828 4770 1899 4823 ten·
