5017 5592
416 571 440 600 Ι.
511 655 582 748 562
683 635 1023 720 utssEttTnTto
1046 636 1194 736 JURlS¹
1216 631 1802 714 eussttcl'echEsmsmct
1905 633 1908 638 ’
1967 703 1973 714 .

1182 851 1213 943 §-
1264 848 1319 925 11.

625 996 670 1071 ln¹
684 1012 750 1063 tam
773 988 867 1082 largo
890 986 1015 1085 prioris
1037 985 1207 1059 libertatis
1229 1007 1359 1059 externe
1377 982 1553 1081 complexu
1576 982 1653 1080 jure
1674 983 1799 1056 merito
1814 975 1991 1056 causandi·

510 1090 727 1184 ssinguimus‚
749 1090 782 1160 in
802 1087 922 1183 quibus
938 1085 978 1157 ad
1002 1085 1135 1156 eaedem
1152 1087 1329 1183 provocari
1342 1080 1466 1155 effoler.
1517 1083 1601 1155 Alie
1618 1087 1707 1156 enim
1722 1081 1825 1156 finem
1840 1079 1992 1178 spirituo·

512 1190 600 1272 lem,
617 1185 874 1281 Religionem&
892 1182 1088 1256 orthodoxe
1105 1180 1183 1256 fidei
1199 1179 1400 1282 doblrin'aeve
1416 1179 1705 1277 pradicationem,
1720 1205 1836 1254 curam
1855 1181 1890 1253 dc
1906 1183 1991 1273 regi·

510 1311 588 1359 men
606 1289 814 1366 animarum,
830 1287 1120 1354 §aeramentorum
1147 1279 1485 1361 administrationem,
1502 1278 1731 1354 Ministerium
1746 1278 1878 1352 sactum
1887 1276 1993 1376 perso·

509 1408 630 1459 narum
646 1379 961 1460 ecclesiasticarum,
983 1379 1164 1453 earundem
1182 1382 1450 1459 ordinationem,
1466 1378 1605 1448 Cultum
1619 1383 1783 1451 Divinum
1799 1377 1991 1450 immediate

512 1483 547 1555 dt
561 1486 678 1556 intime
702 1485 866 1574 uniceque
882 1475 1087 1574 respiciunt*
1120 1482 1175 1551 De
1192 1478 1252 1550 bac
1274 1476 1492 1549 Ecclestarum
1508 1474 1678 1550 Libertate
1694 1481 1727 1548 in
1744 1474 1829 1548 thesi
1856 1475 1891 1546 dr
1915 1499 1992 1570 quo·

511 1579 553 1652 ed
572 1578 781 1654 substantiam
805 1577 896 1650 suam
918 1574 1009 1648 nulla
1028 1571 1075 1654 est
1089 1575 1178 1650 inter
1204 1575 1423 1658 catholicoe,
1446 1597 1531 1672 quoa
1551 1597 1638 1649 tnter
1658 1573 1766 1652 scribo
1786 1573 1985 1658 Catholicae,

509 1677 745 1764 controversia.

629 1815 721 1911 Qtin
743 1809 775 1882 dr
792 1805 957 1902 superiori
971 1829 1009 1878 ac
1022 1806 1148 1880 Divino
1163 1805 1254 1878 illam
1267 1811 1352 1904 Jure
1365 1802 1573 1916 *astituram
1589 1803 1652 1880 esse
1671 1808 1762 1879 inter
1777 1831 1901 1883 omnen
1913 1831 1982 1882 eon·

378 1897 381 1904 Ι
511 1919 614 1996 venit.
668 1910 810 2004 Propria
830 1909 864 1974 in
881 1904 933 1976 bia
952 1902 1102 1976 Ecclesia
1121 1902 1265 2001 poteslas
1285 1930 1351 1977 non
1373 1929 1502 1979 rantum
1524 1909 1672 1990 interna,
1705 1903 1760 1976 sed
1788 1905 1823 1977 dr
1843 1929 1982 1987 externa,

511 2041 581 2093 tam
600 2010 804 2108 legislativa,
837 2025 894 2074 aut
915 1997 1094 2083 direbliva,
1126 2027 1226 2097 qnnm
1247 2007 1424 2074 coercitiva
1447 2006 1626 2075 eat-Divina
1648 2001 1858 2076 institutione
1882 2008 1984 2077 imme·

512 2116 649 2190 diaceiu
664 2105 802 2184 eandem
820 2097 975 2200 profluit,
999 2123 1116 2198 utpute
1133 2097 1308 2172 necessaria
1325 2103 1365 2171 ad
1387 2106 1476 2172 Sacri
1502 2104 1705 2194 Regiminia‚
1735 2101 1831 2196 quod
1841 2107 1882 2175 ei
1903 2107 1982 2172 oeta
2019 2185 2022 2200 Ι

399 2215 418 2286 ·’.
511 2212 671 2289 contulit,
691 2203 929 2277 executionem.
982 2201 1023 2270 Et
1040 2207 1157 2295 utique
1172 2224 1239 2270 nun
1256 2197 1379 2295 potest,
1406 2197 1463 2270 md
1479 2201 1518 2269 ad
1533 2199 1981 2273 externumdrcontradiilo·

510 2316 621 2391 rium,
647 2302 809 2396 ssmulque
825 2296 1043 2369 coercitivum
1057 2298 1220 2390 judicium
1236 2300 1405 2392 pertinere
1421 2295 1522 2378 istud,
1547 2299 1637 2395 quod
1654 2297 1839 2410 Apostolus
1852 2303 1982 2370 Tmo.

511 2425 645 2484 Tereo·
662 2397 828 2497 Episcopo
843 2397 884 2467 de
898 2393 1084 2490 judicandis
1105 2393 1313 2490 Presbyteria
1331 2393 1577 2490 praescribite).
1628 2400 1742 2492 Hujus
1770 2393 1873 2470 sacrae
1895 2417 1981 2494 pote·

510 2507 601 2582 {latia
616 2503 782 2592 originem
798 2496 837 2566 ad
854 2517 957 2564 unum
970 2497 1082 2564 Dcum
1099 2488 1250 2566 referunt
1265 2493 1383 2562 divine
1398 2496 1597 2588 Scripturaee
1631 2491 1784 2567 Christus
1808 2499 1901 2568 enim
1920 2491 1983 2587 gre}

511 2631 588 2700 gem
605 2600 718 2680 suum,
750 2619 818 2690 quo
835 2588 950 2663 fideles
971 2587 1192 2670 univerfi,·dr
1220 2588 1450 2672 Ecclefiaslici,
1492 2589 1778 2688 &cujuscunque
1795 2591 1899 2664 status
1916 2590 1980 2660 laici

511 2697 866 2798 comprehenduntur,
892 2713 967 2764 cum
983 2711 1099 2758 omnes
1121 2687 1153 2760 se
1172 2689 1296 2760 Cbrilli
1311 2691 1457 2761 oviculas
1473 2685 1536 2761 effe
1550 2691 1754 2782 glorientur.
1790 2689 1980 2786 pallendum

513 2795 749 2892 &regendum
771 2795 804 2860 in
820 2785 1047 2885 spiritualibus
1063 2791 1217 2858 Pereo
1237 2785 1382 2858 tradidit.
1416 2788 1463 2875 d)
1519 2785 1593 2882 lpse
1614 2812 1695 2858 vero
1718 2793 1906 2864 Pennus
1929 2789 1980 2856 hae

511 2898 660 2996 supremi
677 2889 815 2963 Palloris
832 2909 964 2980 accepte
982 2888 1150 2955 Divinitus
1172 2883 1351 2979 potestate,
1379 2883 1583 2966 minoribus,
1611 2885 1735 2976 sibique
1756 2883 1912 2982 subjetlis
1932 2887 1981 2955 Pa·

511 2995 655 3070 statibus
678 2990 848 3085 praeciptt,
863 2982 896 3078 ι)
928 2985 969 3050 Et
990 2978 1069 3052 sacri
1091 2979 1304 3076 Apostolatus
1329 2979 1462 3056 consors
1483 2986 1662 3055 Pnutus
1689 2981 1862 3056 Pastorum
1882 2981 1983 3055 pede.

512 3092 564 3166 [ιε
581 3110 701 3161 munus
720 3106 784 3151 non
801 3082 866 3149 alio
882 3074 1008 3158 refert,
1034 3103 1134 3172 quam
1152 3078 1191 3149 ad
1208 3083 1373 3176 Spiritum
1391 3078 1566 3161 Sentium,
1591 3107 1691 3178 quem
1707 3087 1820 3153 Deum
1836 3081 1899 3154 esse
1913 3104 1981 3152 000.

513 3189 583 3263 slat.
613 3191 646 3278 d)
699 3185 825 3252 Munus
848 3179 950 3268 igitur
972 3175 1144 3272 Episcopis
1170 3175 1376 3270 injunslum,
1407 3203 1473 3249 non
1498 3177 1539 3247 ab
1561 3179 1770 3262 hominibus,
1797 3181 1853 3253 sed
1878 3181 1982 3252 aDeo

512 3286 584 3383 ipso
601 3278 749 3356 versatur
770 3279 802 3345 in
819 3299 877 3355 eo,
902 3296 940 3344 ut
958 3298 1073 3364 regant
1091 3271 1264 3348 Ecclcfinnt
1285 3282 1361 3349 Dei,
1414 3281 1542 3348 Mum„
1565 3303 1646 3349 vm,
1673 3279 1814 3374 reliquis
1835 3275 1981 3351 omnibu,
2019 3335 2024 3344 ι

510 3386 578 3460 fine
596 3382 660 3454 ullu
674 3378 869 3471 exceptione
891 3368 1060 3450 fidelibus,
1095 3371 1159 3442 sive
1179 3373 1363 3462 publicem,
1390 3374 1454 3445 stve
1475 3383 1637 3467 privatam
1661 3375 1838 3471 personam
1862 3395 1982 3470 gerant,

512 3481 747 3556 demandatum
765 3472 804 3542 ab
825 3468 897 3565 lPs⁰
915 3474 1006 3551 ΒΕΘ,
1036 3467 1120 3541 istud
1137 3468 1205 3552 eil,
1232 3495 1270 3543 ut
1287 3471 1394 3546 sacros
1413 3472 1560 3543 Pallores
1580 3497 1797 3556 venerentur,
1821 3483 1937 3571 eisque
1952 3475 1980 3551 in

510 3575 739 3682 spiritualibus
755 3569 987 3665 subjiciantur,
1014 3566 1047 3639 dc
1066 3566 1310 3664 obtemperent.
1338 3581 1376 3666 r)
1424 3573 1509 3644 Haec
1523 3567 1595 3643 sunt
1614 3572 1799 3645 indubitate
1813 3579 1882 3648 Dei
1907 3595 1982 3672 pre·

540 3726 544 3734 ¹
1895 3696 1980 3770 cepte

550 3844 588 3926 a)
609 3837 706 3921 Epist.
726 3855 752 3900 1.
773 3835 811 3897 ad
825 3831 969 3933 Timotb.
983 3854 1013 3918 5.
1044 3835 1287 3901 Accusationem
1300 3833 1447 3902 adversae
1461 3835 1682 3923 Presbyterum
1695 3839 1765 3906 noli
1781 3843 1924 3928 recipere
1933 3840 1981 3907 nili

625 3923 678 3987 sub
699 3920 824 3983 duobus
845 3929 899 3979 aut
916 3924 1015 3981 tribue
1034 3918 1173 3985 testibus.

549 4063 584 4141 b)
602 4061 619 4136 J
629 4079 723 4124 oen.
750 4075 801 4121 21.
845 4053 935 4120 Pasce
953 4056 1190 4138 egumenos,
1213 4057 1302 4142 pasce
1313 4075 1396 4122 ovea
1408 4078 1504 4124 meaa.

551 4210 585 4291 t)
607 4227 634 4270 1.
655 4207 790 4271 Pentu
810 4223 840 4288 5.
865 4204 1002 4277 Pascite,
1025 4206 1124 4289 quiin
1141 4205 1235 4268 vobia
1254 4203 1317 4282 est,
1333 4205 1470 4288 Gregem
1485 4205 1555 4274 Dei.

553 4351 595 4432 d)
619 4346 671 4412 Sic
686 4351 769 4413 enim
792 4352 866 4416 illua
881 4353 1032 4416 admonet
1059 4351 1129 4418 net.
1144 4369 1194 4415 20.
1221 4349 1388 4414 Attendite
1410 4352 1506 4416 vobis
1521 4349 1555 4413 dc
1575 4351 1723 4415 universo
1738 4349 1856 4434 Gragi,
1877 4351 1910 4416 io
1923 4367 1982 4432 quo

625 4431 842 4594 pptssipigrptipz
858 4433 992 4581 ffistu·
1011 4434 1116 4519 posuit
1135 4429 1312 4517 Episcopoe
1330 4452 1438 4516 tegere
1450 4433 1620 4498 Ecclesiam
1637 4433 1716 4507 Dei,
1744 4453 1840 4516 quam
1856 4433 1981 4518 acquist-

549 4632 581 4715 ι)
600 4629 750 4714 Hebt.13
791 4632 926 4697 Obedite
944 4632 1121 4715 Ptaepofitis
1135 4631 1265 4704 vestris,
1289 4631 1323 4696 δι
1346 4633 1583 4716 subjicereris,
1606 4633 1662 4722 ipst
1680 4636 1766 4703 euim
1792 4634 1981 4721 pervigilant

625 4713 710 4800 qutfi
721 4717 876 4784 tationem
889 4735 952 4803 pro
966 4720 1129 4810 animabar
1151 4715 1271 4789 vestris
1284 4718 1446 4806 reddituri·
