5017 5592
364 1357 369 1366 Ι
488 1265 714 1342 confusionem
730 1271 908 1349 inducunt,
934 1271 1014 1342 dum
1029 1247 1104 1340 suoi
1123 1269 1234 1340 neutri
1251 1263 1538 1352 linitesseriiii13
1561 1270 1596 1338 in

371 661 375 674 ·
488 635 558 726 568
661 621 1002 704 DlSSERTATlO
1024 623 1161 724 Juttts
1183 621 1379 702 PUBLlCl
1403 617 1776 754 accusantum

1133 841 1167 932 §.
1216 835 1319 914 Vlla
1382 845 1385 850 ’

603 978 682 1048 Nec
702 973 821 1047 meliua
837 973 887 1048 rei
900 976 1072 1048 communi
1086 969 1235 1047 Ecclefiae
1252 968 1446 1053 consulunt,
1470 971 1530 1068 qui
1550 974 1629 1071 Jur'i
1648 973 1788 1074 quidem
1809 975 1970 1070 bumana,

485 1069 712 1148 Ecclesiastico
731 1097 841 1146 tamen
870 1097 907 1144 ac
931 1077 1101 1169 precipue
1124 1067 1300 1143 Pontificio
1352 1073 1474 1142 rimam
1501 1070 1572 1165 ejus
1594 1077 1761 1168 originem
1787 1075 1969 1158 adstruunt.

488 1176 649 1264 Magnam
664 1171 700 1243 hi
716 1173 892 1268 utriusque
910 1168 1080 1270 potestatis
1101 1167 1293 1242 dislinflaea
1311 1095 1501 1241 idioticam
1524 1171 1559 1240 iu
1574 1167 1760 1340 quublica
1779 1175 1967 1254 ctiittliiiii

1626 1273 1745 1366 equela
1759 1298 1846 1345 vero
1861 1276 1969 1356 Ettlat

490 1363 611 1439 starum
629 1367 660 1438 dt
679 1368 897 1439 Personarum
916 1363 1213 1440 Ecclesaslicarum
1237 1364 1423 1462 plenariam
1436 1368 1470 1435 in
1491 1369 1733 1462 temporalibus
1745 1371 1966 1468 independen-

489 1465 572 1538 tiam
588 1463 703 1536 allatu
718 1462 862 1561 profano
885 1467 1011 1537 evitare
1027 1491 1085 1535 occ
1102 1461 1232 1560 polliint
1245 1487 1306 1534 nec
1326 1460 1452 1534 volunt.
1477 1462 1517 1552 a)
1567 1466 1713 1537 Gravius
1738 1469 1773 1540 hi
1799 1469 1834 1541 dt
1856 1475 1967 1544 verita·

491 1581 559 1635 tem
576 1561 850 1659 &supremarum
865 1561 1037 1636 Potestatis
1056 1563 1202 1634 Politicae
1217 1559 1276 1632 suo
1293 1559 1458 1658 inordine
1474 1562 1644 1635 Divinitua
1659 1563 1818 1639 institute
1834 1571 1965 1670 ejusque

491 1662 767 1760 tranquillitatem
783 1685 820 1732 ac
841 1656 1035 1735 felicitatem
1060 1657 1247 1732 offendunt.

608 1793 708 1865 Nihil
724 1797 853 1891 quippe
868 1791 1084 1892 periculosus
1105 1795 1211 1866 Statui
1227 1789 1385 1889 supremo
1399 1791 1542 1887 cogitari
1565 1789 1689 1888 potesl,
1721 1818 1826 1892 quam
1847 1802 1966 1894 praeci·

492 1890 570 1988 puia
589 1891 787 1988 quibusdam
802 1893 874 1987 ejus
894 1891 1053 1964 membria
1072 1891 1250 1964 &civibus
1268 1891 1497 1962 omnimodam
1516 1889 1557 1959 ab
1577 1891 1649 1984 ejus
1668 1891 1798 1984 legibus
1813 1897 1968 1994 indepen-

494 1987 641 2062 dentiam
664 1986 819 2072 asserere,
853 1979 1039 2084 edrumque
1062 1987 1370 2062 subordinationem
1390 1987 1525 2068 tollere,
1556 1989 1614 2082 qui
1638 1991 1827 2083 Religiouia
1851 1997 1967 2068 intuitu

493 2087 706 2184 reliquorum
725 2090 849 2159 ciuium
871 2091 1016 2170 animoa,
1055 2089 1206 2183 adeoque
1227 2086 1426 2181 &quietem
1447 2109 1483 2157 ar
1507 2087 1784 2179 tranquillitatem
1805 2095 1916 2166 Statua
1934 2097 1967 2164 ia

356 2263 368 2288 f
497 2178 564 2255 suia
577 2207 708 2286 ,gerunt
723 2185 891 2266 manibus,
924 2210 960 2258 ac
984 2185 1165 2258 medullam
1187 2207 1325 2279 quoque
1343 2184 1444 2254 tritici
1461 2205 1579 2272 magna
1600 2207 1638 2252 ex
1658 2210 1755 2280 parte
1779 2191 1968 2276 comeduut,

442 2369 447 2374 Ι
496 2283 659 2378 aqualem
675 2279 811 2379 prorsus
833 2281 1078 2379 proteflionem
1093 2281 1463 2379 aliaqueemolumenta
1477 2280 1611 2377 publica
1634 2287 1848 2380 percipiunt,
1881 2313 1969 2382 pere·

497 2383 596 2471 grino
612 2380 701 2451 baud
716 2376 896 2463 abinttea,
923 2384 982 2478 qui
1004 2384 1039 2452 in
1061 2379 1199 2453 domum
1222 2376 1384 2451 benevole
1402 2401 1420 2447 a
1442 2373 1682 2472 patrefamilias
1704 2407 1862 2480 receptur
1885 2383 1968 2460 filiai

495 2475 868 2657 ξξὲρίῗξὸἲζῖῗεηιίε
887 2503 1000 2555 autem
1016 2484 1226 2555 ceconomicie
1241 2474 1368 2551 bonum
1387 2497 1443 2547 aut
1466 2475 1558 2570 leger
1578 2477 1618 2548 ad
1641 2477 1673 2552 se
1692 2481 1884 2558 nullatenus
1904 2487 1971 2558 arii'i

616 2714 696 2783 Hoc
722 2709 815 2794 sane,
847 2710 938 2810 quod
961 2710 1067 2809 majua
1089 2709 1153 2796 esi,
1178 2714 1212 2784 in
1236 2713 1325 2785 idem
1348 2714 1485 2796 recidit,
1510 2736 1547 2783 at
1567 2708 1685 2781 flatum
1702 2712 1872 2807 quendam
1887 2713 1973 2790 indta

366 2877 368 2882 .
497 2806 699 2902 pendentem
719 2815 752 2881 in
769 2808 853 2882 statu
869 2809 1008 2883 asserere
1024 2813 1174 2892 videtur,
1203 2813 1293 2908 quod
1313 2835 1469 2907 tanquam
1493 2807 1639 2881 monllro
1656 2805 1759 2879 sim'ile
1775 2811 1851 2882 saria
1868 2815 1972 2890 Pliilo·

497 2902 618 3000 sophia
634 2906 804 2979 abhorret.
860 2907 1121 2979 Abhorruerunt
1145 2909 1177 2980 dt
1201 2911 1372 3003 Principes
1396 2937 1428 2979 in
1452 2906 1628 2980 Ecclefiam
1653 2908 1729 2977 licet
1747 2909 1973 3000 religiossimi

374 3049 376 3054 .
501 3023 597 3100 aeque
612 3028 648 3073 ac
664 2999 895 3085 liberaliffimi,
920 3010 977 3098 qui
998 3011 1031 3075 in
1055 3028 1145 3078 tanta
1164 3006 1339 3079 latitudine
1359 3006 1449 3078 suam
1470 3006 1622 3076 abdicare
1645 3007 1778 3099 penitus
1800 3013 1976 3082 auinoiita·

501 3117 570 3169 tem
584 3125 621 3171 ac
637 3097 875 3204 supremarum
889 3104 922 3172 in
937 3107 1024 3175 cives
1042 3105 1204 3199 quosdam
1219 3130 1279 3177 nec
1295 3127 1477 3200 potuerunt
1497 3127 1557 3174 nec
1577 3102 1765 3174 voluerunt.
1856 3101 1863 3116 '

615 3231 756 3306 Ecclesia
774 3260 872 3316 vero,
887 3235 1239 3334 cujusJuriadillionia
1258 3235 1387 3338 sphera
1400 3260 1441 3312 to
1456 3236 1559 3336 usque
1571 3232 1603 3308 se
1618 3236 1708 3308 haud
1720 3237 1882 3323 extendit,
1894 3265 1973 3312 nuu-

498 3353 601 3428 quam
618 3328 776 3408 affectare
791 3332 1008 3433 presumpsit.
1033 3339 1063 3429 l)

1831 3435 1867 3522 §.
1881 3439 1974 3510 Vlls.

666 3601 823 3666 Barbariei
843 3602 965 3676 saeculi,
986 3601 1021 3666 dt
1048 3601 1152 3666 stuttae
1173 3602 1350 3664 animorum
1368 3599 1525 3665 aversioni
1548 3619 1602 3684 per
1621 3602 1734 3667 infelix
1750 3602 1909 3669 dissidium
1925 3606 1975 3671 Sa·

616 3685 793 3748 cerdotium
813 3689 894 3748 inter
906 3685 938 3748 dr
957 3685 1125 3768 lmpdtium
1135 3685 1271 3749 indubiae
1286 3686 1484 3759 adscribitur,
1505 3687 1589 3767 quod
1604 3686 1802 3750 Colleftores
1814 3688 1977 3753 canonum

616 3765 722 3834 saeculi
735 3767 812 3842 xl„
830 3778 865 3830 ut
884 3768 939 3830 Bu
951 3790 971 3830 n
982 3788 1149 3833 caranus
1170 3767 1203 3830 dt
1219 3769 1349 3848 reliqui,
1376 3766 1603 3848 Imperatorum
1614 3770 1817 3848 piiffimomm
1832 3771 1976 3834 Carolin-

616 3849 784 3933 giemum.
807 3869 943 3931 quorum
958 3852 1148 3933 capitularia
1171 3849 1415 3932 excerpserunt,
1436 3853 1563 3913 nomina
1584 3851 1711 3913 laudare
1732 3853 1899 3936 dedignati
1913 3857 1975 3929 lint,

616 3933 753 4014 indeque
766 3933 793 3994 G
804 3953 887 3995 aar
898 3953 1045 3998 rnatum
1061 3936 1105 3998 sui
1119 3933 1312 3998 imitatorem
1328 3936 1360 3995 in
1379 3933 1487 3994 varios
1504 3951 1627 3996 errorea
1645 3933 1801 4014 falsasque
1815 3937 1976 4002 Concilio·

618 4032 688 4076 rum
707 4011 816 4078 nullibi
833 4016 1062 4078 celebratorum
1077 4015 1287 4096 allegationes
1304 4016 1497 4078 induxerint.
1540 4013 1705 4098 Indignam
1717 4015 1829 4082 nostro
1842 4017 1979 4084 saerulofi

618 4096 725 4160 milem
741 4099 1019 4179 ingratitudinem,
1040 4116 1136 4162 nemo
1152 4098 1215 4174 est,
1235 4099 1288 4179 qui
1301 4117 1366 4158 non
1381 4098 1559 4161 abhorreat.

545 4216 583 4295 a)
607 4213 901 4284 Bananaturm
926 4218 985 4280 hac
1005 4219 1037 4281 in
1062 4235 1096 4280 re
1116 4217 1263 4280 industria
1287 4215 1455 4279 infeliciter
1471 4216 1631 4279 collocata
1656 4212 1689 4279 dr
1707 4213 1979 4295 aBancanJo

619 4296 766 4378 castigata
786 4301 915 4388 publico
932 4301 1073 4364 literario
1087 4302 1228 4382 alioquin
1251 4299 1323 4361 satis
1337 4299 1469 4362 coastat.

540 4416 581 4501 b)
601 4415 639 4484 ln
652 4416 715 4480 hoc
729 4418 797 4480 sane
814 4420 942 4501 systema
962 4421 1030 4501 jure
1048 4421 1164 4484 merito
1177 4429 1331 4482 corruunt
1348 4419 1409 4481 tela
1425 4419 1476 4480 illa
1502 4418 1625 4487 omnia,
1652 4435 1722 4495 quae
1740 4437 1758 4477 a
1776 4416 1982 4482 Protestintt·

616 4500 675 4563 bus
691 4497 773 4571 ,luris
784 4499 940 4565 Consultis
957 4501 1039 4565 fama
1055 4501 1131 4564 alias
1151 4501 1393 4565 celebratissimis
1413 4500 1561 4562 adi-'ersus
1575 4500 1763 4562 Potestatem
1784 4499 1978 4570 Ecclesiasti-

617 4601 686 4644 cam
709 4585 793 4642 suam
813 4582 893 4645 intra
915 4584 1064 4666 sphaeram
1089 4604 1108 4646 a
1131 4584 1270 4649 saeculari
1289 4581 1462 4647 distinttam
1482 4582 1591 4650 srutlra
1616 4585 1803 4645 cribrantur
1832 4602 1850 4643 a
1879 4583 1980 4650 Saia

614 4663 935 4729 Purranuorear
961 4669 1000 4730 de
1026 4668 1135 4729 liabitu
1158 4667 1261 4748 Relig.
1287 4669 1325 4730 ad
1351 4671 1452 4733 vitam
1479 4669 1543 4737 eiu.
1566 4665 1601 4734 dt
1629 4663 1787 4746 Jonnrt.
1821 4664 1981 4734 Gerra.

614 4745 792 4818 ciizio
810 4749 843 4818 iu
863 4747 994 4817 Moustr.
1009 4751 1146 4835 politico
1162 4749 1302 4844 detecto.
