5017 5592
612 617 683 701 or
694 571 824 722 Juaa
839 618 1104 700 coartato
1123 617 1495 714 PRIMARIARUM
1512 563 1735 713 rancun.
1834 647 1904 742 rc,

413 824 510 891 ctat,
535 822 575 880 bt
589 801 649 903 ipsi
664 804 808 904 desuper
823 807 857 878 in
878 804 1000 905 scripto
1017 808 1143 882 monita
1166 806 1302 892 darent,
1341 808 1411 882 hac
1433 808 1543 886 eidem
1566 811 1783 898 declarationi
1807 816 1905 894 caesa·

414 931 479 981 rcae
496 908 531 977 in
548 906 699 998 margine
714 901 860 1000 adjella,
887 902 1021 979 succicis
1043 903 1225 979 transmissa
1249 904 1365 989 fuere,
1396 912 1431 981 in
1455 907 1595 1006 quibua,
1630 913 1708 989 licet
1729 920 1769 988 itt
1786 919 1901 993 multis
1954 947 1959 954 ·

415 1005 488 1078 eliis
504 999 652 1077 caesareis
669 1006 803 1095 Legatis
822 1029 888 1077 non
912 1000 1149 1090 consenserint,
1183 1007 1296 1102 quoad
1319 1009 1512 1080 exercitium
1538 1032 1647 1084 tameo
1672 1013 1757 1109 juria
1775 1019 1902 1111 prima·

415 1105 541 1176 riarum
558 1123 698 1197 precum
716 1099 903 1176 nullatenus
921 1099 1153 1174 discordabant
1170 1107 1204 1198 i)
1227 1106 1305 1176 hinc
1325 1131 1391 1177 nott
1412 1102 1457 1178 ell
1474 1107 1681 1193 mirandum,
1721 1116 1811 1209 quod
1829 1116 1901 1187 Ple·

417 1201 646 1295 nipotentiarii
667 1195 806 1272 Caesatei
826 1200 913 1272 idem
936 1201 990 1272 alii
1013 1199 1167 1297 projcslo
1190 1206 1223 1274 in
1239 1201 1365 1300 pundio
1385 1204 1615 1296 gravaminum
1638 1207 1898 1285 Pcotcstantibtts

418 1299 468 1372 dit
483 1325 506 1388 4
537 1298 666 1396 Aprilis
682 1295 832 1392 ejusdcm
850 1301 924 1370 anni
942 1298 1090 1372 exhibito
1106 1301 1225 1374 iisdem
1241 1301 1352 1373 verbis
1369 1299 1566 1378 insererent.
1589 1303 1622 1396 c)

454 1472 490 1554 a)
519 1467 593 1535 Vid.
610 1468 650 1531 de
670 1467 789 1531 iieiern
805 1464 899 1531 Tom.
926 1467 984 1534 lV.
1000 1466 1076 1534 ,Ass
1099 1468 1130 1534 P.
1149 1469 1202 1535 W.
1219 1489 1290 1551 pag.
1312 1487 1379 1552 1¹9·
1404 1466 1479 1551 Cap.
1499 1468 1541 1536 V.
1559 1472 1781 1544 declarationis
1801 1480 1899 1546 verba

526 1550 784 1616 bacchabantur:
808 1551 867 1615 Ubi
881 1550 962 1612 sacra
979 1550 1116 1617 Caesarea
1132 1552 1274 1633 lllajestas
1288 1551 1341 1634 jos
1361 1554 1574 1636 primariorum
1585 1573 1716 1638 precum
1732 1565 1898 1638 exercuit,

525 1651 574 1697 επ
590 1634 691 1696 eidem
713 1635 808 1696 etiam
832 1633 1034 1714 imposterum
1054 1650 1200 1696 maneant
1221 1635 1375 1708 illibatae,
1399 1636 1576 1701 dummodo
1600 1642 1770 1707 decedente
1787 1643 1898 1708 Evan-

527 1717 655 1800 gelico,
679 1717 709 1780 iu
729 1716 798 1796 ejus
817 1716 982 1796 religionis
999 1715 1259 1798 Episcopatibua,
1282 1717 1520 1798 Evangelicoa,
1542 1723 1579 1782 ad
1597 1742 1738 1788 normam
1757 1725 1896 1791 statuto·
2004 1713 2008 1720 ¹
2030 1763 2041 1772 -

525 1817 595 1862 rum
607 1797 640 1861 dt
654 1797 863 1862 observantiae
880 1798 1015 1874 idoneus
1031 1801 1175 1881 precibus
1190 1796 1322 1863 fruatur.
1363 1798 1525 1864 inmixtis
1539 1823 1619 1866 vero
1636 1828 1679 1869 ex
1693 1821 1825 1892 utraque
1847 1829 1898 1874 re·

524 1879 670 1964 ligiooe,
696 1879 747 1943 seo
769 1877 1029 1960 Episcopatibua.
1053 1880 1104 1941 seu
1126 1881 1195 1944 aliia
1221 1882 1302 1945 locis
1323 1882 1529 1952 immediatis,
1575 1890 1720 1967 precibus
1740 1893 1896 1973 primatiis

524 1961 732 2047 praeseutttoc
747 1963 979 2041 congaudeat,
1006 1959 1061 2025 nist
1075 1963 1263 2027 beneficium
1280 1983 1397 2027 vacans
1412 1964 1542 2028 consors
1563 1967 1728 2052 religionis
1747 1971 1892 2056 posscde-

524 2049 608 2120 tit.„
635 2043 713 2110 lbid.
744 2065 811 2127 cap.
825 2042 883 2108 IX.
908 2064 979 2127 pag.
993 2064 1061 2107 121.
1094 2045 1129 2106 lo
1156 2048 1499 2126 quibuscunqueetiam
1517 2049 1755 2116 fundationibus
1772 2057 1892 2118 media-

522 2128 566 2191 tia
590 2145 675 2189 anno
697 2127 786 2209 ¹⁶24·
800 2128 851 2190 die
873 2146 900 2189 1.
920 2126 988 2199 Jan.
1003 2127 1084 2190 sacra
1100 2127 1231 2192 Caesaria
1249 2130 1392 2210 Majelias
1412 2131 1572 2210 primarias
1596 2154 1704 2214 preces
1730 2141 1894 2216 exercuit,

522 2219 674 2274 exerceat
686 2209 781 2274 etiam
794 2209 1014 2294 imposterum,
1036 2211 1208 2276 admodum
1228 2215 1311 2277 ritca
1324 2215 1406 2277 bona
1427 2212 1607 2278 immediata
1633 2217 1772 2301 superius
1791 2222 1897 2304 expli·

522 2304 640 2357 citum.
1179 2328 1190 2342 ·

454 2411 486 2490 i)
508 2411 603 2494 Apud
618 2409 752 2473 eundem
766 2410 820 2474 cit.
837 2408 934 2476 Tom.
956 2429 1026 2493 pag.
1043 2428 1112 2494 135.
1133 2409 1166 2474 dt
1179 2429 1251 2493 pag.
1268 2429 1337 2494 139.
1355 2430 1424 2492 149.

363 2529 365 2544 '
454 2528 483 2612 a)
502 2530 595 2610 Apud
610 2530 745 2591 eundem
759 2529 813 2591 cit.
832 2527 927 2591 Tom.
938 2549 1014 2674 pag.
1032 2541 1099 2603 182.
1119 2531 1152 2592 dt
1172 2540 1241 2601 182.
1258 2540 1327 2605 ¹8⁴·
1350 2546 1422 2620 pag.
1437 2545 1508 2610 537.
1522 2546 1594 2609 540.
1637 2528 1674 2592 In
1695 2530 1894 2596 Caesareano·

522 2629 592 2674 tom
609 2610 815 2675 instrumento
837 2614 921 2692 pacis
937 2655 945 2674 .
961 2615 1077 2676 uecicis
1094 2613 1207 2694 legatia
1221 2610 1283 2674 line
1298 2610 1371 2689 lllaJi
1384 2609 1558 2682 aschilam,-
1572 2612 1715 2692 ejnsdem
1732 2617 1893 2695 trigesimo

523 2694 646 2758 collato
659 2693 693 2756 dt
708 2713 735 2775 3.
747 2692 831 2765 Junii
844 2694 968 2776 publice
995 2694 1115 2759 dictato
1130 2715 1182 2779 per
1198 2691 1305 2756 direti.
1325 2691 1471 2771 llloguut.
1494 2695 1574 2774 apud
1589 2696 1706 2758 bleiern
1722 2695 1816 2761 Trana.
1836 2702 1892 2764 cit.

520 2795 590 2872 pag.
603 2776 674 2859 566.
693 2776 769 2838 ioco
789 2777 898 2839 verbi:
923 2776 1131 2858 Euangeliou:
1153 2777 1266 2844 uerba:
1291 2771 1807 2861 Aagttjlanoeaunsafflaniuddilio.·
1822 2780 1892 2848 suot
1958 2789 1975 2800 “

362 2793 371 2982 l
518 2865 632 2942 polita.
675 2857 763 2923 ldem
774 2856 893 2942 legitur
907 2877 978 2942 pag.
994 2870 1069 2943 958.

362 3039 366 3114 3
876 3163 899 3191 ,
1077 3096 1108 3185 i·
1158 3086 1226 3162 tx.

516 3258 675 3333 Tandem
692 3257 766 3355 post
779 3260 886 3330 varias
902 3255 1158 3332 consultationes
1175 3258 1266 3330 ultro
1282 3258 1436 3355 citroque
1448 3256 1577 3333 habitas
1596 3264 1765 3336 communi
1782 3262 1888 3339 &Cao'

414 3355 609 3434 tbolicorum
634 3356 937 3432 &Prutcllantium
959 3357 1085 3429 calculo
1104 3358 1159 3453 jus
1183 3360 1420 3454 primatiatuto
1443 3384 1580 3455 precum
1600 3363 1632 3431 in
1659 3360 1888 3436 instrumento
2028 3385 2031 3390 ⁴

411 3459 441 3527 P.
455 3463 508 3530 W.
526 3455 693 3529 servatum
711 3459 810 3553 inque
827 3479 1030 3552 perpetuum
1047 3453 1290 3527 constabilitum
1310 3453 1353 3529 ell
1373 3457 1425 3526 his
1443 3455 1569 3527 verbis:
1592 3459 1692 3529 “Ubi
1715 3458 1801 3530 sacra
1819 3467 1890 3532 Cae·

410 3551 490 3626 sacca
509 3553 738 3651 Majeslasjus
752 3559 988 3649 primariorum
1008 3579 1146 3649 precum
1163 3557 1327 3635 exercuit,
1352 3578 1500 3625 exerceat
1529 3556 1628 3624 ctiam
1650 3561 1682 3624 io
1707 3556 1888 3649 posterum,

411 3653 589 3726 dummodo
607 3650 787 3724 decedente
804 3649 947 3745 August,
976 3648 1120 3725 Conscls.
1142 3648 1274 3721 additio
1297 3653 1329 3719 in
1356 3652 1427 3745 ejus
1445 3651 1616 3740 religionis
1633 3653 1888 3750 Episcopatibus

409 3749 550 3825 Cooscls.
567 3763 656 3844 Aug.
673 3748 824 3822 addilius
847 3750 886 3820 ad
904 3774 1056 3821 normam
1077 3747 1273 3820 statutorum
1291 3747 1323 3819 dt
1339 3745 1553 3819 observantiae
1571 3749 1710 3821 idoneos
1730 3752 1887 3848 precibus

407 3843 547 3924 fruatur.
600 3854 639 3920 ln
655 3851 766 3922 mixtis
785 3872 867 3920 vcro
887 3873 924 3919 ex
940 3871 1083 3944 utraque
1105 3847 1269 3939 religione
1290 3842 1346 3918 seu
1367 3843 1637 3945 Episcopatibus,
1671 3847 1726 3921 seu
1746 3851 1816 3921 aliia
1840 3852 1888 3922 lo·

406 3951 448 4020 cis
462 3947 684 4027 immediatis,
713 3946 868 4044 precibus
883 3948 1053 4039 primariis
1068 3944 1283 4044 prasentams
1300 3970 1365 4015 non
1382 3945 1521 4036 gaudeat
1542 3944 1599 4017 nist
1616 3945 1814 4020 beneficium
1830 3973 1885 4021 aa·

406 4070 478 4118 cans
495 4047 671 4141 religionis
688 4040 822 4116 consors
841 4039 1030 4141 possederit.
1049 4094 1070 4126 „
1095 4048 1132 4136 a)
1183 4044 1275 4139 Quid
1299 4041 1356 4114 sub
1377 4041 1628 4139 Episcopatibus
1653 4046 1686 4116 dc
1708 4047 1780 4117 aliis
1804 4047 1886 4120 locis

407 4145 605 4218 immediatis
621 4144 675 4215 hic
693 4143 916 4234 intelligatur,
940 4140 1079 4213 dubium
1097 4142 1347 4239 quodammodo
1368 4145 1486 4233 agitari
1506 4145 1646 4237 poterit:
1674 4140 1779 4216 sulum
1792 4145 1884 4242 Epil-

406 4265 558 4340 topatus,
592 4243 652 4340 qui
674 4241 868 4312 immediate
890 4243 1135 4335 imperatorem
1163 4239 1195 4311 dc
1222 4243 1407 4335 imperium
1429 4236 1631 4330 agnoscunt,
1672 4241 1824 4315 denotati
1844 4269 1885 4317 eo

360 4365 363 4424 ς
407 4336 467 4438 §bo
484 4364 655 4437 neqeunt,
683 4339 810 4435 alioqui
830 4336 873 4409 ob
890 4361 1007 4410 eorum
1025 4342 1225 4434 paucitatem
1238 4338 1293 4432 jus
1308 4361 1446 4433 precum
1462 4331 1677 4410 caesareorum
1687 4343 1828 4414 nimium
1844 4343 1886 4415 ad

360 4437 364 4506 l
406 4435 509 4514 nilus
530 4441 654 4512 limites
671 4433 749 4510 esset
769 4437 993 4518 cartilatum,
1014 4435 1091 4507 scite
1109 4431 1304 4507 observante
1320 4435 1434 4508 Gailio
1448 4435 1537 4527 0&
1559 4462 1597 4508 ex
1620 4463 1661 4510 eo
1680 4445 1824 4536 alytero.
1850 4442 1885 4526 c)
1931 4509 1938 4518 ,

360 4533 362 4538 ’
404 4539 565 4612 Pretecea
581 4537 669 4609 hunc
690 4560 758 4608 oon
780 4531 843 4608 esse
865 4529 992 4608 sensum
1015 4537 1050 4606 P.
1067 4539 1120 4606 W.
1146 4556 1216 4606 tum
1240 4557 1278 4607 ct
1299 4529 1436 4605 historia
1460 4530 1611 4632 praefixa,
1647 4536 1732 4610 &ca
1749 4537 1818 4636 ipsa
1833 4538 1885 4610 rei

360 4673 361 4716 c
405 4658 517 4718 natura
531 4633 665 4718 abunde
676 4632 835 4736 patescit,
859 4657 936 4712 nam
951 4629 1169 4736 Episcopatus
1169 4628 1273 4808 xipfi,
1298 4654 1417 4735 utpote
1440 4634 1481 4710 ad
1504 4659 1587 4736 quos
1608 4660 1671 4734 pec
1685 4632 1884 4801 ciciliontnp

1225 4755 1243 4832 3
1829 4753 1869 4808 re
