5017 5592
538 617 614 742 ne
627 654 852 738 ancient
871 655 930 772 tu
951 651 1134 734 renuis
1151 653 1254 735 ven
1270 655 1426 735 civit.
1446 601 1647 734 uirtute
1665 653 1783 736 neu.
1797 659 1866 740 aa.
1889 661 1974 764 437

491 838 641 915 historia
661 840 782 912 vetetis
801 838 962 933 Analogia
979 865 1039 911 not
1057 841 1218 912 certiores
1239 836 1330 912 facit.
1398 844 1448 910 lta
1470 864 1546 912 cum
1567 838 1679 913 subtili
1704 855 1801 914 v'net
1821 843 1974 915 Eseeu

492 943 528 1012 in
545 947 654 1012 latitat
683 937 800 1029 l'aepius
818 940 881 1029 diff.
898 963 960 1031 cap.
980 967 1008 1010 i.
1030 948 1065 1020 s·
1083 961 1117 1020 γὲ
1134 944 1168 1013 ee
1186 941 1219 1007 θ’.
1238 966 1271 1021 o.
1294 944 1351 1009 ult.
1367 938 1660 1010 contra-celeberr.
1686 943 1730 1012 D.
1752 946 1808 1011 lla
1821 959 1975 1014 eunuc.

493 1040 522 1131 ς.
548 1050 607 1130 38.
633 1063 689 1131 39.
705 1060 764 1123 40.
788 1050 830 1130 4i
870 1061 927 1123 42.
944 1061 1003 1130 43.
1022 1061 1079 1123 44.
1102 1037 1192 1130 quod
1220 1038 1582 1110 Gttecorttntennt
1608 1040 1725 1108 attinet
1754 1038 1976 1134 penultimam

495 1137 613 1207 deboc
628 1140 766 1204 materia
780 1131 1047 1204 constitutionem
1064 1131 1287 1213 Pontificiam,
1308 1132 1349 1202 ad
1367 1133 1452 1204 banc
1473 1135 1600 1228 pariter
1612 1138 1691 1226 conf.
1709 1155 1801 1207 vitet
1821 1139 1975 1209 Eser-,ii
2040 1186 2043 1190 -

496 1255 568 1307 tato
596 1244 664 1326 cap.
685 1259 717 1316 9.
769 1235 941 1327 Quantum
968 1255 1050 1302 vero
1072 1231 1204 1302 roboris
1228 1229 1347 1303 babeat
1364 1234 1398 1302 in
1422 1233 1630 1314 Germania,
1656 1227 1745 1305 conf.
1768 1234 1876 1305 Aur.
1897 1237 1976 1303 Fa·

494 1351 584 1408 nen
604 1337 645 1399 ad
664 1335 717 1402 To
748 1336 820 1399 cad.
845 1335 880 1399 a'e
897 1336 965 1408 liis,
988 1356 1038 1419 qut
1062 1335 1102 1398 ad
1122 1334 1200 1400 Eril.
1224 1332 1341 1421 confug.
1364 1331 1427 1420 iles.
1449 1336 1526 1400 unic.
1552 1329 1593 1402 de
1616 1331 1689 1401 aliis
1712 1328 1976 1420 Regionibus&
2084 1357 2087 1362 ⁴

496 1427 682 1520 praesertim
708 1428 819 1499 Gallia
847 1429 1038 1522 expeditum
1065 1425 1112 1497 est
1133 1425 1319 1497 conllantct
1341 1423 1436 1498 soille
1461 1425 1674 1520 ‚observatam
1705 1426 1977 1502 constitutionem

496 1533 588 1599 Fica
604 1547 754 1597 reieci
778 1530 807 1626 ΙΙ.
855 1525 1003 1618 Ejusque
1027 1522 1195 1595 occasone
1217 1534 1431 1596 Aaronom
1455 1530 1488 1594 in
1506 1526 1569 1596 lioc
1592 1529 1709 1617 Regno
1736 1552 1769 1595 iii
1790 1524 1979 1598 desuetudi-

495 1651 574 1696 nem
591 1619 715 1694 abiisse.
729 1624 845 1691 ultima
861 1648 934 1718 quae
953 1625 1059 1692 lucem
1076 1625 1176 1705 vidit,
1203 1626 1376 1693 Bellen.
1404 1641 1458 1694 ux
1483 1639 1576 1714 Qvo
1600 1648 1687 1695 anno
1708 1622 1976 1714 1725fconcilio
1989 1683 2003 1698 ,

497 1725 560 1794 Ro
575 1745 701 1793 aiano
734 1718 880 1796 inserta.
907 1746 973 1790 non
996 1720 1104 1790 ubivis
1132 1720 1343 1814 promulgata
1365 1715 1438 1800 eil,
1469 1722 1708 1792 multominus
1733 1743 1890 1816 recepta,
1917 1716 1979 1794 nisl

497 1818 608 1894 forsan
633 1816 783 1889 dicecesn
810 1842 909 1888 unam
935 1817 1115 1889 alteramve
1135 1819 1304 1906 excipias,
1328 1816 1383 1886 ubi
1408 1816 1640 1914 Episcopalem
1666 1819 1891 1892 obedientiam
1907 1843 1979 1918 pree

497 1923 626 1991 ceteris
658 1912 840 1986 eitcelluisle
863 1914 937 1986 sane
968 1920 1091 1985 mirum
1114 1916 1246 1986 videtur
1268 1910 1356 1986 conf.
1385 1918 1420 1984 P.
1451 1920 1655 1988 Pronoea
1678 1923 1710 1986 in
1734 1921 1901 2002 (uirilem,
1926 1919 1977 1988 ul·
2069 1913 2073 1920 ’

496 2022 581 2089 timo
604 2039 723 2104 repeto
749 2011 864 2096 dicla3
890 2012 912 2084 si
936 2039 1052 2084 omnes
1076 2016 1186 2084 etiam¹
1207 2010 1661 2104 allegatae'conllitutiones,
1688 2015 1722 2085 tlt
1745 2015 1859 2112 plures
1878 2015 1978 2112 plene

496 2115 608 2188 ubivis
628 2109 858 2190 florescerent,
886 2113 948 2181 boc
964 2137 1030 2180 non
1052 2110 1147 2182 aliter
1162 2135 1262 2205 quam
1286 2110 1335 2179 iiel
1361 2107 1510 2205 expresso
1526 2112 1578 2182 vel
1600 2121 1701 2182 tacito
1725 2117 1977 2206 imperatorum

496 2208 656 2286 consensu
677 2213 754 2304 quia
775 2211 910 2279 munitae
925 2203 1091 2288 fuerunt,
1117 2207 1370 2300 intelligendum
1390 2232 1428 2279 ex
1445 2204 1546 2289 sanis,
1569 2208 1602 2278 oi
1624 2212 1744 2279 rationi
1763 2207 1979 2307 summopere

497 2305 730 2384 conformibus
757 2310 931 2400 principiis
962 2306 1096 2376 aliunde
1124 2302 1235 2400 postis
1263 2303 1496 2379 existimantur.
1552 2309 1594 2376 Et
1612 2305 1654 2376 de
1687 2306 1978 2384 constitutionibua

497 2400 699 2479 Pontificum
722 2408 901 2492 negativis,
923 2407 971 2474 uti
990 2427 1076 2473 extat
1103 2405 1127 2473 ll
1142 2421 1359 2480 iettenic'r.
1382 2411 1433 2472 cit.
1454 2427 1506 2475 res
1528 2397 1659 2480 facilior
1677 2407 1777 2476 etiam
1794 2407 1977 2494 eriidielo,

498 2506 591 2599 quod
620 2498 690 2573 fors
714 2498 810 2596 polbt
835 2492 900 2570 brie
925 2501 1159 2573 ratihabitione
1183 2505 1299 2594 lmpp.
1319 2504 1451 2589 vigere,
1477 2525 1552 2570 cuin
1576 2498 1613 2571 sit
1633 2499 1841 2588 restriiliva,
1866 2506 1979 2579 conse.

498 2624 645 2698 quenter
666 2597 819 2696 potestati
842 2595 977 2670 leculari
1002 2625 1067 2670 non
1089 2595 1327 2695 praejudicans,
1354 2594 1408 2668 sed
1432 2596 1650 2668 subveniens:
1675 2624 1752 2672 cum
1773 2610 1896 2696 quisque
1914 2602 1978 2697 pos·

495 2701 536 2790 fii
555 2695 666 2788 saum
686 2722 737 2790 pii
762 2698 792 2781 (e
813 2704 982 2770 introdullo
1013 2705 1208 2771 renuntiare:
1233 2693 1290 2770 scel
1312 2695 1353 2771 de
1371 2694 1573 2793 ampliativia
1595 2691 1685 2770 ditia
1701 2701 1844 2775 maxime
1860 2723 1980 2802 proce·

498 2796 586 2872 dunt
606 2794 766 2883 &locum
782 2794 917 2868 habent.

1164 2929 1195 3021 c.
1243 2927 1318 3003 vt.

495 3052 501 3062 ¹
619 3067 705 3139 Cum
722 3085 833 3137 autem
850 3053 1057 3160 circaipsom
1075 3059 1169 3134 usum
1191 3061 1433 3136 &exercitium
1455 3067 1712 3141 Annonem
1730 3067 1979 3167 interjudicem

500 3162 762 3240 Ecclesiasticum
785 3164 817 3233 ὅ(
846 3164 1025 3233 lecularem
1057 3188 1122 3232 non
1145 3185 1224 3231 raro
1246 3185 1537 3244 controvertatuc,
1573 3164 1779 3239 &crebrior
1803 3171 1981 3244 conilislus

491 3269 656 3345 oriatur,
678 3287 776 3357 atquc
792 3286 843 3332 res
861 3284 928 3330 tota
948 3284 1069 3356 quanta
1084 3251 1234 3330 scandalo
1259 3265 1428 3355 propior,
1450 3285 1550 3354 quarn
1568 3263 1689 3334 honori
1708 3261 1740 3337 ἃ
1756 3269 1844 3338 laudi
1860 3273 1980 3344 Divini

495 3355 671 3435 'Numinis
686 3362 827 3440 evadat,
854 3357 1006 3451 saepeque
1029 3356 1137 3450 major
1158 3354 1270 3425 damni
1291 3379 1399 3426 metue
1425 3360 1607 3441 timeatur,
1634 3386 1733 3456 quam
1758 3361 1832 3457 spes
1853 3367 1984 3441 emolu·

503 3462 611 3532 menti
631 3451 812 3549 affulgeat,
837 3458 969 3551 quando
987 3457 1115 3524 Praelati
1130 3453 1295 3547 ejuamodi
1316 3445 1528 3524 Eccleslalllcl
1547 3451 1621 3526 sane
1635 3482 1701 3528 non
1724 3459 1783 3530 illo
1807 3464 1981 3548 Lenitatie,

505 3557 540 3629 ἃ
572 3553 831 3626 mansuetudinis
859 3556 1060 3644 Euangeliou
1085 3549 1203 3646 spiritu
1231 3541 1331 3620 afflati
1355 3571 1479 3621 certain
1513 3553 1762 3645 quodammodo
1789 3558 1981 3631 doniinatue

503 3652 678 3748 imperiosi
701 3650 843 3748 spectem
868 3675 937 3746 pre
953 3647 983 3722 le
1008 3646 1143 3724 ferunt.
1170 3647 1266 3719 obliti
1290 3637 1361 3719 sere
1385 3650 1621 3738 gratitudinem
1647 3657 1981 3750 quaml'riocipibua

504 3751 603 3824 laicis
616 3750 762 3830 debent,
788 3772 891 3841 aquo
911 3749 1125 3842 privilegium
1144 3748 1244 3817 lioccc
1262 3768 1425 3841 perpetua
1447 3753 1610 3817 memoria
1631 3749 1865 3842 recognoscant
1879 3778 1983 3849 opor·

505 3872 581 3931 tet,
601 3873 677 3920 cum
700 3853 834 3943 inquam
861 3842 1106 3942 frequentiores
1131 3846 1212 3914 talea
1238 3848 1491 3914 committantur
1521 3845 1833 3937 Gigantomacbie,
1858 3854 1983 3926 erami-

505 3972 588 4017 nare
605 3997 614 4027 ,
638 3945 670 4017 oi
693 3941 898 4019 accuratiore
910 3946 1011 4043 paulo
1025 3941 1157 4038 justitie
1174 3941 1267 4016 lance
1290 3945 1453 4013 trutinare
1468 3968 1506 4014 ex
1523 3969 1558 4016 te
1577 3943 1610 4016 er
1631 3945 1798 4028 occasione
1814 3973 1889 4048 natta
1905 3946 1982 4028 sore

504 4067 676 4143 putamur.

630 4150 636 4164 ·
1150 4142 1184 4223 §.
1234 4135 1334 4217 Vll,

627 4273 883 4343 ¹immunitatem
899 4267 1038 4343 localem
1054 4293 1071 4340 a
1086 4269 1280 4365 Principum
1302 4263 1496 4340 secularium
1520 4261 1748 4345 benevolentia
1772 4295 1850 4372 erga
1867 4277 1985 4356 Eccle-

505 4367 588 4447 fiam
607 4373 663 4466 pio
680 4377 791 4439 animo
813 4366 1009 4440 affcilorum
1026 4391 1138 4437 ortum
1157 4365 1303 4447 traxisse,
1330 4367 1409 4436 tlurn
1431 4391 1633 4440 notavimus:
1659 4373 1740 4443 nulli
1765 4375 1867 4448 dubio
1890 4378 1984 4452 locut

505 4466 675 4566 superesse
690 4474 830 4564 poterit,
858 4492 938 4561 qun
954 4465 1024 4559 ejus
1041 4465 1076 4535 fit
1093 4468 1133 4534 ile
1149 4491 1185 4536 re
1208 4463 1428 4555 cognoscere,
1461 4491 1535 4561 qua
1559 4466 1629 4562 ejus
1653 4467 1797 4566 subjacet
1819 4472 1984 4570 potestati,

507 4567 544 4639 ἃ
565 4575 617 4636 cul
632 4568 720 4658 leges
738 4564 877 4657 figendi,
907 4563 1135 4658 religendiqtie
1150 4560 1501 4658 competitplettilli'ma
1518 4567 1706 4639 aueloritae.
1759 4565 1984 4643 certissimum

504 4689 647 4764 quoquc
663 4665 755 4738 audit
771 4662 860 4763 apud
874 4683 1009 4751 cmiter,
1050 4665 1359 4831 interptctttipnein
1383 4661 1605 4742 authenticam
1626 4662 1701 4742 ficri
1722 4673 1849 4765 optime
1868 4668 1909 4741 ab
1923 4693 1983 4751 eo,

1296 4781 1380 4852 ¹¹3
1520 4785 1565 4868 Ἰ
1789 4839 1793 4849 .
1923 4788 1983 4862 ‘1⁰⁸
2111 4837 2114 4844 ·
