5017 5592
643 709 711 762 raa
1093 665 1664 755 ntssERTnl‘ro

794 857 870 922 riter
881 873 993 921 eorum
1009 855 1129 920 reditus
1144 854 1242 920 essent
1258 855 1501 939 opulentiores,
1524 854 1617 920 facile
1632 855 1806 939 cupiditate
1819 854 1975 920 mundana
1991 853 2027 921 dr
2045 855 2127 923 affe·

786 942 918 1004 ucarnls
934 940 1103 1014 illudente,
1126 960 1144 1001 a
1162 942 1217 1002 via
1231 943 1369 1021 antiquae
1382 939 1565 1003 collationis
1579 941 1610 1002 in
1621 943 1795 1003 rnaxirnunr
1810 937 1957 1002 Eccleliae
1967 942 2122 1004 damnum

751 1025 796 1088 est
811 1020 976 1093 recessum,
999 1020 1184 1104 Regibus&
1198 1021 1390 1105 Principibus
1413 1024 1582 1085 commoda
1602 1021 1827 1086 beneficiorum
1841 1023 1873 1085 in
1910 1022 2041 1086 ersunaa
2064 1023 2125 1088 fibi

613 1167 615 1172 ,
777 1119 857 1168 ratas
870 1105 1016 1168 cunserre
1029 1106 1231 1176 volentibus,
1259 1115 1295 1167 ut
1311 1101 1446 1168 edisserit
1458 1103 1642 1188 Onuphrius
1657 1105 1828 1168 Panvinius
1843 1107 1874 1169 in
1928 1104 2013 1170 istor.
2033 1104 2125 1171 Vitae

751 1126 899 1270 dregorii
916 1186 987 1252 Vll.
1004 1188 1078 1251 edit.
1099 1187 1242 1250 Gretzer.
1257 1206 1287 1269 p.
1302 1187 1373 1269 263.
1409 1187 1508 1249 “Erat
1527 1199 1604 1250 tunc
1620 1188 1834 1260 consuetudo,
1857 1199 1892 1250 ut
1907 1210 1951 1252 ex
1969 1191 2121 1254 omnibns

753 1275 841 1335 orbis
863 1271 951 1333 larini
971 1272 1110 1351 parribus
1128 1271 1248 1333 infinita
1267 1288 1366 1353 prope
1386 1267 1552 1333 hominurn
1572 1269 1763 1333 diversarum
1780 1271 2002 1334 conditionum
2024 1273 2125 1335 rnillia

750 1355 853 1417 aulam
870 1352 1061 1434 imperialem
1078 1351 1322 1434 frequentarent.
1366 1349 1403 1412 ln
1416 1351 1467 1414 his
1484 1354 1612 1415 aderant
1629 1353 1819 1416 diversarum
1831 1355 2123 1436 congregationum

750 1433 917 1506 monachi,
929 1433 1097 1507 dodtores,
1116 1437 1176 1497 viri
1189 1436 1325 1506 literati,
1345 1434 1470 1497 nobiles
1486 1433 1520 1497 dr
1532 1437 1709 1516 ignobiles,
1730 1437 1782 1516 qui
1797 1455 1909 1498 ornnes
1921 1435 2123 1500 coconssne·

750 1521 840 1588 bant.
862 1517 913 1599 spe
937 1517 1041 1588 dotti,
1065 1529 1100 1578 ut
1117 1520 1154 1579 ab
1175 1517 1370 1598 lrnperatore
1385 1516 1567 1582 Sacerdotia
1583 1517 1732 1601 consequi
1751 1515 1892 1601 possent,
1913 1519 2123 1600 quemadmo-

750 1604 825 1664 dnna
841 1620 923 1662 nnnc
939 1600 1011 1662 usus
1029 1598 1072 1662 est
1092 1600 1123 1662 in
1142 1598 1234 1664 Rom.
1257 1599 1360 1662 Curia.
1374 1641 1395 1672 „

678 1718 717 1804 b)
740 1717 792 1784 Sic
810 1731 935 1782 cautum
948 1717 1032 1781 estin
1047 1718 1187 1780 concilio
1206 1715 1389 1780 Pitiauiensi
1409 1735 1494 1777 anno
1510 1727 1600 1792 1o·8.
1620 1715 1685 1779 boc
1702 1735 1842 1780 canone:
1856 1717 2024 1786 ,“Nullus
2042 1715 2122 1802 Epi·

748 1803 881 1883 scopus,
904 1802 1026 1866 Abbas.
1052 1801 1218 1882 Presbyter
1236 1801 1290 1862 uel
1314 1801 1465 1881 quzclibet
1486 1819 1526 1880 pe
1554 1819 1616 1860 ona
1636 1801 1676 1861 de
1701 1800 1788 1862 clero
1816 1805 1950 1880 accipiat
1967 1803 2009 1864 de
2026 1819 2123 1864 nanu

748 1883 846 1964 Regis
860 1884 911 1946 vel
931 1883 1067 1945 Cornitia
1085 1883 1137 1945 vel
1151 1881 1371 1963 cujuscunque
1384 1881 1473 1944 laicnr
1502 1880 1753 1944 ersonaedonurn
1768 1882 1977 1964 Episcopatus
1991 1883 2047 1948 vel
2055 1885 2123 1946 Ab·

748 1968 843 2032 batiae
857 1966 910 2028 vel
929 1963 1076 2028 Ecclesrae
1090 1965 1144 2028 vel
1157 1965 1332 2046 aliquarum
1346 1903 1620 2028 ecclefiadicarum
1634 1982 1756 2028 rernm:
1779 1963 1829 2028 sed
1845 1965 2021 2050 Episcopus
2033 1985 2052 2028 a
2063 1963 2122 2030 sno

748 2047 1022 2132 metropolitano,
1037 2048 1160 2122 Abba,
1177 2045 1385 2128 Presbyter&
1398 2059 1524 2108 caeterae
1533 2045 1701 2109 inferiores
1714 2046 1882 2130 personaea
1897 2049 2030 2132 proprio
2043 2045 2124 2130 Epi·

747 2130 876 2216 scopo..
896 2129 970 2196 Vld.
1005 2129 1071 2192 lura
1087 2129 1224 2193 concilia
1242 2139 1357 2192 contra
1380 2126 1582 2193 investituras
1596 2129 1751 2192 laicorum
1767 2129 1874 2196 habita
1887 2132 1969 2216 apud
1981 2129 2124 2216 Hardnl·

748 2231 824 2277 nnrn
839 2211 937 2277 Torn.
953 2211 983 2280 V
1005 2258 1013 2276 .
1028 2209 1059 2275 P.
1084 2210 1109 2275 l.
1127 2210 1162 2274 dr
1178 2211 1219 2278 ll.
1234 2209 1409 2276 Concilior.

670 2329 707 2418 r)
726 2329 758 2400 S.
773 2329 939 2395 Anselrnna
954 2327 1103 2394 anensrs
1121 2329 1234 2416 Episco
1259 2350 1297 2394 ns
1314 2329 1441 2393 abnsurn
1458 2329 1547 2394 illurn
1561 2331 1650 2394 vivis
1663 2329 1827 2394 coloribus
1840 2329 1995 2395 describit.
2008 2327 2078 2396 Lib.
2096 2327 2123 2398 Ι.

746 2415 800 2478 bic
813 2414 1001 2494 Antipapam
1016 2413 1203 2474 Gulbertnm
1217 2351 1379 2494 (fregona
1392 2413 1467 2480 Vll.
1484 2412 1665 2496 oppofitnrn
1684 2413 1898 2496 compellans:
1922 2411 2026 2478 “Rex
2042 2425 2123 2478 tuna

746 2496 941 2574 (llenricns)
959 2495 1022 2556 l'rne
1037 2495 1263 2558 interrnillrone
1278 2496 1390 2557 vendit
1409 2495 1638 2576 Episcopatus,
1660 2497 1761 2559 edidta
1777 2513 1835 2577 pro
1858 2515 1977 2568 onena,
1999 2505 2037 2560 nt
2048 2495 2125 2562 nnl-

746 2577 799 2642 lua
820 2578 974 2640 habeatur
994 2574 1020 2638 E
1043 2576 1186 2658 iscopna,
1219 2577 1307 2658 qnia
1328 2577 1416 2640 clero
1436 2577 1559 2640 eletiua
1578 2577 1663 2641 vela
1684 2579 1806 2660 populo
1838 2579 1920 2642 uerit
1941 2575 2123 2662 expetitu,

745 2659 805 2726 nifi
819 2656 1006 2741 praeceserit
1020 2595 1127 2721 bonor
1138 2660 1264 2742 regins,
1284 2657 1370 2741 quafi
1385 2657 1449 2742 ipse
1462 2657 1499 2720 lit
1512 2659 1607 2740 hujus
1621 2659 1691 2722 ostii
1707 2661 1874 2733 ostiarius,
1894 2661 2012 2740 dequo
2033 2661 2124 2726 verl—

745 2751 795 2808 tas
815 2744 910 2806 dicit:
933 2740 1007 2806 huic
1024 2739 1169 2806 ostiarius
1187 2743 1296 2826 aperit.
1339 2739 1384 2803 Et
1401 2739 1481 2804 insra
1497 2742 1620 2822 inquit,
1644 2751 1665 2778 ⁴⁴
1676 2741 1746 2806 Vos
1766 2741 1914 2807 Eccleliae
1927 2741 2122 2820 catholice,

767 2847 839 2890 narn
852 2822 1006 2922 invasistis
1023 2841 1078 2905 per
1087 2835 1200 2924 'tqturn
1215 2842 1366 2924 regnunt,
1381 2825 1524 2921 'membra
1540 2821 1753 2923 distrahitisdr
1773 2828 1804 2888 in
1825 2823 2009 2924 servituteque
2028 2825 2123 2890 redn·

744 2905 2124 3070 ..stultnsslllllslstills}illlis?lltl;is¹;.lilll:⁰·'ll':lll:lt

744 3072 845 3156 jecta,
864 3069 1091 3151 Episcopatus,
1115 3072 1283 3141 Abbatias‚
1304 3088 1417 3133 onrnes
1430 3071 1564 3132 omnino
1580 3071 1639 3133 Dei
1658 3071 1804 3135 ecclesus
1817 3119 1825 3136 .
1839 3119 1848 3135 .
1863 3118 1872 3136 .
1888 3007 2003 3134 daura·
2017 3071 2122 3146 deit.

744 3175 842 3220 nenro
858 3151 981 3216 assumit
997 3151 1050 3215 srbi
1073 3152 1247 3227 bonorem,
1269 3150 1326 3216 nisa
1340 3155 1394 3233 qui
1410 3162 1546 3214 vocatus
1562 3153 1607 3216 est
1621 3175 1638 3214 a
1662 3155 1733 3215 Deo
1749 3169 1897 3237 tanquam
1915 3155 2035 3218 Aaron.
2080 3151 2121 3220 In

743 3248 833 3322 parte
850 3247 903 3298 tna
920 3237 989 3316 qula
1003 3234 1196 3315 preficitur,
1219 3237 1275 3301 nifi
1290 3254 1383 3316 qnenr
1403 3246 1457 3297 aut
1471 3236 1571 3316 gratia
1591 3235 1746 3300 exhausto
1765 3239 1906 3309 soenore.
1929 3237 1984 3300 vel
1999 3255 2120 3302 rnnnur

742 3341 770 3468 ἰ
777 3338 890 3464 malfia,
906 3319 960 3380 uel
976 3337 1090 3462 muqus
1104 3341 1120 3382 a
1136 3322 1262 3404 lingua,
1283 3319 1337 3382 vel
1349 3337 1464 3382 munna
1476 3318 1514 3383 ab
1528 3317 1680 3401 obsequio
1693 3317 1915 3394 attraxeritl„
1936 3317 2026 3385 Idem
2039 3317 2118 3386 vid.

772 3405 812 3466 ib.
865 3448 873 3466 .
895 3401 927 3464 in
950 3418 1033 3462 exor
1056 3400 1100 3465 io.

667 3526 709 3610 d)
731 3521 806 3590 Vid.
825 3518 948 3584 Natalia
966 3516 1139 3582 Alexandri
1155 3511 1338 3581 Dissertatio
1352 3513 1410 3586 lv.
1425 3516 1458 3581 in
1469 3515 1586 3584 Histor.
1601 3517 1689 3586 Eccl.
1704 3517 1810 3584 Secnli
1827 3515 1887 3582 XI.
1901 3513 1936 3580 dr
1952 3513 2030 3582 XII.
2041 3517 2116 3586 Art.

744 3604 802 3670 lll.
824 3602 880 3671 lV.
899 3602 940 3668 V.
955 3600 1014 3670 Vl.
1031 3598 1105 3670 Vll.
1120 3598 1154 3662 dr
1172 3597 1252 3680 seqq.

601 3809 603 3814 Ι
668 3727 702 3814 a)
722 3724 797 3794 Vid.
817 3721 927 3812 lfetrna
944 3723 984 3784 de
1001 3719 1104 3784 blarca
1119 3717 1186 3781 lib.
1210 3712 1301 3782 Vlll.
1323 3713 1363 3777 de
1379 3715 1550 3814 concordia
1567 3713 1730 3780 Sacerdot.
1751 3715 1785 3780 dc
1809 3713 1924 3800 lrnper.
1937 3733 2008 3802 cap.
2021 3711 2117 3782 xlx.

744 3813 772 3888 ς.
790 3805 848 3870 lla
864 3803 905 3868 X.
922 3803 955 3866 dr
970 3805 1029 3884 seq.
1047 3799 1079 3864 dt
1096 3800 1217 3865 Natalia
1233 3799 1418 3862 Alexander
1435 3796 1559 3862 Dissert.
1574 3799 1700 3861 laudata
1714 3801 1783 3864 Art.
1798 3797 1840 3864 ll.

664 3926 692 4013 s
694 3934 709 4009 )
732 3924 769 3990 ld
782 3920 945 4007 perbibent
957 3918 1075 3983 Urbani
1093 3917 1131 3984 ll.
1151 3917 1248 4000 Epist.
1268 3935 1317 3997 15.
1336 3917 1467 3998 append.
1485 3915 1581 3996 Epist.
1600 3937 1648 4001 17.
1665 3917 1838 3980 concilinna
1855 3914 2057 3981 lllelfitannrn
2074 3915 2116 3982 da

743 4025 827 4070 anno
846 4017 934 4085 ¹08⁹·
956 4000 1096 4064 habiturn
1114 4021 1182 4063 can.
1200 3999 1223 4061 l.
1240 3997 1363 4064 Concil.
1379 4001 1474 4065 'l'orn
1490 3999 1531 4064 X.
1545 4000 1660 4062 Labbei
1673 4022 1703 4084 p.
1721 4021 1792 4082 479.
1809 3999 1982 4074 concilium
1997 3997 2114 4064 Claro·

739 4101 927 4152 rnontannrn
951 4102 1036 4148 anno
1058 4101 1146 4167 1095.
1171 4081 1347 4146 Ronaannrn
1370 4099 1460 4164 1099.
1481 4080 1516 4145 dt
1543 4081 1753 4146 lateranense
1773 4101 1857 4145 anno
1880 4099 1971 4165 1123.
1995 4077 2114 4152 canl.

743 4170 776 4233 dc
792 4169 866 4237 Vll.

668 4287 707 4372 g)
730 4285 817 4351 Patet
832 4308 872 4349 ex
891 4282 1061 4349 Alexandri
1079 4277 1135 4343 lll.
1164 4277 1256 4423 Papa
1274 4275 1413 4377 Epistola
1431 4299 1482 4362 54.
1501 4279 1644 4364 Append.
1663 4299 1693 4348 ι.
1710 4281 1808 4366 Epist.
1819 4293 1874 4344 ἀι.
1890 4279 1925 4344 dr
1939 4299 2115 4346 common·

742 4367 1098 4432 liraturaTbonralsrno
1111 4362 1188 4426 Part.
1223 4361 1373 4444 l.drscipl.
1384 4361 1425 4428 V.
1438 4363 1472 4426 dt
1488 4362 1653 4430 Nor·.l.ib.
1670 4365 1696 4430 1.
1711 4386 1779 4450 cap.
1789 4365 1945 4430 xxxvl.
1957 4365 1985 4450 §
1993 4365 2036 4431 X.
2052 4361 2115 4434 XI.

669 4513 704 4596 d)
726 4510 813 4577 Idem
825 4519 920 4570 antor
935 4508 966 4588 ἓ.
986 4505 1042 4566 lIl.
1064 4508 1163 4567 cirnto
1180 4502 1286 4568 causas
1305 4503 1433 4566 adducit
1449 4505 1656 4568 mutationis:
1677 4507 1840 4588 inquiens:
1869 4513 1891 4544 ‘⁶
1903 4503 1999 4587 srquae
2016 4503 2115 4588 Capi·

742 4591 825 4662 tuln.
848 4589 1026 4654 inconfusa·
1042 4593 1134 4650 etiarn
1151 4587 1325 4670 Episcopo.
1347 4586 1529 4652 canonicos
1544 4589 1687 4670 eligunt,
1706 4609 1772 4651 non
1788 4587 1891 4670 potest
1907 4589 1958 4654 hic
1970 4587 2045 4651 nsua
2057 4605 2115 4650 cn·

739 4693 861 4743 nonno
876 4689 998 4738 normae
1013 4683 1181 4754 tantopere
1200 4671 1350 4742 adsersus
1362 4670 1507 4748 aliunde,
1528 4683 1566 4738 ut
1578 4691 1738 4756 auguror,
1758 4669 1927 4762 irrepsisse,
1946 4691 2043 4758 quarn
2056 4669 2114 4809 {ql
