5017 5592
1934 535 1953 574 Ι

506 629 582 708 aaa
758 595 1096 684 utssttrnrro
1123 591 1426 673 utstoatco.
1449 594 1721 673 cauourcr
1749 597 1752 601 ’

503 783 678 858 Interdum
697 778 890 854 fundatores
911 777 951 850 de
966 775 1185 875 lmperatoris
1204 776 1237 849 dr
1254 778 1455 875 plerumque
1478 779 1578 851 etiam
1597 772 1850 850 Eccleharuma
1867 771 1902 850 se
1916 799 1987 852 ere·

506 882 637 967 aarum
656 879 811 953 consensu
827 886 948 949 Virum
965 900 1135 975 potentem
1158 873 1300 972 desuper
1319 900 1474 969 rogatum
1497 879 1530 946 in
1558 878 1726 971 primaevis
1747 873 1989 949 fundationum

507 981 628 1054 litteris
644 984 677 1050 in
704 975 930 1075 protesiorem
954 974 1091 1045 dabant:
1114 972 1170 1044 ubi
1194 995 1304 1068 autem
1327 976 1448 1046 horum
1472 977 1561 1044 nihil
1584 1000 1601 1045 a
1623 970 1771 1068 piissimis
1796 969 1987 1046 fundatori·

507 1079 571 1153 bus
592 1076 799 1150 observatum
826 1072 1162 1172 deprehendebatur,
1188 1077 1438 1170 Imperatorum
1462 1072 1566 1145 veluti
1597 1069 1859 1145 Universalium*
1879 1073 1990 1145 Adro-

507 1200 659 1249 earorum
675 1173 861 1246 sollicitudo
882 1173 1056 1268 implorati
1072 1171 1211 1250 solebat,
1236 1194 1273 1240 ur
1290 1170 1439 1243 Ecclesis
1462 1173 1593 1267 copiam
1619 1196 1685 1267 pro
1707 1167 1764 1242 sua
1778 1173 1813 1240 in
1833 1171 1908 1243 illas
1928 1172 1989 1243 ele·

428 1351 431 1357 ,
507 1278 632 1347 mentia
655 1269 819 1354 facerent,
841 1268 917 1352 fibi,
941 1295 1042 1366 quem
1066 1271 1189 1341 vellent
1210 1267 1307 1365 ipsae,
1333 1266 1542 1342 defensorem
1562 1268 1754 1362 deligendi,
1781 1267 1815 1340 dt
1838 1269 1986 1343 Advoca-

507 1367 794 1445 tum'inferiorem
814 1367 1043 1441 constituendi.
1097 1368 1218 1439 Talem
1240 1363 1431 1440 facultatem
1443 1367 1623 1440 Corradus
1638 1372 1726 1463 lmp.
1742 1369 1804 1439 lV.
1826 1364 1986 1440 monaste·

508 1473 562 1542 rio
581 1465 774 1540 Eboracenst
792 1465 929 1539 solemni
949 1466 1132 1559 diplomate
1150 1464 1292 1557 gratiose
1312 1461 1481 1550 couceslit,
1504 1491 1543 1539 ex
1560 1490 1627 1564 quo
1645 1461 1763 1564 saepius
1786 1489 1867 1540 cum
1887 1465 1984 1540 lande

481 1569 483 1574 ’
508 1570 696 1642 nominatus
714 1572 873 1660 Magerus
890 1561 1058 1659 sequentia
1074 1567 1228 1635 extraxit:
1636 1565 1641 1574 ’

550 1716 640 1783 Sicut
660 1710 749 1774 Ordo
768 1710 976 1774 cisterciensis
999 1713 1036 1774 ab
1055 1712 1144 1774 omni
1161 1711 1405 1773 Advocatorum
1421 1728 1537 1791 genere
1556 1709 1649 1791 juxta
1666 1713 1845 1794 primatiam
1863 1713 1985 1779 institu-

452 1797 454 1806 '
625 1795 748 1858 tionem
770 1793 852 1857 suam
875 1793 993 1876 semper
1008 1794 1085 1856 libet
1105 1792 1265 1858 extitit&
1293 1795 1466 1866 immunis,
1489 1792 1531 1855 fic
1553 1795 1701 1876 deinceps
1716 1795 1827 1859 eadam
1848 1795 1985 1862 Ecclesia

451 1945 457 1953 ,
484 1917 488 1922 -
624 1876 854 1957 (Eboratanfis)
877 1887 1017 1958 excepto
1034 1874 1101 1938 solo
1120 1876 1335 1939 Romanorum
1357 1875 1571 1956 imperatore,
1593 1876 1672 1939 nulli
1688 1877 1813 1957 prorsus
1831 1879 1984 1943 Advoca-

625 1969 754 2034 torum,
775 1959 831 2022 nili
847 1962 898 2022 cui
918 1959 947 2021 ie
971 1958 1153 2022 voluntarie
1177 1958 1361 2036 subjecerit,
1382 1961 1443 2031 ita,
1475 1958 1561 2041 quod
1581 1958 1667 2021 velle
1690 1958 1777 2023 suum
1802 1961 1913 2042 postea
1932 1981 1987 2030 va·

623 2041 690 2105 leat
712 2042 896 2117 immutare,
918 2060 972 2125 per
988 2042 1105 2125 praedia
1124 2040 1159 2104 dt
1178 2040 1382 2124 polieffiones
1397 2040 1465 2106 suas
1485 2041 1736 2125 aliquatenus-stt
1752 2043 1902 2126 subjesta.

710 2158 783 2244 Cap.
800 2180 827 2227 1.
847 2163 896 2225 cit.
912 2154 978 2244 diffi
994 2180 1024 2225 rr.
1037 2177 1087 2244 αῖ.

628 2289 707 2365 th.
731 2293 826 2365 idem
843 2296 978 2369 Author
999 2297 1059 2368 hac
1074 2298 1106 2366 in
1131 2321 1166 2368 re
1188 2294 1390 2392 depraedicat
1409 2297 1551 2367 Henrici
1573 2297 1661 2391 lmp.
1686 2301 1747 2370 IV.
1774 2322 1854 2393 erga
1871 2323 1986 2376 mona·

512 2383 648 2459 flerium
677 2389 872 2487 Allerl'pach
897 2419 1054 2491 paternos
1080 2391 1234 2476 favores,
1263 2393 1384 2489 quibus
1407 2391 1509 2464 simile
1538 2396 1752 2491 privilegium
1778 2400 1988 2473 Advocatum

512 2483 742 2582 protetiorem
765 2487 811 2559 sui
840 2516 1023 2575 amantem,
1046 2491 1077 2563 dt
1103 2495 1225 2588 inquo
1249 2490 1379 2562 firmam
1403 2490 1559 2562 fiduciam
1587 2494 1788 2582 collocaret,
1810 2495 1990 2572 assumendi

514 2583 714 2657 authenticis
731 2586 848 2660 litteris
864 2614 950 2662 anno
969 2587 1074 2684 rt'23.
1097 2590 1257 2684 elargitus
1273 2587 1335 2672 eli,
1352 2591 1386 2661 in
1403 2587 1523 2685 quibus
1541 2592 1587 2662 ita
1604 2590 1763 2683 legimus:

554 2714 602 2782 Ut
614 2718 720 2784 Abbaa
735 2740 806 2785 cum
823 2720 970 2790 fratribus
984 2725 1190 2789 Advocatum
1205 2722 1276 2799 libi,
1292 2715 1385 2806 quem
1400 2721 1563 2788 utiliorem
1578 2724 1772 2832 providerit,
1786 2726 1970 2796 constituat.

513 2850 635 2923 Rarius
651 2850 713 2935 eli,
730 2855 826 3022 pund
842 2857 884 2927 de
900 2855 1071 2931 Ascetetio
1093 2853 1321 2947 Hirfaugienli
1337 2852 1504 2940 refertur,
1530 2857 1620 2951 quod
1638 2853 1758 2928 scilicet
1781 2859 1868 2931 illud
1884 2886 1904 2932 a
1922 2861 2001 2935 Ro·‘

515 2970 615 3018 mano
631 2953 725 3021 Ponti
754 2978 789 3024 ce
804 2955 945 3028 Urbano
961 2960 1013 3038 li,
1041 2952 1276 3051 praetermisso,
1301 2957 1349 3026 uti
1371 2954 1520 3035 videtur,
1542 2952 1670 3026 Caesare
1693 2960 1822 3027 veniam
1843 2957 1900 3029 fibi
1924 2961 1988 3033 Ad·

515 3066 670 3115 vocatum
690 3049 909 3122 constituendi
930 3057 1067 3150 petierit
1091 3053 1123 3124 dt
1152 3052 1353 3136 obtinuerit3
1376 3077 1435 3123 nec
1458 3056 1595 3122 omnino
1621 3050 1756 3134 absone,
1779 3080 1856 3126 nam
1876 3057 1910 3128 dt
1928 3063 1991 3131 lio·

513 3165 632 3211 manus
647 3142 797 3219 Pontifex
811 3148 1000 3223 Advocatus
1016 3149 1231 3223 Ecclefiarum
1248 3148 1453 3223 Universalis
1470 3149 1532 3229 est,
1548 3147 1594 3220 all
1614 3150 1821 3243 Spirirualis,
1837 3179 1915 3225 cunt
1929 3159 1990 3228 len.

515 3260 654 3335 perator
676 3246 869 3342 temporalis
895 3247 1103 3320 solummodo
1131 3251 1273 3321 dicatur.
1331 3246 1444 3320 Verba
1471 3243 1683 3319 conceffionis
1708 3248 1889 3325 Pontificiae
1911 3257 1991 3328 Tri·

515 3336 662 3428 tbemius
679 3342 713 3412 in
732 3343 901 3426 Chronico
922 3346 1002 3419 diiii
1023 3346 1211 3421 monasterii
1232 3346 1407 3443 producit,
1430 3369 1469 3416 ex
1485 3369 1554 3441 quo
1570 3342 1738 3442 sequentia
1762 3354 1968 3423 recitamus:

557 3496 761 3562 Advocatum
774 3507 878 3561 autent
897 3497 1123 3582 Imperatorem
1141 3499 1376 3571 Romanorum,
1392 3496 1444 3578 qui
1457 3494 1491 3557 dr
1506 3493 1620 3559 Noster
1637 3498 1827 3563 Advocatus
1839 3503 1894 3573 est,
1910 3524 1994 3587 prae·

538 3629 564 3644 .
630 3577 773 3643 ficimus:
794 3592 923 3665 propter
942 3582 1132 3660 multiplices
1150 3589 1253 3642 tamen
1279 3579 1357 3660 Ejus
1380 3598 1470 3641 curas
1484 3578 1517 3639 dt
1531 3579 1750 3660 dispositiones
1766 3584 1860 3648 liceat
1874 3589 1994 3653 Abbati

631 3659 665 3725 de
680 3660 856 3736 fratribus,
872 3663 965 3727 illum
977 3665 1012 3726 da
1032 3664 1142 3727 Colunt
1155 3665 1288 3743 eligere,
1307 3662 1476 3725 stidoneus
1491 3661 1604 3736 suerit,
1629 3710 1638 3728 .
1662 3709 1671 3728 .
1695 3711 1702 3728 .
1724 3665 1767 3728 stu
1781 3680 1888 3734 autem
1901 3674 1993 3747 alias,

632 3744 841 3828 undecunque
863 3746 961 3819 libet,
983 3747 1078 3810 liceat
1097 3747 1192 3809 aliurn
1215 3747 1344 3828 eligere.

637 3897 736 3974 Xlll.
759 3907 789 3973 A
806 3899 936 3977 diverso
950 3902 1071 3985 modo,
1094 3927 1162 3998 quo
1177 3900 1339 3973 Advocati
1355 3895 1552 3995 proteflorii
1568 3899 1819 3996 particularium
1837 3900 1998 3979 Ecclesia·

514 4019 592 4068 rum
608 3996 868 4083 constituuntur,
905 3999 1095 4072 Advoeariae
1111 4024 1246 4095 quoque
1262 3997 1396 4071 uiverfis
1419 4023 1437 4069 a
1458 3998 1490 4070 le
1512 3997 1703 4069 nominibus
1728 3997 1994 4092 dillinguuntur.

516 4098 628 4188 Quam
648 4093 705 4167 stbi
721 4093 913 4172 fundatores
928 4093 1155 4180 reservarunt,
1172 4096 1350 4168 secundum
1372 4094 1522 4192 superius
1542 4093 1629 4166 diiia
1650 4121 1865 4193 nuncupatur
1888 4105 1995 4195 Origi-

515 4197 615 4264 rmia.
665 4198 776 4290 Qtam
791 4195 953 4269 Catholici
973 4200 1179 4293 imperantes
1193 4220 1230 4266 ex
1246 4193 1376 4291 speciali
1395 4194 1632 4268 benevolentiae
1648 4192 1769 4265 affectu
1790 4199 1823 4265 in
1850 4193 1882 4267 se
1902 4223 1995 4270 rece·
2017 4283 2021 4290 Ι

515 4310 656 4385 petunt,
682 4294 863 4385 Affampta:
890 4321 963 4391 quae
978 4295 1018 4365 ab
1034 4293 1299 4387 imperatoribus
1318 4293 1350 4364 ἃ
1367 4296 1458 4373 aliis,
1484 4292 1604 4386 quibus
1621 4290 1867 4363 sabadvocatos
1892 4296 1996 4367 dandi

515 4387 654 4463 facultas
677 4385 744 4466 esi,
771 4392 920 4464 Ecclefiis
948 4390 1145 4489 irrequisitis
1168 4395 1370 4486 imponitur,
1409 4412 1465 4463 aur
1489 4393 1589 4460 etiam
1612 4390 1860 4484 requirentibus
1884 4393 1997 4476 datur,

514 4513 582 4560 nott
597 4487 717 4560 harum
732 4482 787 4555 sed
804 4486 952 4562 dantium
967 4492 1125 4570 arbitrio,
1153 4498 1297 4561 Dari-ua:
1325 4513 1398 4584 quar
1413 4512 1510 4562 certae
1529 4483 1670 4564 familia,
1678 4488 1843 4573 adheret,
1862 4496 2000 4562 Gentili-

469 4675 471 4680 .
516 4593 563 4661 tia
582 4587 635 4686 vel
649 4588 831 4659 familiaris.
882 4592 993 4685 Qtam
1007 4586 1066 4665 fibi
1084 4583 1232 4676 Ecclcfiae
1249 4589 1325 4686 opis
1341 4587 1461 4683 indige
1478 4609 1634 4684 tanquam
1655 4584 2003 4684 utilemexfingulati

771 4733 777 4744 ,
1920 4710 2002 4761 con·
