5017 5592
455 713 531 792 450
617 659 632 667 ”
902 635 1488 761 ¹ii-issisitrario

455 867 686 966 argumentis,
710 859 958 962 morientisque
973 866 1141 936 rationum
1156 888 1221 961 pto
1238 887 1380 961 utraque
1402 861 1542 936 solerter
1557 864 1751 957 etrngitatit
1765 865 1940 966 reliquum

456 971 614 1048 duntaxat
635 962 752 1048 soret,
780 968 927 1036 rationes
952 966 1126 1036 decidendi
1151 988 1247 1035 more
1269 960 1509 1059 consiicmjam
1534 961 1752 1058 subjungere,
1777 959 1941 1039 noslr‘am·

456 1092 525 1168 que
542 1069 720 1144 ultimato,
741 1086 877 1159 quoque
900 1085 1071 1154 vergeret,
1097 1062 1229 1156 aperire
1252 1084 1411 1133 mentem.
1461 1066 1591 1132 Verum
1617 1071 1706 1134 enini
1730 1088 1812 1136 vero
1835 1069 1941 1136 etatis

438 1163 576 1242 ,nolite
600 1159 756 1257 suscepte
775 1163 920 1231 rationes
943 1163 1159 1232 vehementer
1181 1182 1387 1254 pregnantes
1408 1183 1475 1228 nnn
1496 1182 1672 1256 pariuntur
1695 1160 1840 1234 ulterius
1863 1186 1963 1259 pro·-

366 1309 374 1320 ,
458 1261 584 1361 gredi,
606 1258 661 1330 sed
677 1260 817 1351 gradum
832 1258 933 1329 modo
954 1254 1139 1340 sistere,'&
1161 1280 1296 1326 manum
1318 1281 1336 1327 a
1357 1253 1469 1327 tabula
1493 1282 1669 1330 removete
1694 1259 1827 1355 jubent.
1878 1265 1944 1334 sta·

457 1384 528 1461 que
544 1358 567 1431 fi
582 1354 731 1428 modeslo
747 1377 822 1426 cuin
843 1352 972 1426 silentio
995 1352 1212 1434 discedimus,
1233 1353 1429 1451 judicioque
1451 1354 1564 1427 nollro
1592 1357 1632 1426 ad
1655 1360 1867 1447 commodius
1890 1354 1943 1432 fu·

459 1465 529 1534 turi
545 1458 708 1551 temporis
727 1450 869 1548 spatium
891 1450 1149 1548 procrastinato,
1176 1455 1381 1547 interimque
1395 1449 1568 1547 suspenso,
1592 1455 1691 1525 telam
1707 1479 1852 1555 coeptam
1869 1459 1943 1554 qui·

387 1620 389 1623 .
460 1553 572 1631 escere
587 1552 760 1630 volumus,
782 1550 816 1620 id
831 1552 999 1646 vituperio
1013 1551 1102 1622 hauil
1119 1552 1209 1631 dari,
1228 1573 1285 1621 aut
1300 1549 1395 1620 nobis
1415 1551 1489 1621 duci
1514 1549 1718 1623 arbitramur
1735 1558 1854 1650 :·quin
1876 1570 1942 1627 me·

459 1655 527 1726 lius
548 1675 608 1722 nos
624 1672 660 1719 ut
681 1651 848 1719 contrario
863 1652 1012 1718 neutrius
1030 1651 1134 1742 partis
1150 1645 1257 1718 studio
1273 1650 1446 1730 invitatos,
1467 1647 1643 1745 aoslrisque
1661 1651 1748 1721 ditia
1770 1655 1941 1725 Germana

459 1747 646 1924 precante
659 1749 754 1816 Duce
772 1743 901 1839 prolata
916 1746 1028 1816 altiori
1041 1746 1188 1842 judicio,
1204 1739 1349 1840 foroque
1367 1755 1571 1845 competenti
1592 1748 1804 1844 dijudicanda
1824 1745 1940 1826 aenis·

479 1872 499 1927 e
515 1845 708 1943 subjicimus
715 1892 727 1929 ‚
751 1867 787 1917 ac
801 1841 1015 1945 perimpeal'e
1037 1843 1323 1917 commendamus.
1610 1861 1613 1866 ·

956 2014 1015 2104 Ο.
1065 2017 1116 2107 Α.
1171 2012 1233 2097 Μ.
1290 2013 1343 2106 D.
1403 2015 1457 2108 G.

1044 2249 1362 2343 &hibi-'h

731 2493 1233 2618 Anim'adversio
1301 2501 1615 2627 Editoris.

363 2791 365 2798 ·
465 2644 733 2832 Mirones,
762 2749 853 2846 quod
879 2746 1029 2837 Auiior,
1054 2746 1229 2846 postquam
1251 2772 1292 2823 er
1315 2744 1389 2845 ipso
1418 2754 1580 2823 Barsmets
1604 2745 1822 2825 fundamenta
1846 2747 1941 2850 plane

367 2900 372 2924 i
466 2848 571 2924 solida
590 2845 769 2929 attulisset,
794 2853 827 2917 in
849 2849 1009 2919 decisione
1030 2871 1138 2919 tamen
1162 2846 1406 2920 controversiae
1424 2850 1522 2941 hujus
1545 2847 1698 2931 haestet,
1719 2875 1759 2920 aii
1776 2852 1832 2946 jus
1850 2847 1940 2947 Asyli

467 2950 502 3020 in
519 2947 667 3039 templo,
688 2948 722 3014 in
743 2944 837 3038 cujus
853 2941 1043 3041 possessione
1064 2969 1120 3014 aut
1137 2940 1280 3015 solitaria
1296 2970 1352 3018 aut
1375 2945 1563 3017 simultanea
1581 2947 1748 3018 Catholici
1763 2975 1852 3020 anno
1868 2971 1942 3022 tior·

467 3044 549 3117 mali
570 3041 724 3123 suerunt,
746 3042 838 3135 juata
852 3066 969 3112 eorum
984 3044 1149 3136 principia
1166 3048 1264 3112 eriam
1281 3070 1297 3113 a
1317 3050 1464 3114 Domino
1486 3046 1682 3115 territoriali
1703 3043 1941 3119 Proteslanrico

403 3173 408 3186 ·
468 3141 547 3239 ipsis
563 3137 601 3211 st
625 3138 906 3235 relinquendum:
933 3137 1031 3232 hujus
1053 3137 1127 3211 sane
1150 3137 1350 3234 quaestionis
1373 3139 1493 3211 decisio
1517 3142 1614 3238 plana
1638 3139 1788 3237 sequitur
1806 3169 1846 3216 ex
1867 3141 1941 3243 ipsis

469 3241 562 3312 citari
574 3281 576 3287 ·
589 3241 746 3309 Baelritieri
760 3235 874 3318 diesis,
895 3238 1055 3310 nimirum
1072 3237 1255 3309 Catholicis
1275 3240 1323 3320 nil
1344 3243 1472 3332 imponi
1490 3234 1607 3333 posse,
1637 3240 1728 3335 quod
1743 3238 1780 3313 sit
1802 3243 1938 3315 illorum

468 3332 688 3410 conscientiae
707 3338 909 3406 contrarium
919 3357 929 3418 3
952 3331 1125 3429 poslquam
1140 3360 1251 3405 autem
1262 3335 1316 3429 jus
1333 3334 1425 3432 Asyli
1447 3335 1596 3408 Ecclesiis
1613 3361 1651 3409 ec
1672 3337 1837 3412 beneficio
1851 3342 1942 3412 Prin·

468 3438 584 3531 cipum
600 3432 712 3505 saltem
730 3434 877 3524 legitime
896 3430 1078 3529 quaesitum
1094 3432 1160 3516 ell;
1180 3435 1213 3501 in
1230 3458 1288 3504 eos
1309 3458 1419 3504 autem
1441 3435 1657 3508 Eccleharum
1680 3434 1861 3520 Reilores,
1885 3439 1941 3549 (prii

468 3532 523 3631 jus
540 3529 626 3603 illud
650 3531 824 3612 violarint,
849 3553 904 3601 aut
919 3531 1037 3601 violari
1059 3528 1117 3601 sua
1133 3531 1229 3625 culpa
1249 3528 1481 3627 permiserint,
1501 3558 1617 3624 graves
1638 3558 1765 3631 poenae
1788 3538 1943 3609 Ecclesia·

469 3626 569 3704 Riese
588 3625 780 3701 conslitutoe
795 3626 885 3708 sunt,
910 3650 1052 3724 quarum
1075 3626 1306 3700 ausioritatem
1328 3628 1387 3725 ips
1407 3656 1444 3701 ei
1463 3630 1647 3723 Religionis
1668 3631 1744 3706 suae
1766 3635 1942 3731 principiis

469 3730 618 3804 reuereri
643 3724 782 3807 debent,
807 3731 857 3797 ris
877 3721 974 3797 fieret
995 3727 1130 3797 illorum
1154 3724 1384 3800 conscientiae.
1436 3732 1471 3800 si
1494 3729 1648 3801 adterliis
1671 3730 1751 3803 haec
1772 3732 1941 3829 principia

470 3850 491 3900 a
518 3828 668 3897 Domino
695 3822 891 3895 territoriali
915 3821 990 3919 ipsis
1014 3826 1193 3919 quicquain
1217 3826 1460 3917 injungeretur.
1524 3827 1745 3900 Proteslantes
1766 3826 1828 3926 ips
1854 3825 1943 3928 apud

471 3926 762 3998 Scissuitorfl
791 3927 876 3992 Tam.
898 3947 926 3989 r.
939 3945 967 4014 p.
982 3950 1038 3997 4i.
1065 3924 1222 4018 principii
1239 3922 1312 3994 loco
1330 3919 1490 4005 slatuunt,
1514 3930 1605 4020 qtiod
1621 3926 1755 4024 templis
1769 3928 1883 4023 quoad
1897 3928 1943 3999 rie

472 4039 527 4093 tus
547 4024 771 4092 caeremonias
794 4016 924 4114 aliaque
947 4019 1228 4116 independentia,
1251 4025 1285 4089 in
1309 4043 1452 4117 quorum
1476 4020 1668 4118 possessione
1689 4050 1777 4097 anno
1798 4023 1942 4106 normali

471 4112 617 4199 fuerint,
635 4117 725 4211 juxta
746 4117 930 4208 Religionis
953 4113 1027 4187 suae
1068 4121 1207 4208 iincipia
1224 4115 1288 4187 sine
1313 4119 1508 4213 cujusquam
1538 4124 1780 4217 impedimento
1802 4149 1869 4223 pro
1894 4147 1945 4195 ar·

410 4293 412 4298 ,
470 4211 574 4287 bitrio
587 4216 635 4286 uti
653 4212 790 4309 poshnt3
810 4214 897 4285 idern
912 4220 1015 4304 igitur
1030 4139 1207 4285 sicundum
1225 4215 1409 4302 Religionis
1428 4219 1619 4291 Catholicae
1632 4224 1807 4317 ¹principia
1820 4221 1944 4294 Catho-

407 4355 410 4359 ·
471 4312 545 4386 licis
562 4316 683 4383 intuitu
702 4310 917 4386 Ecclesiarum
932 4337 1017 4381 annn
1040 4313 1181 4382 normali
1199 4311 1408 4408 possessarum
1431 4319 1692 4410 permittendum
1711 4325 1785 4392 erit.
1836 4324 1945 4393 Porro

381 4429 383 4433 '
431 4407 434 4411 λ
472 4418 610 4485 ussit.
630 4436 663 4489 5·
685 4414 789 4504 §.3i.
810 4408 1027 4507 relinquenda
1055 4408 1247 4484 lunietioni
1270 4409 1406 4482 subditis
1430 4439 1547 4485 arnissis
1575 4423 1738 4507 Riiipiaiiit
1761 4415 1851 4502 saar,
1873 4421 1943 4494 ie.

470 4508 547 4608 jura
564 4531 781 4607 quaecunque
796 4509 989 4580 relationem
1010 4531 1043 4580 et
1064 4516 1302 4581 connexionem
1319 4536 1394 4581 cum
1414 4514 1585 4601 Religione
1607 4514 1777 4594 hhentia,
1804 4513 1862 4588 etsi
1876 4512 1944 4588 sor·

472 4605 550 4706 tasse
565 4605 605 4678 od
630 4603 837 4677 substantiam
857 4609 1003 4677 exercitii
1028 4605 1198 4702 cujusdam
1221 4608 1404 4700 Religionis
1420 4634 1520 4681 eiiain
1543 4613 1689 4681 nhioliiie
1711 4638 1776 4682 non
1804 4610 1944 4688 neccssa-

472 4708 547 4783 tiar
570 4707 645 4805 quia
662 4726 774 4784 autem
793 4725 892 4801 neget
912 4728 951 4779 ei
971 4706 1150 4804 principiis
1170 4706 1355 4783 Catholicis
1371 4709 1618 4788 immunitatem
1642 4708 1863 4789 Ecclesiasnm
1875 4737 1894 4783 a
1908 4708 1942 4782 vi

1792 4889 1798 4898 ,
1866 4831 1946 4908 qua·
