5017 5592
681 601 1803 745 oss'Jotlt:carsnnaormtrnmattontranconi.
1909 681 1978 758 η,
2074 631 2144 654 ”

511 826 625 924 poldua
645 826 703 898 tali
723 824 903 923 privilegio
917 824 1107 909 dellitotoa,
1130 853 1152 899 a
1172 832 1342 925 primariis
1366 835 1522 928 precibus
1549 861 1613 906 non
1637 834 1845 918 abstinuerit,
1866 863 1921 908 eas
1934 863 1980 910 ta·

509 951 577 998 rnen
599 927 777 995 admittere
799 924 1033 995 &executioni
1056 926 1275 1011 demandare,
1293 929 1542 1026 'opiscoporum
1560 960 1596 1004 ac
1619 937 1815 1013 Pramum,
1837 962 1978 1008 necnon

508 1024 736 1119 capitulorum
756 1023 947 1094 Germaniae
965 1049 1030 1092 non
1047 1028 1199 1115 exiguam
1221 1049 1370 1122 partem,
1393 1031 1554 1104 libertatis
1575 1031 1768 1127 hujusmodi
1790 1057 1979 1109 memorem

510 1121 750 1194 &acerrimam
769 1117 936 1192 custodem
951 1119 1143 1194 detreilalse
1158 1124 1403 1201 animadvertit.
1898 1131 1913 1150 “⁴

540 1292 580 1370 o)
601 1288 679 1357 Vid.
696 1285 856 1352 Austorex
873 1291 900 1369 §.
914 1286 989 1354 XV.
1009 1288 1129 1372 Cupitis
1144 1288 1169 1355 1.
1191 1292 1443 1358 commemorati.

541 1411 576 1490 b)
596 1392 768 1488 Ollgenina
793 1400 915 1470 Dillett.
936 1407 975 1468 de
1002 1405 1157 1488 primatiia
1178 1428 1261 1492 ptec.
1280 1410 1435 1495 Imperial.
1462 1397 1663 1476 Reiffenstud
1681 1407 1747 1475 Tit.
1766 1410 1806 1475 de
1828 1411 1922 1494 μηδ.
1941 1408 1979 1477 dr

517 1509 521 1520 ·
616 1492 731 1570 dignit.
753 1488 869 1566 §.XX
892 1489 1263 1569 Schrnalzgtuebereod.
1280 1491 1346 1559 Tit.
1370 1493 1642 1579 §.V111.a.327.
1662 1493 1817 1579 &paffim
1838 1494 1978 1561 Canonl·
2079 1467 2090 1476 .

615 1571 672 1634 stae
688 1592 731 1633 ex
747 1573 909 1633 ordinibus
923 1573 1088 1652 teligiorix.
2119 1599 2122 1604 ·

542 1691 574 1776 a)
597 1690 670 1758 Vid.
685 1691 787 1754 literae
799 1689 970 1754 Clementia
982 1689 1040 1754 XI.
1053 1690 1136 1773 apud
1148 1689 1307 1756 Audenter
1320 1712 1388 1777 cap.
1400 1690 1426 1758 I.
1443 1692 1468 1776 §.
1481 1692 1605 1762 XXVI.
1618 1692 1672 1759 sub
1683 1703 1760 1759 nota
1774 1693 1808 1763 B.
1817 1693 1976 1761 lauretae.

1144 1888 1174 1975 i.
1225 1885 1348 1960 Vlll.

620 2014 755 2113 Qibus
776 2015 1013 2106 argumentisa
1042 2014 1201 2087 Pontifice
1225 2018 1416 2088 Germaniae
1442 2013 1668 2114 Collatoribus
1691 2003 1869 2113 proptilitix
1889 2040 1978 2091 acce·

512 2114 584 2185 dunt
600 2117 673 2184 alia
690 2114 729 2182 ab
752 2111 946 2182 authoribus
964 2117 996 2180 in
1018 2110 1223 2183 Pontificiam
1244 2112 1437 2184 sententiam
1461 2112 1656 2185 abeuntibus
1687 2113 1905 2210 suppeditator
1926 2139 1978 2187 ra·

513 2216 610 2283 tiones
626 2209 666 2307 a)
683 2235 826 2304 namque
845 2214 869 2278 1.
886 2235 922 2277 ex
941 2208 1037 2278 bullis
1056 2209 1235 2280 Pontificiis
1255 2211 1288 2280 id
1304 2214 1456 2281 evincere
1478 2235 1656 2293 conantur,
1678 2237 1752 2307 quae
1771 2237 1847 2282 com
1864 2214 1978 2283 termi-

511 2333 563 2477 ἔας
579 2315 722 2424 gratiam
738 2307 1467 2490 gapplpstnlelilucidestintlicpntesdconritpiealnt
1484 2313 1522 2376 V.
1542 2309 1979 2475 Ghdedmgmllmfllbsim
2107 2393 2110 2398 Ι

460 2497 463 2568 3-
511 2429 849 2581 .i'ii.i.¹.‘ii”....i.l‚
872 2428 1049 2595 iltis.
1066 2427 1582 2593 2l25.5.':'3l.'l.l.“l‘.ll'2.
1599 2430 1777 2573 iniri.
1796 2425 1979 2598 {allii

460 2573 462 2664 l
511 2599 668 2698 proficisci
690 2595 925 2668 existimassent.
961 2603 1004 2668 ll.
1029 2602 1074 2667 Ex
1093 2602 1192 2668 variis
1215 2597 1608 2691 limitationibus,queis
1632 2595 1808 2670 Pontifices
1825 2599 1976 2692 illudjm
2107 2647 2122 2658 -

460 2767 461 2780 ,
511 2697 734 2778 eoarssarunr,
753 2698 865 2792 'quoad
893 2698 1027 2777 locum,
1050 2718 1088 2765 ut
1107 2695 1211 2765 lulum
1226 2699 1260 2765 in
1283 2700 1380 2765 tetris
1404 2699 1542 2789 Imperii
1565 2718 1656 2764 extra
1680 2695 1808 2765 ltaliam
1831 2694 1978 2766 exerceri

460 2793 461 2844 l
549 2821 620 2866 eat:
641 2795 752 2889 quoad
775 2792 979 2871 collatores,
1002 2816 1038 2863 ut
1054 2817 1110 2865 eoa
1133 2794 1289 2863 duntaxat
1311 2814 1482 2884 gravaret,
1504 2794 1562 2883 qui
1585 2807 1728 2886 quatuor
1749 2789 1860 2861 saltem
1880 2788 1980 2865 benet
2077 2799 2088 2822 ’·

460 2921 461 2936 ’
510 2819 579 2965 liin
592 2892 765 2964 collationi
780 2887 844 2964 suae
859 2890 998 2987 obnoxia
1019 2889 1157 2973 habent;
1182 2889 1292 2984 quoad
1308 2887 1377 2980 ipsa
1398 2886 1574 2969 beneficia,
1592 2913 1667 2959 com
1690 2886 1757 2959 sedi
1778 2886 1977 2983 Apostolica

514 3013 569 3085 per
583 2993 720 3060 Exttav.
742 2990 783 3055 ad
802 2993 941 3076 Regimen
955 2986 1119 3057 teletvara
1141 2984 1300 3057 beneficia
1316 2984 1375 3056 fint
1389 3010 1541 3081 excepta:
1561 2985 1679 3080 aliqui
1700 2986 1753 3078 jus
1776 2986 1857 3055 illud
1875 2981 1980 3055 Casa·

460 3111 461 3118 ¹
510 3107 604 3158 reum·
615 3080 792 3157 Pontifices
807 3087 892 3153 intra
907 3083 967 3152 hos
984 3084 1144 3152 cancellos
1159 3080 1388 3164 coarilallent,
1414 3107 1470 3153 aut
1486 3082 1628 3154 Caesares
1647 3086 1678 3153 id
1697 3078 1930 3163 sustinuissent,
1952 3077 1977 3153 li

511 3207 613 3257 roceo
627 3184 706 3278 jure
721 3180 909 3277 proprio&
925 3178 1127 3250 nPontificio
1138 3180 1267 3250 indultu
1278 3180 1522 3274 independente
1538 3182 1720 3271 gauderent
1746 3184 1807 3252 lll.
1823 3205 1860 3250 ex
1871 3179 1976 3272 praxi,

460 3341 462 3360 .
511 3306 564 3378 qua
585 3277 731 3357 constat,
756 3281 828 3348 lites
847 3282 974 3348 ratione
994 3302 1130 3372 precum
1148 3302 1278 3347 exortas
1296 3281 1328 3346 in
1348 3282 1449 3348 Curia
1472 3283 1621 3348 Romana
1643 3276 1808 3348 discuti&
1832 3274 1986 3364 definiti,

513 3380 594 3476 quod
609 3376 739 3469 lignum
757 3374 826 3457 eli,
850 3399 903 3445 eas
931 3374 1044 3446 saltem
1066 3378 1231 3464 originem
1256 3399 1294 3444 ex
1316 3372 1477 3446 beneficio
1500 3374 1697 3471 Apollolicae
1719 3375 1803 3444 sedis
1829 3376 1976 3444 trahere.

460 3543 461 3554 ,
512 3480 564 3547 lv.
578 3502 620 3547 ex
640 3497 759 3545 natura
774 3470 872 3566 ipfius
892 3474 1128 3542 nominationis
1147 3473 1186 3541 ad
1203 3470 1379 3554 beneficia,
1401 3473 1492 3566 cujus
1505 3473 1557 3566 jus
1573 3498 1648 3541 cum
1671 3469 1832 3566 spirituali
1848 3468 1886 3539 fit
1901 3493 1978 3539 con·

512 3596 643 3654 texum,
663 3572 753 3666 juxta
771 3569 934 3661 tegulam:
958 3569 1143 3660 artrfforium
1158 3570 1199 3640 de
1221 3575 1262 3641 R.
1279 3574 1312 3665 J.
1335 3573 1367 3639 in
1386 3578 1417 3640 6.
1443 3574 1542 3639 eriam
1567 3592 1718 3637 naturam
1735 3567 1824 3659 ejus,
1845 3568 1897 3637 cui
1922 3590 1979 3634 an·

513 3695 625 3742 nerum
645 3667 711 3749 est,
734 3665 824 3761 sequi
845 3667 965 3746 debet,
990 3691 1026 3736 ac
1049 3666 1191 3761 proinde
1218 3671 1424 3760 Imperator,
1450 3689 1567 3760 utpote
1592 3665 1710 3745 laicus,
1738 3664 1809 3759 ejus
1829 3662 1913 3759 juris
1930 3657 1977 3733 est

515 3771 661 3864 incapax,
682 3763 739 3835 nist
757 3762 930 3861 desupeta
952 3762 1110 3836 Pontisrce
1126 3765 1341 3860 privilegium
1361 3765 1559 3857 impetrarit.

545 3940 580 4018 ι)
604 3935 678 4002 Vid.
701 3932 984 4013 Scltmalzgtoebet
1002 3929 1067 3996 Tit.
1085 3931 1124 3993 de
1140 3932 1233 4013 ptaeb.
1249 3930 1284 3994 dr
1305 3932 1416 4014 dignit.
1438 3936 1464 4002 §-
1483 3929 1517 3993 dr
1540 3949 1569 3991 n.
1591 3928 1644 3993 cit.
1663 3929 1715 4010 qui
1733 3927 1894 4011 paritario
1911 3945 1973 3991 nn·

618 4036 710 4082 rneto
726 4029 798 4101 328.
820 4024 1005 4098 argumenta
1017 4018 1049 4078 in
1067 4016 1259 4078 contrarium
1280 4017 1411 4081 obmota
1429 4012 1598 4078 diffolvete
1621 4023 1765 4076 conatur.

1173 4214 1204 4300 t.
1253 4208 1322 4282 rr.

619 4340 821 4441 Oppositum
838 4340 890 4412 his
906 4366 923 4413 e
941 4341 1104 4413 diametro
1120 4345 1222 4412 aciem
1249 4338 1413 4410 instruunt
1428 4338 1480 4408 alii
1499 4338 1531 4409 dr
1546 4363 1686 4411 numero
1702 4337 1735 4409 dr
1750 4339 1913 4409 rationum
1923 4331 1979 4406 fir·
2060 4376 2063 4380 ·

488 4445 618 4514 'nitate
637 4469 703 4512 non
730 4465 850 4536 parurn
876 4462 1055 4519 certantes,
1080 4442 1135 4534 qui
1162 4436 1288 4532 rejciio
1310 4437 1438 4506 indulto
1461 4436 1655 4531 Apostolico
1702 4441 1899 4531 imperatori
1923 4434 1977 4527 jus

512 4543 742 4633 primariorum
761 4562 898 4635 precum
916 4562 953 4607 ex
974 4535 1105 4628 antiqua
1123 4536 1278 4605 duntaxat
1295 4533 1530 4603 consuetudine
1545 4537 1577 4625 a)
1603 4536 1772 4604 vindicant·
1784 4538 1810 4604 l.
1825 4556 1900 4628 quta
1918 4531 1977 4636 diu

512 4659 578 4711 tnte
595 4637 808 4709 concordata
825 4636 1015 4708 Germania
1033 4635 1230 4732 liudolphus
1247 4632 1393 4800 lzilllroe
1406 4634 1458 4727 jus
1473 4655 1511 4705 ex
1526 4634 1581 4704 talr
1599 4631 1834 4706 consuetudine
1855 4635 1978 4793 adpros-

1240 4763 1247 4786 ι·
1321 4757 1338 4801 2
1896 4745 1979 4793 ece·
