5017 5592
600 633 665 721 DE
683 635 812 733 JURE
837 634 1103 712 CAESAREO
1131 630 1497 716 PRIMARIARUM
1515 642 1733 718 PRECUM.
1858 663 1928 740 147

574 823 660 884 tant,
682 813 808 896 repsisti
826 815 1018 899 cooIIgetit,
1041 817 1155 897 qulbua
1172 825 1298 891 tameo,
1319 817 1399 885 licut
1414 821 1635 905 praemittitur,
1658 821 1812 897 exclusis,
1833 822 1929 887 bene·

573 898 639 961 ficia
659 899 794 976 primun
813 910 962 962 vacatura
975 897 1114 963 conserti
1130 900 1298 965 debebunt.
1315 941 1337 974 „

1080 1129 1088 1146 .
1137 1077 1321 1154 XXVII.

568 1207 764 1282 Caroli'Vl.
791 1211 1010 1307 Imperatoris
1033 1080 1163 1282 obitum
1186 1212 1402 1310 perturbatus
1432 1212 1623 1286 Germania
1654 1206 1754 1284 slatus
1783 1213 1927 1310 excepit,

473 1307 693 1404 actliquandiu
713 1307 811 1396 huius
827 1309 961 1382 libertae
976 1311 1062 1380 inter
1081 1309 1234 1403 ambigua
1258 1317 1441 1384 Procerum
1458 1313 1597 1408 Imperii
1622 1308 1752 1380 consilia
1770 1305 1926 1409 subitque
1978 1359 1992 1386 r

472 1405 633 1487 titubabat,
659 1405 791 1476 tandein
815 1404 921 1478 elesio
943 1410 975 1477 in
1002 1410 1244 1504 Imperatorem
1269 1410 1393 1482 Catulo
1417 1413 1536 1483 Vll.e
1560 1410 1661 1479 domo
1681 1411 1856 1487 Biturica,
1876 1434 1926 1479 ra·
2073 1417 2078 1432 ’
2104 1409 2106 1416 “

472 1508 544 1576 tione
565 1506 802 1602 palmariarum
828 1528 967 1602 precum
986 1504 1153 1578 notinusslae
1169 1502 1384 1581 inter'seden
1411 1504 1636 1604 Apostolicam
1661 1505 1788 1600 &ejus
1816 1505 1926 1579 aulam

469 1599 643 1700 quellionea
659 1600 813 1672 videntur
827 1599 890 1673 esse
904 1615 1022 1687 mot'ae,
1045 1603 1120 1699 plus
1140 1603 1276 1677 deinum
1295 1609 1405 1678 Curiae
1421 1608 1578 1676 Romanae
1599 1603 1770 1699 postularis
1785 1599 1830 1674 cll
1849 1629 1926 1675 coti·

468 1697 586 1780 celsum,
604 1699 655 1771 tel
672 1723 709 1768 er
725 1695 880 1791 sngulari
902 1701 1014 1771 Caroli
1035 1704 1112 1776 Vll.
1134 1726 1213 1794 erga
1234 1701 1477 1775 Pontificem&
1499 1702 1607 1773 sedern
1630 1699 1856 1796 ApolloIIcam
1872 1725 1927 1774 vc·

468 1801 621 1870 octatione
634 1822 670 1867 ac
683 1793 861 1893 obsequio,
884 1798 934 1869 vel
950 1797 993 1870 ob
1007 1797 1266 1872 circumstantias
1284 1805 1466 1896 temporis,
1487 1826 1559 1896 quat
1576 1800 1739 1893 majorem
1754 1824 1828 1869 cum
1841 1803 1926 1870 Pota·
2063 1871 2066 1876 .

469 1891 542 1966 tisce
563 1917 635 1966 tum
656 1895 925 1986 cotijutiblionem
942 1892 1005 1967 else
1029 1899 1206 1967 ineundam
1228 1896 1428 1979 suadebant,
1459 1899 1604 1992 ideoque
1631 1921 1698 1968 non
1718 1893 1764 1968 est
1787 1898 1925 1979 mirum,

469 1995 542 2090 qaod
560 1993 700 2065 Carolus
714 1998 799 2090 yll.
816 1996 925 2065 tenori
946 1995 1079 2090 lurtum
1096 2018 1234 2092 precum
1251 1994 1445 2077 inseruerit,
1463 1995 1517 2092 jus
1533 1995 1637 2067 isthoc
1653 1993 1711 2065 fibi
1733 2019 1773 2066 ex
1788 1993 1926 2088 antiqua

404 2139 406 2158 .
467 2087 703 2171 cousuetudine,
722 2094 823 2161 etiam
840 2114 857 2160 a
877 2089 952 2162 sede
975 2090 1166 2189 Apostolica
1183 2091 1385 2190 approbata,
1406 2116 1613 2190 competere.
1638 2097 1669 2183 a)
1695 2099 1739 2163 At
1760 2092 1838 2163 hinc
1857 2090 1925 2164 col·

466 2184 630 2280 ligete'ell,
648 2187 722 2283 jura
739 2188 922 2260 sacerdotii
939 2189 971 2260 dt
997 2192 1157 2284 Imperii,
1180 2191 1261 2262 dum
1277 2216 1315 2263 er
1330 2214 1472 2287 utraque
1488 2215 1583 2287 parte
1599 2192 1633 2261 iti
1652 2188 1792 2262 dubium
1807 2213 1926 2261 vocan-

467 2307 524 2369 tut,
548 2282 637 2382 quasi
661 2287 694 2356 in
718 2283 846 2357 bilance
866 2285 995 2382 polita,
1022 2287 1225 2358 variantibus
1246 2312 1440 2383 temporum
1462 2285 1733 2370 circumstantiis,
1755 2287 1858 2357 modo
1882 2287 1926 2358 ad

363 2425 364 2429 =
466 2383 697 2474 bmcpartem,
717 2384 820 2454 modo
837 2386 877 2454 ad
894 2386 1032 2456 alteram
1054 2386 1129 2479 plus
1151 2384 1296 2467 inllcsli,
1320 2411 1356 2456 ac
1379 2386 1460 2456 dum
1477 2387 1541 2456 boc
1563 2408 1605 2456 eo
1628 2386 1801 2479 peragitur
1821 2380 1926 2458 cotili-

405 2521 407 2562 ;
468 2481 518 2561 lio,
537 2503 573 2552 ot
587 2479 699 2577 par&
721 2480 899 2552 concordia
922 2479 1142 2552 sacerdotium
1159 2484 1296 2554 inter&
1319 2485 1505 2579 Imperium
1525 2485 1673 2575 integra,
1698 2481 1924 2576 inviolataque

362 2605 367 2644 i
467 2575 621 2676 persistat,
653 2580 812 2673 utrinque
831 2576 1101 2650 laudatissime&
1121 2582 1154 2649 in
1177 2580 1349 2676 publicum
1375 2584 1552 2675 utriusque
1567 2580 1692 2651 bonum
1714 2578 1861 2650 cedentis
1876 2575 1924 2650 est
2050 2593 2052 2596 ’

362 2699 367 2715 ·
465 2677 635 2772 prudentiae
654 2699 690 2746 ec
706 2676 859 2770 politices
876 2675 958 2748 sanae
978 2678 1227 2772 compendium.
1279 2679 1420 2751 Carolus
1437 2682 1517 2748 Vll.
1544 2681 1596 2748 via
1618 2702 1685 2748 non
1713 2679 1923 2772 inopinatoe

362 2783 366 2795 '
404 2795 406 2806 ·
465 2775 535 2844 ritis
549 2795 687 2870 ereptus
703 2774 814 2845 locum
834 2778 867 2845 in
887 2778 1037 2868 Imperio
1051 2774 1226 2847 Francisco
1242 2780 1269 2848 1.
1295 2775 1570 2867 Lotharingiae&
1594 2779 1722 2866 Magno
1746 2774 1923 2844 Hetrurire

463 2871 537 2944 Duci
553 2866 703 2952 fecerat,
723 2874 782 2967 qui
806 2871 936 2943 cum'io
960 2877 1203 2968 Imperatorem
1226 2869 1352 2945 elesius
1376 2869 1472 2956 esset,
1494 2868 1625 2942 rursum
1649 2870 1800 2967 quaedam
1825 2867 1924 2940 diffe·
2073 2951 2075 2956 ¹
2116 2841 2121 2872 ⁸

462 2971 560 3041 tentia
574 2965 685 3041 sedern
700 2966 907 3042 Pontificitm
925 2970 1059 3041 intetdt
1075 2971 1183 3042 aulam
1197 2968 1420 3046 Viennensem
1439 2992 1542 3041 enatae
1556 2967 1646 3050 suot,
1663 2993 1699 3039 ac
1715 2967 1922 3064 aliquamdiu

464 3068 616 3162 primarias
631 3090 747 3161 preces
762 3089 779 3137 a
795 3065 969 3140 Francisco
984 3072 1011 3138 1.
1039 3065 1275 3161 ilugusttffino
1290 3065 1417 3142 Caesare
1438 3092 1503 3138 non
1528 3064 1602 3156 sunt
1621 3062 1804 3164 porrebltc,
1827 3065 1868 3136 iis
1883 3064 1923 3136 li·

464 3166 537 3255 tigiia
557 3190 639 3237 vero
658 3164 810 3236 emedio
833 3163 1051 3236 amicabiliter
1072 3163 1227 3248 sublatis,
1251 3166 1381 3259 indulto
1400 3191 1418 3235 a
1441 3162 1623 3237 Benedisio
1645 3168 1736 3235 XIV.
1756 3164 1922 3235 moderno

464 3257 607 3334 Pontifice
626 3259 790 3341 concesso,
809 3264 862 3358 jos
878 3267 1115 3361 primariorum
1134 3289 1271 3359 precum
1287 3263 1333 3335 est
1349 3268 1549 3347 exercituin,
1572 3259 1717 3333 formula
1729 3261 1922 3358 Joscphinae

463 3357 584 3454 prorsus
598 3357 695 3430 simili
711 3361 875 3442 adhibita,
899 3361 1056 3454 nullaque
1076 3367 1244 3433 mentione
1260 3362 1390 3456 dejure
1406 3388 1422 3430 a
1440 3358 1598 3433 Pontifice
1611 3385 1673 3459 per
1688 3360 1922 3454 itidultumap·

462 3455 589 3548 probato
603 3453 691 3528 sosia
728 3460 763 3549 h)
793 3459 958 3553 Equidem
975 3455 1126 3529 Pontifex
1151 3459 1213 3549 suae
1234 3458 1337 3531 causae
1357 3457 1514 3530 veIIficati
1538 3458 1671 3539 voletis,
1692 3481 1767 3528 ante
1788 3452 1921 3530 conces·

461 3549 568 3625 sonem
597 3555 744 3635 indulti,
764 3559 810 3626 titi
829 3581 866 3626 ex
890 3556 1051 3626 relatione
1075 3552 1140 3627 fide
1162 3558 1262 3650 digna
1291 3562 1423 3653 accepi,
1446 3557 1484 3626 ad
1511 3554 1667 3625 Ecclesiae
1690 3556 1920 3633 Germanicas,

462 3650 629 3745 presertim
650 3655 909 3731 eminentiores,
932 3654 1024 3723 dedit
1042 3653 1172 3734 literas,
1192 3658 1288 3750 queis
1309 3655 1474 3723 indultum
1491 3648 1609 3722 Caesari
1627 3653 1767 3722 necdum
1784 3647 1844 3724 ese
1862 3649 1920 3722 do·

461 3771 560 3820 natum
575 3747 784 3842 significavit,
803 3747 942 3821 fortassis
958 3776 998 3821 eo
1014 3749 1167 3830 consilio,
1192 3776 1245 3832 ut,
1270 3748 1291 3821 si
1315 3776 1429 3847 preces
1452 3776 1469 3819 a
1496 3746 1622 3820 Caesire
1652 3751 1919 3845 porrigerentur,

461 3869 505 3916 eas
519 3849 602 3919 baud
623 3849 856 3929 admtterent,
879 3848 1076 3942 insimulque
1097 3854 1245 3919 animum
1262 3848 1354 3919 suum
1380 3845 1611 3945 obsequiosum
1641 3870 1853 3941 mentemque
1878 3844 1920 3917 de

460 3941 628 4017 necesstiate
644 3945 765 4016 indulti
782 3947 853 4017 aliis
873 3947 977 4017 literis
994 3946 1144 4018 Pontifici
1161 3946 1439 4019 contestarentur:
1464 3971 1580 4017 verum
1597 3971 1634 4017 re
1647 3950 1679 4016 in
1701 3941 1920 4039 suspicionem

461 4041 606 4126 addusla,
629 4044 662 4114 id
679 4043 719 4113 ad
734 4045 842 4114 aulam
858 4042 1040 4114 Caesaream
1061 4043 1105 4115 est
1121 4046 1286 4127 delatum,
1312 4070 1348 4115 ac
1372 4044 1452 4140 quid
1476 4071 1512 4115 ea
1530 4048 1562 4112 iii
1587 4069 1622 4114 re
1645 4039 1769 4114 consili
1788 4044 1920 4135 capieti-

460 4137 603 4223 domstt,
635 4144 900 4233 interrogatum
922 4141 1009 4212 unde
1033 4139 1225 4239 responsum
1249 4140 1313 4214 suit
1339 4166 1530 4238 acceptum,
1551 4141 1591 4209 ab
1617 4136 1766 4210 Ecclesia
1786 4143 1825 4210 iis
1852 4164 1920 4210 nott
1962 4215 1965 4224 ,
2062 4209 2066 4218 ,

457 4233 510 4307 effe
523 4236 702 4311 Pontificiis
721 4238 825 4310 literis
841 4239 1013 4335 quidpiam
1029 4243 1279 4336 reponendum,
1302 4239 1488 4312 sedtotum
1511 4239 1544 4307 id
1566 4241 1690 4330 negotii
1708 4236 1827 4309 Caelbri
1855 4232 1919 4308 csse

457 4336 722 4430 relinquendum,
746 4341 803 4430 qui
815 4339 883 4431 jam
903 4336 1030 4407 collatis
1047 4363 1119 4409 eam
1136 4342 1169 4410 in
1189 4364 1262 4410 rem
1288 4342 1374 4434 aptis
1399 4333 1566 4419 consiliis,
1593 4333 1802 4409 difficultates
1821 4334 1919 4408 obor·

458 4451 499 4503 tat
521 4434 732 4529 complanare
749 4433 894 4506 sciret&
911 4431 1027 4528 pulset.

487 4569 524 4650 a)
544 4565 649 4634 Verba
667 4585 794 4649 precum
812 4564 916 4628 Caroli
932 4563 1005 4629 VII.
1020 4587 1063 4628 ex
1079 4565 1170 4646 copia
1184 4584 1256 4626 cuin
1268 4564 1413 4647 otigInaIi
1429 4565 1487 4628 tite
1506 4568 1620 4630 collata
1635 4567 1794 4647 desumpta
1809 4549 1936 4627 itaha·‘

558 4649 653 4715 berit:
680 4659 701 4691 ⁶⁶
715 4651 821 4728 Quare
835 4668 908 4712 cuin
921 4648 1024 4716 Nubit
1042 4648 1081 4711 ad
1097 4645 1338 4712 Antecesloruin
1355 4647 1535 4717 nostrorum
1552 4651 1784 4723 imitationem,
1811 4666 1854 4707 ex
1871 4646 1920 4704 in·

1219 4736 1255 4804 T
1284 4757 1304 4807 2
1829 4753 1921 4807 vete·
