<?xml version="1.0" encoding="UTF-8"?>
<!DOCTYPE html PUBLIC "-//W3C//DTD XHTML 1.0 Transitional//EN"
    "http://www.w3.org/TR/xhtml1/DTD/xhtml1-transitional.dtd">
<html xmlns="http://www.w3.org/1999/xhtml" xml:lang="en" lang="en">
 <head>
  <title>
</title>
<meta http-equiv="Content-Type" content="text/html;charset=utf-8" />
  <meta name='ocr-system' content='tesseract 3.04.00' />
  <meta name='ocr-capabilities' content='ocr_page ocr_carea ocr_par ocr_line ocrx_word'/>
</head>
<body>
  <div class='ocr_page' id='page_1' title='image "./thesavrvsivrise01schmgoog_0152.png"; bbox 0 0 5017 5592; ppageno 0'>
   <div class='ocr_carea' id='block_1_1' title="bbox 542 625 1966 782">
    <p class='ocr_par' dir='ltr' id='par_1_1' title="bbox 542 625 1966 782">
     <span class='ocr_line' id='line_1_1' title="bbox 542 625 1966 782; baseline 0.005 -26"><span class='ocrx_word' id='word_1_1' title='bbox 542 679 611 756; x_wconf 83' lang='lat' dir='ltr'>na</span> <span class='ocrx_word' id='word_1_2' title='bbox 638 643 766 778; x_wconf 74' lang='lat' dir='ltr'>Just</span> <span class='ocrx_word' id='word_1_3' title='bbox 797 667 1063 754; x_wconf 80' lang='lat' dir='ltr'>cncsattso</span> <span class='ocrx_word' id='word_1_4' title='bbox 1094 625 1462 756; x_wconf 64' lang='lat' dir='ltr'>resumimus</span> <span class='ocrx_word' id='word_1_5' title='bbox 1491 677 1709 758; x_wconf 74' lang='lat' dir='ltr'>saccum.</span> <span class='ocrx_word' id='word_1_6' title='bbox 1819 707 1888 782; x_wconf 71' lang='lat'>13⁹</span> <span class='ocrx_word' id='word_1_7' title='bbox 1963 669 1966 674; x_wconf 85' lang='grc'><strong>’</strong></span> 
     </span>
    </p>
   </div>
   <div class='ocr_carea' id='block_1_2' title="bbox 368 857 2010 1944">
    <p class='ocr_par' dir='ltr' id='par_1_2' title="bbox 368 857 2010 1944">
     <span class='ocr_line' id='line_1_2' title="bbox 413 857 2010 960; baseline -0.003 -27"><span class='ocrx_word' id='word_1_8' title='bbox 413 884 486 933; x_wconf 87' lang='lat' dir='ltr'>rum</span> <span class='ocrx_word' id='word_1_9' title='bbox 502 885 540 930; x_wconf 83' lang='lat' dir='ltr'>ex</span> <span class='ocrx_word' id='word_1_10' title='bbox 557 857 704 954; x_wconf 86' lang='lat' dir='ltr'>ejusdem</span> <span class='ocrx_word' id='word_1_11' title='bbox 717 860 803 954; x_wconf 81' lang='lat' dir='ltr'>juris</span> <span class='ocrx_word' id='word_1_12' title='bbox 817 863 974 938; x_wconf 80' lang='lat' dir='ltr'>exercitio</span> <span class='ocrx_word' id='word_1_13' title='bbox 991 863 1091 931; x_wconf 85' lang='lat' dir='ltr'>variis</span> <span class='ocrx_word' id='word_1_14' title='bbox 1113 857 1226 932; x_wconf 87' lang='lat' dir='ltr'>litibus</span> <span class='ocrx_word' id='word_1_15' title='bbox 1249 859 1428 954; x_wconf 70' lang='lat' dir='ltr'>dubiisque</span> <span class='ocrx_word' id='word_1_16' title='bbox 1448 868 1578 960; x_wconf 78' lang='lat' dir='ltr'>enatis,</span> <span class='ocrx_word' id='word_1_17' title='bbox 1606 890 1679 958; x_wconf 82' lang='lat' dir='ltr'>quae</span> <span class='ocrx_word' id='word_1_18' title='bbox 1703 863 1889 959; x_wconf 85' lang='lat' dir='ltr'>plurimnns</span> <span class='ocrx_word' id='word_1_19' title='bbox 1945 890 1956 906; x_wconf 81' lang='lat'><em>·</em></span> <span class='ocrx_word' id='word_1_20' title='bbox 2003 867 2010 882; x_wconf 87' lang='lat'><strong><em>‘</em></strong></span> 
     </span>
     <span class='ocr_line' id='line_1_3' title="bbox 412 959 1889 1056; baseline 0.001 -26"><span class='ocrx_word' id='word_1_21' title='bbox 412 984 549 1056; x_wconf 75' lang='lat' dir='ltr'>precum</span> <span class='ocrx_word' id='word_1_22' title='bbox 571 966 798 1030; x_wconf 72' lang='lat' dir='ltr'>executionem</span> <span class='ocrx_word' id='word_1_23' title='bbox 816 960 1043 1040; x_wconf 75' lang='lat' dir='ltr'>retardabant,</span> <span class='ocrx_word' id='word_1_24' title='bbox 1063 963 1093 1047; x_wconf 86' lang='lat' dir='ltr'>b)</span> <span class='ocrx_word' id='word_1_25' title='bbox 1110 961 1198 1055; x_wconf 92' lang='lat' dir='ltr'>apud</span> <span class='ocrx_word' id='word_1_26' title='bbox 1214 963 1334 1029; x_wconf 83' lang='lat' dir='ltr'>Leonis</span> <span class='ocrx_word' id='word_1_27' title='bbox 1350 959 1564 1034; x_wconf 81' lang='lat' dir='ltr'>successorem</span> <span class='ocrx_word' id='word_1_28' title='bbox 1584 965 1792 1034; x_wconf 78' lang='lat' dir='ltr'>Clementem</span> <span class='ocrx_word' id='word_1_29' title='bbox 1809 967 1889 1032; x_wconf 81' lang='lat' dir='ltr'>Vis.</span> 
     </span>
     <span class='ocr_line' id='line_1_4' title="bbox 411 1056 1892 1155; baseline 0.002 -26"><span class='ocrx_word' id='word_1_30' title='bbox 411 1059 551 1153; x_wconf 83' lang='lat' dir='ltr'>septimo</span> <span class='ocrx_word' id='word_1_31' title='bbox 575 1056 640 1148; x_wconf 82' lang='lat' dir='ltr'>jam</span> <span class='ocrx_word' id='word_1_32' title='bbox 664 1085 749 1127; x_wconf 84' lang='lat' dir='ltr'>anno</span> <span class='ocrx_word' id='word_1_33' title='bbox 780 1056 926 1128; x_wconf 67' lang='lat' dir='ltr'>ecclesa</span> <span class='ocrx_word' id='word_1_34' title='bbox 950 1060 1079 1128; x_wconf 87' lang='lat' dir='ltr'>clavum</span> <span class='ocrx_word' id='word_1_35' title='bbox 1101 1073 1320 1151; x_wconf 77' lang='lat' dir='ltr'>occupantem</span> <span class='ocrx_word' id='word_1_36' title='bbox 1344 1058 1506 1140; x_wconf 81' lang='lat' dir='ltr'>instabat,</span> <span class='ocrx_word' id='word_1_37' title='bbox 1529 1084 1566 1130; x_wconf 93' lang='lat' dir='ltr'>ut</span> <span class='ocrx_word' id='word_1_38' title='bbox 1587 1086 1675 1130; x_wconf 80' lang='lat' dir='ltr'>noro</span> <span class='ocrx_word' id='word_1_39' title='bbox 1705 1060 1892 1155; x_wconf 69' lang='lat' dir='ltr'>diplomate</span> 
     </span>
     <span class='ocr_line' id='line_1_5' title="bbox 409 1153 1891 1254; baseline -0.003 -23"><span class='ocrx_word' id='word_1_40' title='bbox 409 1168 437 1231; x_wconf 79' lang='lat' dir='ltr'>A</span> <span class='ocrx_word' id='word_1_41' title='bbox 462 1156 604 1228; x_wconf 86' lang='lat' dir='ltr'>oslolico</span> <span class='ocrx_word' id='word_1_42' title='bbox 623 1153 771 1230; x_wconf 83' lang='lat' dir='ltr'>c&#39;oncesso</span> <span class='ocrx_word' id='word_1_43' title='bbox 789 1154 984 1253; x_wconf 80' lang='lat' dir='ltr'>quelliones</span> <span class='ocrx_word' id='word_1_44' title='bbox 1002 1157 1204 1249; x_wconf 79' lang='lat' dir='ltr'>ejuscemodi</span> <span class='ocrx_word' id='word_1_45' title='bbox 1230 1173 1437 1251; x_wconf 64' lang='lat' dir='ltr'>amputarem</span> <span class='ocrx_word' id='word_1_46' title='bbox 1465 1181 1529 1254; x_wconf 87' lang='lat' dir='ltr'>qua</span> <span class='ocrx_word' id='word_1_47' title='bbox 1549 1163 1582 1227; x_wconf 94' lang='lat' dir='ltr'>in</span> <span class='ocrx_word' id='word_1_48' title='bbox 1602 1181 1640 1230; x_wconf 88' lang='lat' dir='ltr'>re</span> <span class='ocrx_word' id='word_1_49' title='bbox 1659 1155 1782 1230; x_wconf 77' lang='lat' dir='ltr'>Celeri</span> <span class='ocrx_word' id='word_1_50' title='bbox 1807 1160 1891 1228; x_wconf 85' lang='lat' dir='ltr'>Pon·</span> 
     </span>
     <span class='ocr_line' id='line_1_6' title="bbox 410 1183 1892 1350; baseline -0.001 -24"><span class='ocrx_word' id='word_1_51' title='bbox 410 1183 486 1326; x_wconf 71' lang='lat' dir='ltr'>nise</span> <span class='ocrx_word' id='word_1_52' title='bbox 509 1250 735 1335; x_wconf 78' lang='lat' dir='ltr'>consenserat,</span> <span class='ocrx_word' id='word_1_53' title='bbox 759 1255 860 1335; x_wconf 88' lang='lat' dir='ltr'>adeo,</span> <span class='ocrx_word' id='word_1_54' title='bbox 883 1278 919 1325; x_wconf 92' lang='lat' dir='ltr'>ut</span> <span class='ocrx_word' id='word_1_55' title='bbox 935 1254 1155 1350; x_wconf 74' lang='lat' dir='ltr'>amplioribus</span> <span class='ocrx_word' id='word_1_56' title='bbox 1178 1256 1277 1348; x_wconf 78' lang='lat' dir='ltr'>longe</span> <span class='ocrx_word' id='word_1_57' title='bbox 1300 1258 1415 1345; x_wconf 78' lang='lat' dir='ltr'>gratiis</span> <span class='ocrx_word' id='word_1_58' title='bbox 1440 1252 1650 1350; x_wconf 77' lang='lat' dir='ltr'>Maiestatem</span> <span class='ocrx_word' id='word_1_59' title='bbox 1665 1252 1837 1326; x_wconf 82' lang='lat' dir='ltr'>cesaream</span> <span class='ocrx_word' id='word_1_60' title='bbox 1852 1254 1892 1325; x_wconf 92' lang='lat' dir='ltr'>il·</span> 
     </span>
     <span class='ocr_line' id='line_1_7' title="bbox 368 1347 1891 1447; baseline -0.003 -19"><span class='ocrx_word' id='word_1_61' title='bbox 368 1423 370 1428; x_wconf 89' lang='lat'>.</span> <span class='ocrx_word' id='word_1_62' title='bbox 409 1352 607 1423; x_wconf 81' lang='lat' dir='ltr'>suslrandsm</span> <span class='ocrx_word' id='word_1_63' title='bbox 625 1347 712 1432; x_wconf 85' lang='lat' dir='ltr'>esse,</span> <span class='ocrx_word' id='word_1_64' title='bbox 734 1355 765 1421; x_wconf 91' lang='lat' dir='ltr'>in</span> <span class='ocrx_word' id='word_1_65' title='bbox 788 1353 971 1447; x_wconf 88' lang='lat' dir='ltr'>diplomate</span> <span class='ocrx_word' id='word_1_66' title='bbox 994 1352 1035 1422; x_wconf 82' lang='lat' dir='ltr'>tle</span> <span class='ocrx_word' id='word_1_67' title='bbox 1057 1377 1143 1421; x_wconf 90' lang='lat' dir='ltr'>anno</span> <span class='ocrx_word' id='word_1_68' title='bbox 1174 1377 1275 1443; x_wconf 83' lang='lat'>¹530·</span> <span class='ocrx_word' id='word_1_69' title='bbox 1304 1353 1381 1422; x_wconf 89' lang='lat' dir='ltr'>dato</span> <span class='ocrx_word' id='word_1_70' title='bbox 1403 1354 1557 1426; x_wconf 85' lang='lat' dir='ltr'>edixerit.</span> <span class='ocrx_word' id='word_1_71' title='bbox 1580 1356 1613 1441; x_wconf 86' lang='lat' dir='ltr'>c)</span> <span class='ocrx_word' id='word_1_72' title='bbox 1640 1361 1693 1425; x_wconf 74' lang='lat' dir='ltr'>An</span> <span class='ocrx_word' id='word_1_73' title='bbox 1717 1375 1799 1423; x_wconf 85' lang='lat' dir='ltr'>vero</span> <span class='ocrx_word' id='word_1_74' title='bbox 1822 1351 1891 1424; x_wconf 77' lang='lat' dir='ltr'>ista</span> 
     </span>
     <span class='ocr_line' id='line_1_8' title="bbox 411 1445 1899 1545; baseline 0 -23"><span class='ocrx_word' id='word_1_75' title='bbox 411 1455 640 1543; x_wconf 82' lang='lat' dir='ltr'>ampliationes</span> <span class='ocrx_word' id='word_1_76' title='bbox 657 1455 689 1519; x_wconf 91' lang='lat' dir='ltr'>in</span> <span class='ocrx_word' id='word_1_77' title='bbox 708 1454 891 1523; x_wconf 83' lang='lat' dir='ltr'>Germania</span> <span class='ocrx_word' id='word_1_78' title='bbox 908 1474 1047 1545; x_wconf 85' lang='lat' dir='ltr'>receptae</span> <span class='ocrx_word' id='word_1_79' title='bbox 1065 1445 1207 1528; x_wconf 86' lang='lat' dir='ltr'>fuerint,</span> <span class='ocrx_word' id='word_1_80' title='bbox 1230 1450 1446 1523; x_wconf 81' lang='lat' dir='ltr'>vehementer</span> <span class='ocrx_word' id='word_1_81' title='bbox 1468 1451 1687 1524; x_wconf 87' lang='lat' dir='ltr'>dubitandum</span> <span class='ocrx_word' id='word_1_82' title='bbox 1709 1447 1773 1532; x_wconf 85' lang='lat' dir='ltr'>esi,</span> <span class='ocrx_word' id='word_1_83' title='bbox 1794 1471 1899 1522; x_wconf 88' lang='lat' dir='ltr'>erant.</span> 
     </span>
     <span class='ocr_line' id='line_1_9' title="bbox 410 1543 1891 1644; baseline -0.001 -23"><span class='ocrx_word' id='word_1_84' title='bbox 410 1555 494 1622; x_wconf 89' lang='lat' dir='ltr'>enim</span> <span class='ocrx_word' id='word_1_85' title='bbox 514 1548 599 1630; x_wconf 77' lang='lat' dir='ltr'>ille,</span> <span class='ocrx_word' id='word_1_86' title='bbox 622 1573 659 1618; x_wconf 91' lang='lat' dir='ltr'>ut</span> <span class='ocrx_word' id='word_1_87' title='bbox 672 1573 710 1618; x_wconf 82' lang='lat' dir='ltr'>ex</span> <span class='ocrx_word' id='word_1_88' title='bbox 730 1573 807 1619; x_wconf 91' lang='lat' dir='ltr'>nota</span> <span class='ocrx_word' id='word_1_89' title='bbox 828 1544 969 1620; x_wconf 87' lang='lat' dir='ltr'>inferius</span> <span class='ocrx_word' id='word_1_90' title='bbox 988 1543 1091 1644; x_wconf 80' lang='lat' dir='ltr'>posita</span> <span class='ocrx_word' id='word_1_91' title='bbox 1111 1547 1278 1628; x_wconf 84' lang='lat' dir='ltr'>elucebit,</span> <span class='ocrx_word' id='word_1_92' title='bbox 1305 1546 1432 1620; x_wconf 85' lang='lat' dir='ltr'>statutis</span> <span class='ocrx_word' id='word_1_93' title='bbox 1457 1547 1675 1622; x_wconf 83' lang='lat' dir='ltr'>Ecclesiarum</span> <span class='ocrx_word' id='word_1_94' title='bbox 1701 1549 1734 1620; x_wconf 85' lang='lat' dir='ltr'>dt</span> <span class='ocrx_word' id='word_1_95' title='bbox 1754 1545 1891 1620; x_wconf 89' lang='lat' dir='ltr'>consue·</span> 
     </span>
     <span class='ocr_line' id='line_1_10' title="bbox 411 1641 1914 1747; baseline 0.001 -29"><span class='ocrx_word' id='word_1_96' title='bbox 411 1646 580 1718; x_wconf 87' lang='lat' dir='ltr'>tudinibus</span> <span class='ocrx_word' id='word_1_97' title='bbox 601 1644 762 1726; x_wconf 80' lang='lat' dir='ltr'>adverse,</span> <span class='ocrx_word' id='word_1_98' title='bbox 786 1646 907 1742; x_wconf 89' lang='lat' dir='ltr'>quibus</span> <span class='ocrx_word' id='word_1_99' title='bbox 924 1647 1003 1716; x_wconf 88' lang='lat' dir='ltr'>alias</span> <span class='ocrx_word' id='word_1_100' title='bbox 1017 1670 1064 1717; x_wconf 84' lang='lat' dir='ltr'>eae</span> <span class='ocrx_word' id='word_1_101' title='bbox 1086 1641 1267 1717; x_wconf 87' lang='lat' dir='ltr'>lirmtslime</span> <span class='ocrx_word' id='word_1_102' title='bbox 1283 1644 1427 1719; x_wconf 88' lang='lat' dir='ltr'>insistere</span> <span class='ocrx_word' id='word_1_103' title='bbox 1443 1648 1476 1721; x_wconf 83' lang='lat' dir='ltr'>dt</span> <span class='ocrx_word' id='word_1_104' title='bbox 1492 1672 1557 1719; x_wconf 93' lang='lat' dir='ltr'>non</span> <span class='ocrx_word' id='word_1_105' title='bbox 1576 1646 1673 1720; x_wconf 90' lang='lat' dir='ltr'>sacile</span> <span class='ocrx_word' id='word_1_106' title='bbox 1689 1649 1890 1747; x_wconf 85' lang='lat' dir='ltr'>permittere</span> <span class='ocrx_word' id='word_1_107' title='bbox 1910 1657 1914 1664; x_wconf 88' lang='lat'>&#39;</span> 
     </span>
     <span class='ocr_line' id='line_1_11' title="bbox 411 1743 1891 1842; baseline 0.003 -26"><span class='ocrx_word' id='word_1_108' title='bbox 411 1746 529 1824; x_wconf 82' lang='lat' dir='ltr'>solent,</span> <span class='ocrx_word' id='word_1_109' title='bbox 551 1769 679 1814; x_wconf 86' lang='lat' dir='ltr'>tantum</span> <span class='ocrx_word' id='word_1_110' title='bbox 696 1743 759 1814; x_wconf 87' lang='lat' dir='ltr'>suis</span> <span class='ocrx_word' id='word_1_111' title='bbox 775 1744 907 1839; x_wconf 84' lang='lat' dir='ltr'>juribus</span> <span class='ocrx_word' id='word_1_112' title='bbox 922 1745 1029 1838; x_wconf 82' lang='lat' dir='ltr'>infligi</span> <span class='ocrx_word' id='word_1_113' title='bbox 1051 1744 1187 1827; x_wconf 83' lang='lat' dir='ltr'>vulnus,</span> <span class='ocrx_word' id='word_1_114' title='bbox 1212 1768 1251 1818; x_wconf 82' lang='lat' dir='ltr'>ex</span> <span class='ocrx_word' id='word_1_115' title='bbox 1267 1768 1334 1841; x_wconf 93' lang='lat' dir='ltr'>quo</span> <span class='ocrx_word' id='word_1_116' title='bbox 1351 1743 1490 1818; x_wconf 89' lang='lat' dir='ltr'>nonnisi</span> <span class='ocrx_word' id='word_1_117' title='bbox 1510 1743 1694 1842; x_wconf 86' lang='lat' dir='ltr'>sysie&#39;matis</span> <span class='ocrx_word' id='word_1_118' title='bbox 1714 1743 1764 1818; x_wconf 92' lang='lat' dir='ltr'>sui</span> <span class='ocrx_word' id='word_1_119' title='bbox 1778 1747 1891 1820; x_wconf 82' lang='lat' dir='ltr'>intret·</span> 
     </span>
     <span class='ocr_line' id='line_1_12' title="bbox 414 1839 904 1944; baseline -0.006 -29"><span class='ocrx_word' id='word_1_120' title='bbox 414 1842 532 1915; x_wconf 90' lang='lat' dir='ltr'>stonem</span> <span class='ocrx_word' id='word_1_121' title='bbox 555 1839 805 1944; x_wconf 81' lang='lat' dir='ltr'>pertimescunt.</span> <span class='ocrx_word' id='word_1_122' title='bbox 902 1891 904 1900; x_wconf 85' lang='lat'>·</span> 
     </span>
    </p>
   </div>
   <div class='ocr_carea' id='block_1_3' title="bbox 431 2009 2007 2170">
    <p class='ocr_par' dir='ltr' id='par_1_3' title="bbox 431 2009 2007 2170">
     <span class='ocr_line' id='line_1_13' title="bbox 445 2009 2007 2098; baseline 0.001 -22"><span class='ocrx_word' id='word_1_123' title='bbox 445 2014 485 2096; x_wconf 82' lang='lat' dir='ltr'>n)</span> <span class='ocrx_word' id='word_1_124' title='bbox 503 2010 578 2078; x_wconf 91' lang='lat' dir='ltr'>Vid.</span> <span class='ocrx_word' id='word_1_125' title='bbox 596 2010 764 2092; x_wconf 77' lang='lat' dir='ltr'>slliqenius</span> <span class='ocrx_word' id='word_1_126' title='bbox 779 2012 809 2071; x_wconf 90' lang='lat' dir='ltr'>in</span> <span class='ocrx_word' id='word_1_127' title='bbox 827 2009 909 2072; x_wconf 90' lang='lat' dir='ltr'>laud.</span> <span class='ocrx_word' id='word_1_128' title='bbox 931 2009 1053 2076; x_wconf 84' lang='lat' dir='ltr'>Dissert.</span> <span class='ocrx_word' id='word_1_129' title='bbox 1069 2012 1094 2096; x_wconf 55' lang='grc' dir='ltr'>ᾖ.</span> <span class='ocrx_word' id='word_1_130' title='bbox 1111 2010 1211 2080; x_wconf 87' lang='lat' dir='ltr'>XLV.</span> <span class='ocrx_word' id='word_1_131' title='bbox 1229 2031 1302 2096; x_wconf 79' lang='lat' dir='ltr'>pag.</span> <span class='ocrx_word' id='word_1_132' title='bbox 1314 2029 1365 2096; x_wconf 79' lang='lat'>51.</span> <span class='ocrx_word' id='word_1_133' title='bbox 1384 2014 1437 2078; x_wconf 84' lang='lat' dir='ltr'>ubi</span> <span class='ocrx_word' id='word_1_134' title='bbox 1450 2014 1572 2077; x_wconf 86' lang='lat' dir='ltr'>mentio</span> <span class='ocrx_word' id='word_1_135' title='bbox 1589 2011 1627 2077; x_wconf 88' lang='lat' dir='ltr'>fit</span> <span class='ocrx_word' id='word_1_136' title='bbox 1642 2011 1757 2076; x_wconf 85' lang='lat' dir='ltr'>indulti</span> <span class='ocrx_word' id='word_1_137' title='bbox 1768 2009 1890 2078; x_wconf 70' lang='lat' dir='ltr'>Leoni!</span> <span class='ocrx_word' id='word_1_138' title='bbox 2002 2089 2007 2098; x_wconf 38' lang='lat'>‚</span> 
     </span>
     <span class='ocr_line' id='line_1_14' title="bbox 431 2092 953 2170; baseline 0.006 -14"><span class='ocrx_word' id='word_1_139' title='bbox 431 2165 433 2170; x_wconf 43' lang='grc'>,</span> <span class='ocrx_word' id='word_1_140' title='bbox 525 2097 557 2156; x_wconf 91' lang='lat' dir='ltr'>in</span> <span class='ocrx_word' id='word_1_141' title='bbox 572 2093 745 2157; x_wconf 83' lang='lat' dir='ltr'>Clementis</span> <span class='ocrx_word' id='word_1_142' title='bbox 767 2093 837 2158; x_wconf 89' lang='lat' dir='ltr'>Vll.</span> <span class='ocrx_word' id='word_1_143' title='bbox 852 2092 953 2159; x_wconf 86' lang='lat' dir='ltr'>llulla.</span> 
     </span>
    </p>
   </div>
   <div class='ocr_carea' id='block_1_4' title="bbox 363 2208 1892 2790">
    <p class='ocr_par' dir='ltr' id='par_1_4' title="bbox 363 2208 1891 2300">
     <span class='ocr_line' id='line_1_15' title="bbox 363 2208 1891 2300; baseline 0 -24"><span class='ocrx_word' id='word_1_144' title='bbox 363 2209 364 2298; x_wconf 61' lang='lat' dir='ltr'>J</span> <span class='ocrx_word' id='word_1_145' title='bbox 443 2211 481 2300; x_wconf 79' lang='lat' dir='ltr'>b)</span> <span class='ocrx_word' id='word_1_146' title='bbox 508 2210 561 2276; x_wconf 86' lang='lat' dir='ltr'>Ex</span> <span class='ocrx_word' id='word_1_147' title='bbox 580 2211 671 2274; x_wconf 89' lang='lat' dir='ltr'>Bulla</span> <span class='ocrx_word' id='word_1_148' title='bbox 690 2210 862 2275; x_wconf 85' lang='lat' dir='ltr'>Clementis</span> <span class='ocrx_word' id='word_1_149' title='bbox 879 2210 950 2278; x_wconf 90' lang='lat' dir='ltr'>Vll.</span> <span class='ocrx_word' id='word_1_150' title='bbox 962 2210 1165 2276; x_wconf 84' lang='lat' dir='ltr'>difficultates</span> <span class='ocrx_word' id='word_1_151' title='bbox 1183 2210 1335 2275; x_wconf 84' lang='lat' dir='ltr'>videntur</span> <span class='ocrx_word' id='word_1_152' title='bbox 1350 2213 1381 2275; x_wconf 87' lang='lat' dir='ltr'>sn</span> <span class='ocrx_word' id='word_1_153' title='bbox 1399 2231 1441 2273; x_wconf 90' lang='lat' dir='ltr'>eo</span> <span class='ocrx_word' id='word_1_154' title='bbox 1456 2210 1521 2276; x_wconf 81' lang='lat' dir='ltr'>sttae</span> <span class='ocrx_word' id='word_1_155' title='bbox 1535 2209 1644 2280; x_wconf 84' lang='lat' dir='ltr'>fuisse.</span> <span class='ocrx_word' id='word_1_156' title='bbox 1664 2208 1690 2274; x_wconf 91' lang='lat' dir='ltr'>I.</span> <span class='ocrx_word' id='word_1_157' title='bbox 1713 2211 1800 2293; x_wconf 88' lang='lat' dir='ltr'>quod</span> <span class='ocrx_word' id='word_1_158' title='bbox 1818 2230 1891 2294; x_wconf 87' lang='lat' dir='ltr'>pre·</span> 
     </span>
    </p>

    <p class='ocr_par' dir='ltr' id='par_1_5' title="bbox 522 2292 1890 2376">
     <span class='ocr_line' id='line_1_16' title="bbox 522 2292 1890 2376; baseline 0.002 -18"><span class='ocrx_word' id='word_1_159' title='bbox 522 2315 577 2358; x_wconf 88' lang='lat' dir='ltr'>ces</span> <span class='ocrx_word' id='word_1_160' title='bbox 592 2311 817 2375; x_wconf 87' lang='lat' dir='ltr'>nonnunquam</span> <span class='ocrx_word' id='word_1_161' title='bbox 836 2294 964 2360; x_wconf 72' lang='lat' dir='ltr'>ditestae</span> <span class='ocrx_word' id='word_1_162' title='bbox 983 2295 1100 2356; x_wconf 86' lang='lat' dir='ltr'>suerint</span> <span class='ocrx_word' id='word_1_163' title='bbox 1119 2296 1156 2356; x_wconf 91' lang='lat' dir='ltr'>ad</span> <span class='ocrx_word' id='word_1_164' title='bbox 1171 2293 1324 2357; x_wconf 84' lang='lat' dir='ltr'>beneficia</span> <span class='ocrx_word' id='word_1_165' title='bbox 1347 2295 1537 2376; x_wconf 72' lang='lat' dir='ltr'>generaliter</span> <span class='ocrx_word' id='word_1_166' title='bbox 1557 2292 1705 2356; x_wconf 88' lang='lat' dir='ltr'>Pontifici</span> <span class='ocrx_word' id='word_1_167' title='bbox 1721 2293 1890 2361; x_wconf 86' lang='lat' dir='ltr'>reservata.</span> 
     </span>
    </p>

    <p class='ocr_par' dir='ltr' id='par_1_6' title="bbox 520 2373 1891 2458">
     <span class='ocr_line' id='line_1_17' title="bbox 520 2373 1891 2458; baseline -0.001 -17"><span class='ocrx_word' id='word_1_168' title='bbox 520 2375 564 2441; x_wconf 90' lang='lat' dir='ltr'>ll.</span> <span class='ocrx_word' id='word_1_169' title='bbox 580 2377 665 2457; x_wconf 89' lang='lat' dir='ltr'>quod</span> <span class='ocrx_word' id='word_1_170' title='bbox 679 2375 821 2458; x_wconf 76' lang='lat' dir='ltr'>personae</span> <span class='ocrx_word' id='word_1_171' title='bbox 839 2379 1011 2440; x_wconf 82' lang='lat' dir='ltr'>nominatas</span> <span class='ocrx_word' id='word_1_172' title='bbox 1031 2376 1124 2456; x_wconf 87' lang='lat' dir='ltr'>juxta</span> <span class='ocrx_word' id='word_1_173' title='bbox 1147 2375 1260 2439; x_wconf 85' lang='lat' dir='ltr'>statuta</span> <span class='ocrx_word' id='word_1_174' title='bbox 1280 2375 1313 2438; x_wconf 82' lang='lat' dir='ltr'>dr</span> <span class='ocrx_word' id='word_1_175' title='bbox 1331 2375 1573 2438; x_wconf 85' lang='lat' dir='ltr'>consuetudines</span> <span class='ocrx_word' id='word_1_176' title='bbox 1587 2373 1794 2438; x_wconf 81' lang='lat' dir='ltr'>Ecclestatum</span> <span class='ocrx_word' id='word_1_177' title='bbox 1810 2375 1891 2440; x_wconf 86' lang='lat' dir='ltr'>Get·</span> 
     </span>
    </p>

    <p class='ocr_par' dir='ltr' id='par_1_7' title="bbox 520 2455 1891 2543">
     <span class='ocr_line' id='line_1_18' title="bbox 520 2455 1891 2543; baseline 0 -21"><span class='ocrx_word' id='word_1_178' title='bbox 520 2461 637 2522; x_wconf 80' lang='lat' dir='ltr'>mansae</span> <span class='ocrx_word' id='word_1_179' title='bbox 651 2457 877 2522; x_wconf 85' lang='lat' dir='ltr'>beneficiorum</span> <span class='ocrx_word' id='word_1_180' title='bbox 889 2479 1001 2523; x_wconf 90' lang='lat' dir='ltr'>eorum</span> <span class='ocrx_word' id='word_1_181' title='bbox 1016 2479 1145 2543; x_wconf 88' lang='lat' dir='ltr'>capaces</span> <span class='ocrx_word' id='word_1_182' title='bbox 1159 2459 1242 2521; x_wconf 88' lang='lat' dir='ltr'>haud</span> <span class='ocrx_word' id='word_1_183' title='bbox 1261 2455 1380 2530; x_wconf 81' lang='lat' dir='ltr'>essent,</span> <span class='ocrx_word' id='word_1_184' title='bbox 1400 2471 1456 2521; x_wconf 89' lang='lat' dir='ltr'>aut</span> <span class='ocrx_word' id='word_1_185' title='bbox 1476 2459 1609 2521; x_wconf 83' lang='lat' dir='ltr'>necdum</span> <span class='ocrx_word' id='word_1_186' title='bbox 1624 2457 1652 2520; x_wconf 91' lang='lat' dir='ltr'>le</span> <span class='ocrx_word' id='word_1_187' title='bbox 1680 2459 1805 2534; x_wconf 77' lang='lat' dir='ltr'>itimam,</span> <span class='ocrx_word' id='word_1_188' title='bbox 1812 2470 1891 2522; x_wconf 80' lang='lat' dir='ltr'>aeta·</span> 
     </span>
    </p>

    <p class='ocr_par' dir='ltr' id='par_1_8' title="bbox 521 2477 1892 2624">
     <span class='ocr_line' id='line_1_19' title="bbox 521 2477 1892 2624; baseline 0 -20"><span class='ocrx_word' id='word_1_189' title='bbox 521 2553 587 2605; x_wconf 85' lang='lat' dir='ltr'>tem</span> <span class='ocrx_word' id='word_1_190' title='bbox 604 2543 785 2624; x_wconf 83' lang='lat' dir='ltr'>attigerint,</span> <span class='ocrx_word' id='word_1_191' title='bbox 808 2553 863 2605; x_wconf 89' lang='lat' dir='ltr'>aut</span> <span class='ocrx_word' id='word_1_192' title='bbox 883 2565 927 2606; x_wconf 81' lang='lat' dir='ltr'>ese</span> <span class='ocrx_word' id='word_1_193' title='bbox 947 2542 1117 2622; x_wconf 79' lang='lat' dir='ltr'>illegitimo</span> <span class='ocrx_word' id='word_1_194' title='bbox 1133 2541 1232 2604; x_wconf 90' lang='lat' dir='ltr'>thoro</span> <span class='ocrx_word' id='word_1_195' title='bbox 1253 2544 1432 2624; x_wconf 76' lang='lat' dir='ltr'>progenitae</span> <span class='ocrx_word' id='word_1_196' title='bbox 1447 2540 1575 2604; x_wconf 86' lang='lat' dir='ltr'>fuerint.</span> <span class='ocrx_word' id='word_1_197' title='bbox 1619 2477 1678 2602; x_wconf 82' lang='lat' dir='ltr'>sss.</span> <span class='ocrx_word' id='word_1_198' title='bbox 1712 2541 1799 2621; x_wconf 89' lang='lat' dir='ltr'>quod</span> <span class='ocrx_word' id='word_1_199' title='bbox 1822 2559 1892 2604; x_wconf 89' lang='lat' dir='ltr'>non</span> 
     </span>
    </p>

    <p class='ocr_par' dir='ltr' id='par_1_9' title="bbox 522 2621 1891 2790">
     <span class='ocr_line' id='line_1_20' title="bbox 522 2621 1891 2790; baseline -0.001 -20"><span class='ocrx_word' id='word_1_200' title='bbox 522 2627 712 2771; x_wconf 60' lang='lat' dir='ltr'>‘sistitis</span> <span class='ocrx_word' id='word_1_201' title='bbox 728 2621 1891 2790; x_wconf 55' lang='lat' dir='ltr'>sistunt.⁶sisteststs‘sz‘sts..i⁰stiitstis⁶⁸*</span> 
     </span>
     <span class='ocr_line' id='line_1_21' title="bbox 714 2750 1810 2782; baseline 0.001 -2"><span class='ocrx_word' id='word_1_202' title='bbox 714 2750 724 2780; x_wconf 80' lang='lat' dir='ltr'>s</span> <span class='ocrx_word' id='word_1_203' title='bbox 992 2751 1001 2782; x_wconf 79' lang='lat' dir='ltr'>a</span> <span class='ocrx_word' id='word_1_204' title='bbox 1800 2750 1810 2771; x_wconf 68' lang='grc' dir='ltr'><strong>ο</strong></span> 
     </span>
    </p>
   </div>
   <div class='ocr_carea' id='block_1_5' title="bbox 416 2821 1989 4394">
    <p class='ocr_par' dir='ltr' id='par_1_10' title="bbox 434 2821 1890 3405">
     <span class='ocr_line' id='line_1_22' title="bbox 434 2821 1890 2912; baseline -0.005 -20"><span class='ocrx_word' id='word_1_205' title='bbox 434 2825 483 2912; x_wconf 64' lang='lat' dir='ltr'>s)</span> <span class='ocrx_word' id='word_1_206' title='bbox 501 2825 647 2892; x_wconf 80' lang='lat' dir='ltr'>Clemens</span> <span class='ocrx_word' id='word_1_207' title='bbox 663 2823 738 2890; x_wconf 90' lang='lat' dir='ltr'>Vll.</span> <span class='ocrx_word' id='word_1_208' title='bbox 752 2824 808 2888; x_wconf 89' lang='lat' dir='ltr'>sno</span> <span class='ocrx_word' id='word_1_209' title='bbox 818 2821 945 2885; x_wconf 88' lang='lat' dir='ltr'>indulto</span> <span class='ocrx_word' id='word_1_210' title='bbox 956 2822 1019 2884; x_wconf 91' lang='lat' dir='ltr'>loc.</span> <span class='ocrx_word' id='word_1_211' title='bbox 1036 2823 1090 2886; x_wconf 89' lang='lat' dir='ltr'>cit.</span> <span class='ocrx_word' id='word_1_212' title='bbox 1103 2841 1172 2906; x_wconf 85' lang='lat' dir='ltr'>pag.</span> <span class='ocrx_word' id='word_1_213' title='bbox 1185 2840 1235 2906; x_wconf 83' lang='lat'>54.</span> <span class='ocrx_word' id='word_1_214' title='bbox 1249 2822 1320 2892; x_wconf 76' lang='lat' dir='ltr'>iiaec</span> <span class='ocrx_word' id='word_1_215' title='bbox 1336 2821 1492 2902; x_wconf 77' lang='lat' dir='ltr'>sequentia</span> <span class='ocrx_word' id='word_1_216' title='bbox 1505 2821 1650 2886; x_wconf 81' lang='lat' dir='ltr'>inseruit:</span> <span class='ocrx_word' id='word_1_217' title='bbox 1670 2827 1692 2859; x_wconf 76' lang='lat'>‘⁸</span> <span class='ocrx_word' id='word_1_218' title='bbox 1700 2821 1769 2886; x_wconf 85' lang='lat' dir='ltr'>Nos</span> <span class='ocrx_word' id='word_1_219' title='bbox 1778 2823 1890 2904; x_wconf 79' lang='lat' dir='ltr'>igitur,</span> 
     </span>
     <span class='ocr_line' id='line_1_23' title="bbox 518 2903 1890 2988; baseline -0.001 -16"><span class='ocrx_word' id='word_1_220' title='bbox 518 2922 556 2972; x_wconf 86' lang='lat' dir='ltr'>nt</span> <span class='ocrx_word' id='word_1_221' title='bbox 568 2907 711 2988; x_wconf 73' lang='lat' dir='ltr'>Maiestas</span> <span class='ocrx_word' id='word_1_222' title='bbox 726 2919 780 2969; x_wconf 90' lang='lat' dir='ltr'>tua</span> <span class='ocrx_word' id='word_1_223' title='bbox 798 2916 890 2967; x_wconf 88' lang='lat' dir='ltr'>tanto</span> <span class='ocrx_word' id='word_1_224' title='bbox 908 2906 1005 2985; x_wconf 87' lang='lat' dir='ltr'>longe</span> <span class='ocrx_word' id='word_1_225' title='bbox 1020 2904 1287 2985; x_wconf 81' lang='lat' dir='ltr'>praesiantiotibua</span> <span class='ocrx_word' id='word_1_226' title='bbox 1301 2908 1412 2986; x_wconf 84' lang='lat' dir='ltr'>gratiis</span> <span class='ocrx_word' id='word_1_227' title='bbox 1426 2904 1614 2981; x_wconf 84' lang='lat' dir='ltr'>illustretur,</span> <span class='ocrx_word' id='word_1_228' title='bbox 1638 2915 1759 2986; x_wconf 91' lang='lat' dir='ltr'>quanto</span> <span class='ocrx_word' id='word_1_229' title='bbox 1775 2903 1890 2970; x_wconf 76' lang='lat' dir='ltr'>Sans&#39;ta</span> 
     </span>
     <span class='ocr_line' id='line_1_24' title="bbox 518 2986 1890 3070; baseline -0.005 -14"><span class='ocrx_word' id='word_1_230' title='bbox 518 3006 620 3056; x_wconf 81' lang='lat' dir='ltr'>mater</span> <span class='ocrx_word' id='word_1_231' title='bbox 638 2989 776 3054; x_wconf 83' lang='lat' dir='ltr'>Ecclesia</span> <span class='ocrx_word' id='word_1_232' title='bbox 793 3002 859 3050; x_wconf 81' lang='lat' dir='ltr'>tuae</span> <span class='ocrx_word' id='word_1_233' title='bbox 875 2987 1059 3050; x_wconf 74' lang='lat' dir='ltr'>diadematis</span> <span class='ocrx_word' id='word_1_234' title='bbox 1078 2989 1186 3051; x_wconf 88' lang='lat' dir='ltr'>nostro</span> <span class='ocrx_word' id='word_1_235' title='bbox 1198 2987 1369 3052; x_wconf 86' lang='lat' dir='ltr'>ministerio</span> <span class='ocrx_word' id='word_1_236' title='bbox 1390 2986 1592 3070; x_wconf 83' lang='lat' dir='ltr'>susceptionis</span> <span class='ocrx_word' id='word_1_237' title='bbox 1612 2987 1757 3056; x_wconf 79' lang='lat' dir='ltr'>laetatur,</span> <span class='ocrx_word' id='word_1_238' title='bbox 1796 3001 1890 3051; x_wconf 90' lang='lat' dir='ltr'>motu</span> 
     </span>
     <span class='ocr_line' id='line_1_25' title="bbox 518 3068 1890 3158; baseline -0.003 -20"><span class='ocrx_word' id='word_1_239' title='bbox 518 3074 651 3158; x_wconf 89' lang='lat' dir='ltr'>proprio</span> <span class='ocrx_word' id='word_1_240' title='bbox 669 3071 703 3136; x_wconf 81' lang='lat' dir='ltr'>dt</span> <span class='ocrx_word' id='word_1_241' title='bbox 718 3095 762 3137; x_wconf 87' lang='lat' dir='ltr'>ex</span> <span class='ocrx_word' id='word_1_242' title='bbox 779 3081 863 3134; x_wconf 81' lang='lat' dir='ltr'>certa</span> <span class='ocrx_word' id='word_1_243' title='bbox 876 3069 979 3132; x_wconf 88' lang='lat' dir='ltr'>nostra</span> <span class='ocrx_word' id='word_1_244' title='bbox 995 3068 1121 3132; x_wconf 86' lang='lat' dir='ltr'>scientia</span> <span class='ocrx_word' id='word_1_245' title='bbox 1132 3081 1244 3133; x_wconf 87' lang='lat' dir='ltr'>tenore</span> <span class='ocrx_word' id='word_1_246' title='bbox 1260 3070 1457 3152; x_wconf 78' lang='lat' dir='ltr'>praesentium</span> <span class='ocrx_word' id='word_1_247' title='bbox 1472 3069 1643 3143; x_wconf 82' lang='lat' dir='ltr'>volumns3</span> <span class='ocrx_word' id='word_1_248' title='bbox 1660 3069 1747 3153; x_wconf 90' lang='lat' dir='ltr'>quod</span> <span class='ocrx_word' id='word_1_249' title='bbox 1758 3070 1890 3153; x_wconf 82' lang='lat' dir='ltr'>quilibet</span> 
     </span>
     <span class='ocr_line' id='line_1_26' title="bbox 518 3151 1890 3237; baseline -0.004 -16"><span class='ocrx_word' id='word_1_250' title='bbox 518 3177 563 3221; x_wconf 85' lang='lat' dir='ltr'>ex</span> <span class='ocrx_word' id='word_1_251' title='bbox 576 3156 715 3237; x_wconf 86' lang='lat' dir='ltr'>personis</span> <span class='ocrx_word' id='word_1_252' title='bbox 731 3154 903 3229; x_wconf 79' lang='lat' dir='ltr'>nominatis</span> <span class='ocrx_word' id='word_1_253' title='bbox 916 3151 1073 3235; x_wconf 77' lang='lat' dir='ltr'>ptaedistis</span> <span class='ocrx_word' id='word_1_254' title='bbox 1085 3163 1279 3216; x_wconf 86' lang='lat' dir='ltr'>executores</span> <span class='ocrx_word' id='word_1_255' title='bbox 1293 3151 1326 3215; x_wconf 79' lang='lat' dir='ltr'>dt</span> <span class='ocrx_word' id='word_1_256' title='bbox 1340 3152 1603 3227; x_wconf 87' lang='lat' dir='ltr'>subexecntores,</span> <span class='ocrx_word' id='word_1_257' title='bbox 1623 3152 1742 3217; x_wconf 86' lang='lat' dir='ltr'>etiamsi</span> <span class='ocrx_word' id='word_1_258' title='bbox 1757 3154 1890 3237; x_wconf 85' lang='lat' dir='ltr'>presby-</span> 
     </span>
     <span class='ocr_line' id='line_1_27' title="bbox 519 3232 1889 3308; baseline -0.002 -5"><span class='ocrx_word' id='word_1_259' title='bbox 519 3242 579 3303; x_wconf 88' lang='lat' dir='ltr'>teri</span> <span class='ocrx_word' id='word_1_260' title='bbox 593 3249 647 3300; x_wconf 88' lang='lat' dir='ltr'>ant</span> <span class='ocrx_word' id='word_1_261' title='bbox 663 3239 779 3301; x_wconf 88' lang='lat' dir='ltr'>notarii</span> <span class='ocrx_word' id='word_1_262' title='bbox 796 3234 946 3304; x_wconf 84' lang='lat' dir='ltr'>existant,</span> <span class='ocrx_word' id='word_1_263' title='bbox 969 3235 1007 3295; x_wconf 90' lang='lat' dir='ltr'>ad</span> <span class='ocrx_word' id='word_1_264' title='bbox 1021 3232 1168 3298; x_wconf 72' lang='lat' dir='ltr'>effectum</span> <span class='ocrx_word' id='word_1_265' title='bbox 1181 3236 1411 3299; x_wconf 85' lang='lat' dir='ltr'>nominationis</span> <span class='ocrx_word' id='word_1_266' title='bbox 1425 3235 1463 3297; x_wconf 88' lang='lat' dir='ltr'>de</span> <span class='ocrx_word' id='word_1_267' title='bbox 1481 3255 1522 3299; x_wconf 92' lang='lat' dir='ltr'>eo</span> <span class='ocrx_word' id='word_1_268' title='bbox 1541 3235 1654 3308; x_wconf 70' lang='lat' dir='ltr'>sastae,</span> <span class='ocrx_word' id='word_1_269' title='bbox 1677 3255 1714 3300; x_wconf 83' lang='lat' dir='ltr'>ac</span> <span class='ocrx_word' id='word_1_270' title='bbox 1726 3235 1889 3300; x_wconf 84' lang='lat' dir='ltr'>literatum</span> 
     </span>
     <span class='ocr_line' id='line_1_28' title="bbox 518 3319 1889 3405; baseline -0.004 -21"><span class='ocrx_word' id='word_1_271' title='bbox 518 3320 737 3405; x_wconf 76' lang='lat' dir='ltr'>praedistarum</span> <span class='ocrx_word' id='word_1_272' title='bbox 756 3320 1019 3402; x_wconf 87' lang='lat' dir='ltr'>quandocumque</span> <span class='ocrx_word' id='word_1_273' title='bbox 1034 3319 1253 3399; x_wconf 86' lang='lat' dir='ltr'>expeditarum</span> <span class='ocrx_word' id='word_1_274' title='bbox 1268 3319 1419 3399; x_wconf 88' lang='lat' dir='ltr'>deputare</span> <span class='ocrx_word' id='word_1_275' title='bbox 1432 3319 1543 3400; x_wconf 75' lang='lat' dir='ltr'>possit,</span> <span class='ocrx_word' id='word_1_276' title='bbox 1564 3319 1714 3401; x_wconf 87' lang='lat' dir='ltr'>quodque</span> <span class='ocrx_word' id='word_1_277' title='bbox 1729 3331 1889 3382; x_wconf 88' lang='lat' dir='ltr'>executo-</span> 
     </span>
    </p>

    <p class='ocr_par' dir='ltr' id='par_1_11' title="bbox 416 3397 1989 3650">
     <span class='ocr_line' id='line_1_29' title="bbox 416 3397 1989 3482; baseline 0.001 -17"><span class='ocrx_word' id='word_1_278' title='bbox 416 3457 423 3478; x_wconf 84' lang='grc'>,</span> <span class='ocrx_word' id='word_1_279' title='bbox 520 3424 570 3467; x_wconf 91' lang='lat' dir='ltr'>res</span> <span class='ocrx_word' id='word_1_280' title='bbox 587 3406 641 3465; x_wconf 89' lang='lat' dir='ltr'>vel</span> <span class='ocrx_word' id='word_1_281' title='bbox 660 3404 905 3466; x_wconf 87' lang='lat' dir='ltr'>subexecutotes</span> <span class='ocrx_word' id='word_1_282' title='bbox 922 3397 1062 3481; x_wconf 76' lang='lat' dir='ltr'>ptaedisti</span> <span class='ocrx_word' id='word_1_283' title='bbox 1083 3399 1234 3463; x_wconf 83' lang='lat' dir='ltr'>beneficia</span> <span class='ocrx_word' id='word_1_284' title='bbox 1252 3404 1420 3481; x_wconf 71' lang='lat' dir='ltr'>prandisse,</span> <span class='ocrx_word' id='word_1_285' title='bbox 1442 3400 1561 3463; x_wconf 82' lang='lat' dir='ltr'>etiamst</span> <span class='ocrx_word' id='word_1_286' title='bbox 1580 3401 1777 3482; x_wconf 81' lang='lat' dir='ltr'>dispositioni</span> <span class='ocrx_word' id='word_1_287' title='bbox 1798 3403 1889 3482; x_wconf 83' lang='lat' dir='ltr'>Apo-</span> <span class='ocrx_word' id='word_1_288' title='bbox 1977 3453 1989 3466; x_wconf 77' lang='grc'><strong><em>,</em></strong></span> 
     </span>
     <span class='ocr_line' id='line_1_30' title="bbox 520 3480 1890 3566; baseline -0.004 -17"><span class='ocrx_word' id='word_1_289' title='bbox 520 3487 640 3551; x_wconf 80' lang='lat' dir='ltr'>stolicae</span> <span class='ocrx_word' id='word_1_290' title='bbox 657 3485 752 3560; x_wconf 89' lang='lat' dir='ltr'>alias,</span> <span class='ocrx_word' id='word_1_291' title='bbox 774 3504 866 3566; x_wconf 87' lang='lat' dir='ltr'>quam</span> <span class='ocrx_word' id='word_1_292' title='bbox 878 3483 971 3563; x_wconf 83' lang='lat' dir='ltr'>juxta</span> <span class='ocrx_word' id='word_1_293' title='bbox 985 3480 1243 3546; x_wconf 78' lang='lat' dir='ltr'>constitutionem</span> <span class='ocrx_word' id='word_1_294' title='bbox 1259 3483 1311 3545; x_wconf 84' lang='lat' dir='ltr'>sel.</span> <span class='ocrx_word' id='word_1_295' title='bbox 1323 3484 1444 3545; x_wconf 89' lang='lat' dir='ltr'>record.</span> <span class='ocrx_word' id='word_1_296' title='bbox 1459 3483 1619 3547; x_wconf 80' lang='lat' dir='ltr'>Benedisti</span> <span class='ocrx_word' id='word_1_297' title='bbox 1631 3482 1703 3546; x_wconf 90' lang='lat' dir='ltr'><strong>XII.</strong></span> <span class='ocrx_word' id='word_1_298' title='bbox 1717 3482 1890 3565; x_wconf 69' lang='lat' dir='ltr'>praedeces·</span> 
     </span>
     <span class='ocr_line' id='line_1_31' title="bbox 520 3564 1889 3650; baseline -0.004 -19"><span class='ocrx_word' id='word_1_299' title='bbox 520 3567 724 3638; x_wconf 88' lang='lat' dir='ltr'>sorisnostti,</span> <span class='ocrx_word' id='word_1_300' title='bbox 749 3567 958 3650; x_wconf 80' lang='lat' dir='ltr'>quaeineipit:</span> <span class='ocrx_word' id='word_1_301' title='bbox 981 3565 1018 3625; x_wconf 88' lang='lat' dir='ltr'>ad</span> <span class='ocrx_word' id='word_1_302' title='bbox 1031 3564 1197 3646; x_wconf 81' lang='lat' dir='ltr'>Regimen,</span> <span class='ocrx_word' id='word_1_303' title='bbox 1221 3565 1416 3646; x_wconf 79' lang='lat' dir='ltr'>dispositioni</span> <span class='ocrx_word' id='word_1_304' title='bbox 1429 3564 1622 3646; x_wconf 67' lang='lat' dir='ltr'>aspostolicae</span> <span class='ocrx_word' id='word_1_305' title='bbox 1658 3565 1889 3627; x_wconf 87' lang='lat' dir='ltr'>eneralitette·</span> 
     </span>
    </p>

    <p class='ocr_par' dir='ltr' id='par_1_12' title="bbox 463 3583 1890 4394">
     <span class='ocr_line' id='line_1_32' title="bbox 463 3583 1890 3731; baseline -0.004 -18"><span class='ocrx_word' id='word_1_306' title='bbox 463 3728 465 3731; x_wconf 16' lang='grc' dir='ltr'>Ι</span> <span class='ocrx_word' id='word_1_307' title='bbox 518 3653 642 3715; x_wconf 86' lang='lat' dir='ltr'>servata</span> <span class='ocrx_word' id='word_1_308' title='bbox 660 3650 813 3722; x_wconf 78' lang='lat' dir='ltr'>exiliant,</span> <span class='ocrx_word' id='word_1_309' title='bbox 836 3647 870 3710; x_wconf 79' lang='lat' dir='ltr'>dc</span> <span class='ocrx_word' id='word_1_310' title='bbox 884 3646 1024 3729; x_wconf 81' lang='lat' dir='ltr'>personae</span> <span class='ocrx_word' id='word_1_311' title='bbox 1042 3650 1214 3710; x_wconf 78' lang='lat' dir='ltr'>nominatae</span> <span class='ocrx_word' id='word_1_312' title='bbox 1232 3648 1391 3727; x_wconf 77' lang='lat' dir='ltr'>praedtttae</span> <span class='ocrx_word' id='word_1_313' title='bbox 1405 3648 1497 3726; x_wconf 86' lang='lat' dir='ltr'>juxta</span> <span class='ocrx_word' id='word_1_314' title='bbox 1509 3646 1623 3709; x_wconf 88' lang='lat' dir='ltr'>statuta</span> <span class='ocrx_word' id='word_1_315' title='bbox 1635 3583 1672 3708; x_wconf 58' lang='lat' dir='ltr'>lde</span> <span class='ocrx_word' id='word_1_316' title='bbox 1686 3644 1890 3708; x_wconf 88' lang='lat' dir='ltr'>consuetudi·</span> 
     </span>
     <span class='ocr_line' id='line_1_33' title="bbox 520 3727 1888 3810; baseline -0.002 -15"><span class='ocrx_word' id='word_1_317' title='bbox 520 3754 575 3796; x_wconf 88' lang='lat' dir='ltr'>nes</span> <span class='ocrx_word' id='word_1_318' title='bbox 605 3732 832 3799; x_wconf 82' lang='lat' dir='ltr'>Ecclestaturn.</span> <span class='ocrx_word' id='word_1_319' title='bbox 859 3731 1023 3810; x_wconf 88' lang='lat' dir='ltr'>inquibus</span> <span class='ocrx_word' id='word_1_320' title='bbox 1046 3731 1196 3791; x_wconf 83' lang='lat' dir='ltr'>beneficia</span> <span class='ocrx_word' id='word_1_321' title='bbox 1218 3728 1401 3809; x_wconf 85' lang='lat' dir='ltr'>hujusmodi</span> <span class='ocrx_word' id='word_1_322' title='bbox 1418 3728 1553 3798; x_wconf 84' lang='lat' dir='ltr'>suerint,</span> <span class='ocrx_word' id='word_1_323' title='bbox 1578 3728 1646 3791; x_wconf 86' lang='lat' dir='ltr'>sive</span> <span class='ocrx_word' id='word_1_324' title='bbox 1669 3728 1789 3791; x_wconf 88' lang='lat' dir='ltr'>indulta</span> <span class='ocrx_word' id='word_1_325' title='bbox 1816 3727 1888 3808; x_wconf 88' lang='lat' dir='ltr'>ipsis</span> 
     </span>
     <span class='ocr_line' id='line_1_34' title="bbox 521 3809 1886 3893; baseline -0.004 -15"><span class='ocrx_word' id='word_1_326' title='bbox 521 3817 667 3878; x_wconf 77' lang='lat' dir='ltr'>Ecclesiis</span> <span class='ocrx_word' id='word_1_327' title='bbox 683 3813 846 3883; x_wconf 85' lang='lat' dir='ltr'>concessa,</span> <span class='ocrx_word' id='word_1_328' title='bbox 870 3833 1016 3893; x_wconf 87' lang='lat' dir='ltr'>capaces,</span> <span class='ocrx_word' id='word_1_329' title='bbox 1041 3812 1092 3874; x_wconf 92' lang='lat' dir='ltr'>seu</span> <span class='ocrx_word' id='word_1_330' title='bbox 1110 3815 1141 3874; x_wconf 89' lang='lat' dir='ltr'>in</span> <span class='ocrx_word' id='word_1_331' title='bbox 1160 3825 1254 3873; x_wconf 77' lang='lat' dir='ltr'>:etate</span> <span class='ocrx_word' id='word_1_332' title='bbox 1275 3813 1413 3892; x_wconf 81' lang='lat' dir='ltr'>legitima</span> <span class='ocrx_word' id='word_1_333' title='bbox 1434 3810 1634 3884; x_wconf 86' lang='lat' dir='ltr'>constitutae,</span> <span class='ocrx_word' id='word_1_334' title='bbox 1655 3824 1709 3873; x_wconf 83' lang='lat' dir='ltr'>aut</span> <span class='ocrx_word' id='word_1_335' title='bbox 1727 3811 1766 3872; x_wconf 90' lang='lat' dir='ltr'>de</span> <span class='ocrx_word' id='word_1_336' title='bbox 1779 3809 1886 3891; x_wconf 77' lang='lat' dir='ltr'>legiti-</span> 
     </span>
     <span class='ocr_line' id='line_1_35' title="bbox 520 3892 1886 4036; baseline -0.006 -75"><span class='ocrx_word' id='word_1_337' title='bbox 520 3920 574 3961; x_wconf 89' lang='lat' dir='ltr'>mo</span> <span class='ocrx_word' id='word_1_338' title='bbox 585 3900 789 3960; x_wconf 86' lang='lat' dir='ltr'>matrimonio</span> <span class='ocrx_word' id='word_1_339' title='bbox 803 3909 992 3980; x_wconf 76' lang='lat' dir='ltr'>procreatae,</span> <span class='ocrx_word' id='word_1_340' title='bbox 1014 3894 1189 3956; x_wconf 89' lang='lat' dir='ltr'>dummodo</span> <span class='ocrx_word' id='word_1_341' title='bbox 1207 3896 1282 3956; x_wconf 87' lang='lat' dir='ltr'>alias</span> <span class='ocrx_word' id='word_1_342' title='bbox 1297 3914 1368 3955; x_wconf 71' lang='lat' dir='ltr'>teum</span> <span class='ocrx_word' id='word_1_343' title='bbox 1387 3895 1432 3955; x_wconf 88' lang='lat' dir='ltr'>eis</span> <span class='ocrx_word' id='word_1_344' title='bbox 1453 3893 1550 3955; x_wconf 86' lang='lat' dir='ltr'>suerit</span> <span class='ocrx_word' id='word_1_345' title='bbox 1567 3898 1717 3956; x_wconf 89' lang='lat' dir='ltr'>canonice</span> <span class='ocrx_word' id='word_1_346' title='bbox 1734 3892 1886 4036; x_wconf 77' lang='lat' dir='ltr'>dispensa-</span> 
     </span>
     <span class='ocr_line' id='line_1_36' title="bbox 520 3977 1885 4059; baseline -0.006 -15"><span class='ocrx_word' id='word_1_347' title='bbox 520 3997 605 4052; x_wconf 90' lang='lat' dir='ltr'>tum,</span> <span class='ocrx_word' id='word_1_348' title='bbox 628 4001 694 4042; x_wconf 93' lang='lat' dir='ltr'>non</span> <span class='ocrx_word' id='word_1_349' title='bbox 708 3980 785 4051; x_wconf 88' lang='lat' dir='ltr'>sint,</span> <span class='ocrx_word' id='word_1_350' title='bbox 808 3981 969 4059; x_wconf 86' lang='lat' dir='ltr'>&amp;absque</span> <span class='ocrx_word' id='word_1_351' title='bbox 982 3977 1450 4054; x_wconf 77' lang='lat' dir='ltr'>examinationeptaedislotum</span> <span class='ocrx_word' id='word_1_352' title='bbox 1463 3977 1607 4039; x_wconf 88' lang='lat' dir='ltr'>conserte</span> <span class='ocrx_word' id='word_1_353' title='bbox 1620 3977 1716 4038; x_wconf 88' lang='lat' dir='ltr'>libere</span> <span class='ocrx_word' id='word_1_354' title='bbox 1729 3981 1782 4057; x_wconf 92' lang='lat' dir='ltr'>pos</span> <span class='ocrx_word' id='word_1_355' title='bbox 1796 3989 1851 4037; x_wconf 86' lang='lat' dir='ltr'>snt.</span> <span class='ocrx_word' id='word_1_356' title='bbox 1864 4016 1885 4048; x_wconf 92' lang='lat'>„</span> 
     </span>
     <span class='ocr_line' id='line_1_37' title="bbox 522 4055 1887 4146; baseline -0.006 -18"><span class='ocrx_word' id='word_1_357' title='bbox 522 4063 583 4128; x_wconf 87' lang='lat' dir='ltr'>Hic</span> <span class='ocrx_word' id='word_1_358' title='bbox 594 4065 693 4146; x_wconf 89' lang='lat' dir='ltr'>probe</span> <span class='ocrx_word' id='word_1_359' title='bbox 707 4062 954 4131; x_wconf 84' lang='lat' dir='ltr'>observandum,</span> <span class='ocrx_word' id='word_1_360' title='bbox 978 4062 1111 4140; x_wconf 86' lang='lat' dir='ltr'>primum</span> <span class='ocrx_word' id='word_1_361' title='bbox 1128 4062 1208 4122; x_wconf 87' lang='lat' dir='ltr'>inter</span> <span class='ocrx_word' id='word_1_362' title='bbox 1228 4059 1398 4123; x_wconf 85' lang='lat' dir='ltr'>Pontifices</span> <span class='ocrx_word' id='word_1_363' title='bbox 1413 4058 1607 4122; x_wconf 80' lang='lat' dir='ltr'>Clementem</span> <span class='ocrx_word' id='word_1_364' title='bbox 1622 4058 1695 4122; x_wconf 87' lang='lat' dir='ltr'>Vll.</span> <span class='ocrx_word' id='word_1_365' title='bbox 1709 4055 1823 4120; x_wconf 80' lang='lat' dir='ltr'>dedisse</span> <span class='ocrx_word' id='word_1_366' title='bbox 1839 4057 1887 4120; x_wconf 85' lang='lat' dir='ltr'>sa·</span> 
     </span>
     <span class='ocr_line' id='line_1_38' title="bbox 518 4141 1887 4224; baseline -0.004 -15"><span class='ocrx_word' id='word_1_367' title='bbox 518 4148 670 4211; x_wconf 90' lang='lat' dir='ltr'>cultatem</span> <span class='ocrx_word' id='word_1_368' title='bbox 683 4144 813 4216; x_wconf 81' lang='lat' dir='ltr'>Caesari,</span> <span class='ocrx_word' id='word_1_369' title='bbox 835 4158 871 4205; x_wconf 90' lang='lat' dir='ltr'>ut</span> <span class='ocrx_word' id='word_1_370' title='bbox 883 4144 920 4204; x_wconf 88' lang='lat' dir='ltr'>ad</span> <span class='ocrx_word' id='word_1_371' title='bbox 937 4141 1088 4204; x_wconf 84' lang='lat' dir='ltr'>beneficia</span> <span class='ocrx_word' id='word_1_372' title='bbox 1110 4143 1255 4224; x_wconf 87' lang='lat' dir='ltr'>personas</span> <span class='ocrx_word' id='word_1_373' title='bbox 1273 4143 1441 4206; x_wconf 91' lang='lat' dir='ltr'>secundum</span> <span class='ocrx_word' id='word_1_374' title='bbox 1460 4141 1573 4203; x_wconf 86' lang='lat' dir='ltr'>statuta</span> <span class='ocrx_word' id='word_1_375' title='bbox 1592 4141 1625 4203; x_wconf 78' lang='lat' dir='ltr'>dc</span> <span class='ocrx_word' id='word_1_376' title='bbox 1644 4141 1887 4204; x_wconf 88' lang='lat' dir='ltr'>consuetudines</span> 
     </span>
     <span class='ocr_line' id='line_1_39' title="bbox 518 4221 1887 4309; baseline -0.004 -18"><span class='ocrx_word' id='word_1_377' title='bbox 518 4233 683 4308; x_wconf 83' lang='lat' dir='ltr'>incapaces</span> <span class='ocrx_word' id='word_1_378' title='bbox 698 4229 862 4289; x_wconf 87' lang='lat' dir='ltr'>nominate</span> <span class='ocrx_word' id='word_1_379' title='bbox 877 4223 993 4306; x_wconf 84' lang='lat' dir='ltr'>posset.</span> <span class='ocrx_word' id='word_1_380' title='bbox 1009 4229 1083 4287; x_wconf 89' lang='lat' dir='ltr'>&#39;cum</span> <span class='ocrx_word' id='word_1_381' title='bbox 1098 4227 1204 4289; x_wconf 88' lang='lat' dir='ltr'>omnia</span> <span class='ocrx_word' id='word_1_382' title='bbox 1217 4225 1337 4289; x_wconf 87' lang='lat' dir='ltr'>indulta</span> <span class='ocrx_word' id='word_1_383' title='bbox 1358 4221 1597 4288; x_wconf 87' lang='lat' dir='ltr'>Antecessomm</span> <span class='ocrx_word' id='word_1_384' title='bbox 1616 4225 1710 4288; x_wconf 89' lang='lat' dir='ltr'>talem</span> <span class='ocrx_word' id='word_1_385' title='bbox 1730 4226 1887 4309; x_wconf 89' lang='lat' dir='ltr'>capacita-</span> 
     </span>
     <span class='ocr_line' id='line_1_40' title="bbox 519 4308 1024 4394; baseline -0.01 -17"><span class='ocrx_word' id='word_1_386' title='bbox 519 4325 587 4376; x_wconf 87' lang='lat' dir='ltr'>tem</span> <span class='ocrx_word' id='word_1_387' title='bbox 602 4313 635 4375; x_wconf 93' lang='lat' dir='ltr'>in</span> <span class='ocrx_word' id='word_1_388' title='bbox 651 4309 791 4394; x_wconf 83' lang='lat' dir='ltr'>precisiis</span> <span class='ocrx_word' id='word_1_389' title='bbox 808 4308 1024 4373; x_wconf 80' lang='lat' dir='ltr'>desiderarent.</span> 
     </span>
    </p>
   </div>
   <div class='ocr_carea' id='block_1_6' title="bbox 1038 4440 1257 4542">
    <p class='ocr_par' dir='ltr' id='par_1_13' title="bbox 1038 4440 1257 4542">
     <span class='ocr_line' id='line_1_41' title="bbox 1038 4440 1257 4542; baseline -0.014 -26"><span class='ocrx_word' id='word_1_390' title='bbox 1038 4440 1071 4542; x_wconf 72' lang='lat' dir='ltr'>t.</span> <span class='ocrx_word' id='word_1_391' title='bbox 1119 4441 1257 4515; x_wconf 80' lang='lat' dir='ltr'>xxti.</span> 
     </span>
    </p>
   </div>
   <div class='ocr_carea' id='block_1_7' title="bbox 519 4572 2024 4686">
    <p class='ocr_par' dir='ltr' id='par_1_14' title="bbox 519 4572 2024 4686">
     <span class='ocr_line' id='line_1_42' title="bbox 519 4572 2024 4686; baseline -0.013 -29"><span class='ocrx_word' id='word_1_392' title='bbox 519 4583 646 4660; x_wconf 81' lang='lat' dir='ltr'>Cetolo</span> <span class='ocrx_word' id='word_1_393' title='bbox 662 4589 707 4656; x_wconf 88' lang='lat' dir='ltr'>V.</span> <span class='ocrx_word' id='word_1_394' title='bbox 727 4581 836 4654; x_wconf 89' lang='lat' dir='ltr'>adhuc</span> <span class='ocrx_word' id='word_1_395' title='bbox 860 4584 1065 4678; x_wconf 89' lang='lat' dir='ltr'>imperante,</span> <span class='ocrx_word' id='word_1_396' title='bbox 1088 4575 1319 4648; x_wconf 86' lang='lat' dir='ltr'>Ferdinandus</span> <span class='ocrx_word' id='word_1_397' title='bbox 1336 4578 1362 4648; x_wconf 89' lang='lat'>1.</span> <span class='ocrx_word' id='word_1_398' title='bbox 1387 4572 1458 4671; x_wconf 82' lang='lat' dir='ltr'>ejus</span> <span class='ocrx_word' id='word_1_399' title='bbox 1481 4574 1584 4649; x_wconf 85' lang='lat' dir='ltr'>frater</span> <span class='ocrx_word' id='word_1_400' title='bbox 1601 4577 1634 4646; x_wconf 90' lang='lat' dir='ltr'>in</span> <span class='ocrx_word' id='word_1_401' title='bbox 1657 4578 1888 4647; x_wconf 84' lang='lat' dir='ltr'>Romanorum</span> <span class='ocrx_word' id='word_1_402' title='bbox 2007 4609 2024 4686; x_wconf 35' lang='grc' dir='ltr'>-Ι</span> 
     </span>
    </p>
   </div>
   <div class='ocr_carea' id='block_1_8' title="bbox 415 4668 1888 4848">
    <p class='ocr_par' dir='ltr' id='par_1_15' title="bbox 415 4668 1888 4848">
     <span class='ocr_line' id='line_1_43' title="bbox 415 4668 1888 4845; baseline -0.014 -89"><span class='ocrx_word' id='word_1_403' title='bbox 415 4685 532 4782; x_wconf 81' lang='lat' dir='ltr'>Regem</span> <span class='ocrx_word' id='word_1_404' title='bbox 553 4681 680 4759; x_wconf 74' lang='lat' dir='ltr'>elesius</span> <span class='ocrx_word' id='word_1_405' title='bbox 698 4680 739 4756; x_wconf 88' lang='lat' dir='ltr'>ab</span> <span class='ocrx_word' id='word_1_406' title='bbox 759 4681 879 4756; x_wconf 87' lang='lat' dir='ltr'>eodem</span> <span class='ocrx_word' id='word_1_407' title='bbox 903 4680 1076 4754; x_wconf 88' lang='lat' dir='ltr'>Clemente</span> <span class='ocrx_word' id='word_1_408' title='bbox 1094 4680 1175 4750; x_wconf 90' lang='lat' dir='ltr'>Vll.</span> <span class='ocrx_word' id='word_1_409' title='bbox 1198 4675 1364 4845; x_wconf 69' lang='lat' dir='ltr'>isndustum</span> <span class='ocrx_word' id='word_1_410' title='bbox 1386 4679 1624 4774; x_wconf 88' lang='lat' dir='ltr'>primariarum</span> <span class='ocrx_word' id='word_1_411' title='bbox 1644 4696 1785 4771; x_wconf 89' lang='lat' dir='ltr'>precum</span> <span class='ocrx_word' id='word_1_412' title='bbox 1804 4668 1888 4836; x_wconf 57' lang='lat' dir='ltr'>obtq-</span> 
     </span>
     <span class='ocr_line' id='line_1_44' title="bbox 1253 4791 1887 4848; baseline -0.016 -3"><span class='ocrx_word' id='word_1_413' title='bbox 1253 4801 1272 4845; x_wconf 83' lang='lat' dir='ltr'>a</span> <span class='ocrx_word' id='word_1_414' title='bbox 1801 4791 1858 4837; x_wconf 87' lang='lat' dir='ltr'>nus</span> <span class='ocrx_word' id='word_1_415' title='bbox 1879 4817 1887 4848; x_wconf 96' lang='lat'>,</span> 
     </span>
    </p>
   </div>
   <div class='ocr_carea' id='block_1_9' title="bbox 0 0 2514 5589">
    <p class='ocr_par' dir='ltr' id='par_1_16' title="bbox 0 0 2514 5589">
     <span class='ocr_line' id='line_1_45' title="bbox 0 0 2514 5589; baseline 0 0"><span class='ocrx_word' id='word_1_416' title='bbox 0 0 2514 5589; x_wconf 95' lang='lat' dir='ltr'> </span> 
     </span>
    </p>
   </div>
  </div>
 </body>
</html>
