5017 5592
389 686 391 690 -
474 651 613 736 με.
872 590 1501 714 'nts'santntm

496 853 499 864 ·
589 822 673 889 Haec
692 815 733 888 de
749 814 913 889 methodo
925 840 961 887 ac
977 812 1149 914 syllemate
1173 817 1382 916 quorundam
1399 823 1523 912 Legem
1544 815 1813 914 amortiartionia
1836 837 1955 910 propo·

477 919 666 1010 gnantium:
694 939 760 987 non
783 918 872 986 enim
894 938 1011 986 omnea
1028 915 1143 988 eadem
1163 940 1303 988 utuntur
1322 917 1500 989 acerbitate
1521 913 1612 1011 llyli,
1639 939 1698 996 nec
1718 911 1761 983 ad
1782 915 1905 984 eadem
1926 918 1958 988 itt

478 1015 542 1085 bac
562 1037 760 1105 argumento
776 1036 923 1087 extrema
941 1011 1151 1086 descendunt.
1202 1019 1326 1106 Legem
1343 1012 1446 1112 ipsam
1468 1014 1729 1086 amortizationis
1756 1010 1958 1107 reliquimur

475 1108 656 1192 illibatam,
681 1114 740 1208 qui
755 1115 909 1181 novimus
923 1110 965 1181 de
979 1107 1119 1182 consiliis
1139 1137 1174 1182 ct
1192 1114 1333 1184 decretis
1354 1117 1564 1208 Principum,
1587 1135 1637 1205 pet
1647 1115 1681 1201 lc
1700 1115 1878 1201 loquendo,
1908 1111 1953 1204 jn.

475 1208 588 1280 dicate
601 1212 770 1282 neminem
785 1207 894 1306 polle,
920 1206 979 1280 nifi
996 1211 1186 1306 Principem
1207 1201 1401 1308 supremum
1425 1209 1458 1286 dt
1478 1205 1648 1309 potestatis
1663 1209 1871 1305 utriunque,
1908 1217 1957 1284 Sa·

475 1329 540 1380 ert
556 1331 592 1381 ac
607 1305 774 1408 politice,
806 1302 936 1381 fontem
957 1309 1107 1380 oron.

1055 1496 1373 1588 ffl

714 1712 1339 1821 Animadversiones
1414 1712 1727 1827 Editotis.

479 1853 579 2026 Ad
593 1954 623 2044 §.
644 1977 673 2024 t.
697 1955 751 2026 De
765 1956 856 2046 Lege
869 1956 1113 2032 antrtizrtitris
1127 1953 1160 2024 in
1179 1954 1364 2050 Germanic
1378 1949 1450 2026 filet
1464 1947 1613 2037 Aulior,
1626 1949 1682 2026 sed
1699 1975 1763 2026 nec
1783 1951 1844 2026 ltie
1861 1955 1958 2028 etiam

479 2050 632 2148 exempli
647 2052 836 2149 antiquiora
850 2047 956 2125 decise
971 2053 1116 2124 extendit
1138 2054 1201 2121 Hi:
1213 2071 1387 2126 turtur)
1408 2055 1442 2121 in
1460 2057 1634 2144 Reprttrrir
1650 2073 1757 2124 voce:
1779 2059 1959 2131 Antrrtizr·

482 2153 574 2232 rin,
612 2149 672 2223 ubi
707 2151 842 2225 adducit
871 2174 1007 2247 praeter
1034 2149 1153 2222 statuta
1176 2141 1357 2221 Civitaium
1388 2149 1548 2245 Diploma
1581 2155 1753 2228 Wrnteslai
1775 2139 1962 2222 coaicellirm

480 2248 758 2343 Ftiedbetgenfibas
778 2273 866 2322 anno
895 2261 997 2347 1382.
1018 2275 1060 2320 ne
1084 2273 1189 2345 porro
1211 2244 1296 2318 bona
1318 2251 1441 2320 civium
1461 2247 1501 2316 ad
1521 2244 1761 2319 Eccleliallicoe
1786 2252 1960 2342 pertenire

359 2365 364 2370 ·
480 2367 622 2440 queant:
651 2350 731 2417 item
744 2342 981 2421 concellionem
1000 2353 1150 2419 Ladtvt'ci
1168 2350 1300 2439 Episcopi
1313 2345 1568 2435 Mrnrllen'enfis
1582 2345 1624 2414 de
1638 2369 1726 2417 anno
1741 2367 1851 2430 1320.
1865 2350 1896 2417 ti
1908 2371 1960 2418 cu·

480 2465 536 2611 ppt
552 2445 717 2536 permittit
731 2441 997 2530 Cillercienstbna
1012 2441 1260 2540 acquisitionem
1275 2467 1438 2514 novorum
1455 2442 1620 2514 bonorum
1636 2467 1701 2513 non
1717 2439 1874 2516 obstante
1887 2461 1960 2541 pto·

509 2536 649 2613 ibitione
665 2541 720 2613 lue
732 2545 821 2614 circa
837 2543 919 2615 alios
929 2541 1113 2635 Religiosor
1128 2537 1230 2621 facia,
1257 2541 1462 2616 undeelucet
1477 2541 1587 2637 quoad
1603 2539 1887 2634 aliocReltgiofoa
1897 2541 1962 2638 jam

484 2661 556 2714 tum
571 2639 736 2736 ejusmodi
753 2639 1018 2738 prohibitionem
1034 2641 1157 2713 editam
1171 2632 1276 2710 fuilse,

600 2778 656 2846 Ad
670 2774 705 2856 S.
723 2779 791 2847 111.
817 2774 969 2867 Elegomi
985 2771 1068 2870 llylo
1081 2774 1256 2870 utriusque
1271 2773 1374 2869 partit
1389 2794 1583 2866 argumente
1593 2793 1626 2843 et
1640 2769 1876 2868 responlionea
1891 2800 1961 2874 pro·

483 2870 583 2966 ponit
597 2867 745 2954 Auilor,
768 2869 822 2943 sed
844 2873 935 2968 quod
949 2870 1049 2968 ipsius
1074 2869 1213 2966 systema
1228 2871 1420 2952 concernit,
1444 2867 1710 2966 adstipulandnm
1735 2869 1799 2969 ipli
1816 2899 1886 2946 nun
1902 2871 1961 2958 est,

411 2983 413 2988 '
483 2989 558 3039 mea
573 2969 710 3062 quidem
729 2971 790 3040 hac
803 2973 837 3040 in
855 2993 892 3040 re
906 2966 994 3041 sensa
1007 2971 1087 3040 haec
1101 2969 1184 3039 sunt.

598 3103 626 3170 1.
654 3098 816 3172 Ecclefiae
840 3101 930 3172 nulla
954 3103 1083 3172 ratione
1108 3124 1300 3197 competere
1323 3098 1432 3196 potest
1453 3099 1506 3194 jur
1529 3123 1566 3170 cc
1591 3096 1754 3172 uifitionia
1779 3100 1964 3196 ejusmodi,

483 3193 576 3362 pund
592 3198 625 3267 in
644 3196 886 3295 praejudicium
896 3223 929 3270 et
944 3199 1102 3270 damnum
1118 3199 1334 3295 Reipublicae
1349 3198 1443 3269 cedat
1479 3201 1558 3268 Hoc
1568 3123 1646 3269 lane
1660 3198 1811 3270 uberiori
1831 3202 1964 3273 demon·

513 3317 587 3366 tare
608 3322 674 3367 non
690 3320 790 3387 egere
807 3291 975 3378 existimo,
999 3321 1076 3370 cum
1093 3321 1183 3370 certe
1198 3293 1351 3370 Christus
1366 3290 1540 3368 Ecclesiam
1554 3292 1643 3368 suam
1667 3300 1700 3365 in
1715 3297 1962 3394 praejudicium

483 3394 702 3491 Reipublicae
721 3419 787 3466 oon
800 3388 959 3467 fundarit.

603 3533 648 3600 ll.
670 3529 733 3623 Jua
754 3523 975 3620 acquilitionis
998 3520 1064 3597 line
1087 3523 1163 3596 ullis
1191 3523 1352 3598 limitibus
1373 3548 1491 3621 atque,
1517 3549 1556 3598 ut
1577 3527 1622 3595 ita
1640 3524 1771 3609 dicem,
1796 3526 1964 3601 inlinitum

471 3624 630 3698 'evidenti
648 3626 791 3719 quedam
805 3627 934 3696 ratione
952 3622 1044 3695 saluti
1062 3622 1278 3728 Reipublicae
1293 3620 1337 3694 eli
1352 3622 1536 3694 adversum.
1587 3625 1678 3716 Quid
1695 3629 1814 3700 enim?
1847 3621 1963 3698 sinulli

485 3737 634 3816 unquam
658 3724 780 3795 limites
804 3720 982 3819 praescribi
1008 3718 1162 3817 pellunt,
1198 3737 1289 3791 certe
1311 3717 1472 3816 potilltma
1500 3720 1665 3791 bonorum
1687 3725 1830 3818 pars-ad
1852 3748 1963 3796 manus

484 3846 633 3895 mortuas
654 3821 790 3893 demum
812 3826 984 3915 perveniet
1014 3815 1187 3890 manifello
1213 3823 1354 3900 civium,
1391 3822 1607 3898 commercii,
1648 3828 1907 3916 propagationis
1935 3843 1965 3895 et

485 3925 655 4015 augmenti
670 3944 727 3991 aur
743 3924 843 3991 etiam
855 3915 933 4012 julli
948 3917 1132 3988 incolarum
1148 3919 1280 3988 numeri
1297 3913 1510 3987 conservandi
1527 3917 1750 3989 detrimento.

599 4058 662 4131 ΙΙΙ.
679 4048 1146 4149 Ejusmodijusacquisttionia
1163 4052 1300 4146 planein
1312 4048 1600 4149 circumscriptum
1608 4071 1757 4144 tumquo
1784 4075 1849 4135 ue,
1862 4049 1962 4125 ubide

484 4149 662 4247 superfluis
679 4157 781 4225 etiam
797 4151 892 4224 bonis
908 4148 1059 4247 jamdum
1074 4146 1245 4245 provisum
1267 4146 1314 4221 ell
1329 4146 1497 4229 Eccleliit,
1524 4145 1654 4245 spiritui
1677 4075 1825 4230 circili,
1852 4152 1962 4246 primi*

487 4254 573 4322 tine
588 4248 764 4328 Eccleliae,
789 4273 823 4322 et
836 4252 893 4322 SS.
907 4252 1081 4319 canonum
1104 4271 1169 4316 non
1185 4244 1231 4316 esl
1244 4242 1437 4328 conforme,
1459 4270 1534 4317 cum
1550 4247 1725 4344 operatios
1745 4269 1879 4319 tantum
1895 4245 1962 4320 suot

486 4347 605 4438 dignos
620 4369 765 4434 congrua
780 4343 1012 4417 sustentatione
1028 4348 1253 4439 pronuntiarit
1267 4341 1436 4424 Christus,
1460 4363 1493 4414 et
1509 4341 1684 4414 Minillroa
1703 4344 1830 4415 Altaria
1855 4346 1898 4420 de
1914 4343 1962 4416 Al·

485 4447 548 4517 tari
565 4446 677 4514 vivete
693 4446 794 4511 velint
808 4440 915 4514 sactae
929 4444 1062 4523 literae;
1089 4441 1134 4508 nil
1153 4443 1226 4534 plus
1243 4442 1416 4537 quidpiam
1435 4445 1602 4533 primaeva
1615 4439 1754 4512 Ecclesia
1772 4449 1959 4540 experierin

485 4565 519 4613 et
536 4544 589 4612 SS.
606 4544 756 4610 Conones
771 4540 951 4609 Clrrtcosa
970 4537 1210 4633 temporalibus
1227 4536 1405 4608 abllradlos
1426 4540 1522 4610 unice
1539 4538 1629 4608 cultu
1655 4537 1772 4629 divino
1788 4566 1822 4612 et
1844 4546 1960 4614 anima·

486 4661 564 4711 rum
584 4635 686 4711 salute
703 4640 861 4732 occupari
885 4638 1004 4720 velint,
1029 4636 1184 4711 mercede
1197 4638 1279 4711 olim
1297 4633 1352 4707 sua
1374 4635 1407 4706 in
1422 4637 1523 4709 coelia
1539 4631 1744 4734 eripeilata,
1768 4663 1839 4711 non
1860 4657 1961 4712 aurem

1435 4767 1449 4788 ”
1928 4757 1966 4808 GK
