5017 5592
532 579 1262 722 llEBitNiGN.MounR.EchF.S.
1283 585 1813 758 tioiiiitcittitinosos
1831 646 1986 749 ae40,
2060 601 2093 654 ·’

504 823 675 902 custodia,
701 820 775 892 data
792 819 877 904 illia,
902 815 1026 916 ¹siopus
1045 813 1163 888 suerit.
1193 814 1253 914 pe't
1270 823 1407 890 Curiam
1429 815 1635 904 secularem,
1658 817 1888 912 detineantur,
1924 855 1985 904 nee
2067 815 2071 820 Ι

499 925 585 999 inde
612 922 756 994 extrahi.
796 926 984 1013 curitaque
997 916 1140 986 seculari
1169 916 1371 1007 contiguam,
1403 943 1463 988 ‘¹⁸⁰
1486 918 1571 994 “fids
1598 919 1733 1013 P⁰ffi¹¹“
1772 924 1830 998 ''lfi
1850 933 1987 1020 ⁰⁰g⁰l¹⁰

500 1026 601 1122 priua
620 1046 679 1113 per
700 1019 918 1112 Episcopum,
948 1014 1001 1086 seu
1018 1017 1057 1084 ab
1074 1041 1115 1084 eii
1130 1014 1344 1103 deputatum,
1370 1042 1411 1087 an
1426 1016 1485 1109 ipsi
1500 1043 1577 1088 vete
1590 1022 1729 1091 crimina
1742 1047 1878 1119 excepta
1891 1050 1986 1097 cotn-

501 1118 677 1196 miserint:
713 1141 858 1210 tuncque
885 1115 1020 1184 deinum
1041 1112 1081 1182 de
1104 1115 1259 1183 mandato
1283 1112 1439 1208 Episcopi
1462 1139 1523 1209 pet
1550 1120 1705 1212 Judicem
1729 1121 1988 1196 ecclesiasticam
2038 1171 2041 1178 ·

504 1222 619 1291 curie
642 1213 805 1293 saeciilari,
831 1237 1030 1307 quacunque
1045 1210 1269 1306 appellatione
1289 1211 1425 1307 lepnfita
1441 1212 1674 1305 consignentur
1744 1221 1776 1286 Si
1803 1219 1987 1316 Episcopuv
2080 1271 2090 1300 i

504 1317 651 1396 ulterius
669 1310 905 1402 tergiversetur
921 1307 1049 1380 causam
1065 1307 1280 1390 cognoscere,
1295 1335 1298 1340 ·
1313 1313 1553 1398 recurrendum
1575 1316 1640 1383 erit
1663 1339 1729 1384 non
1749 1316 1787 1383 ad
1810 1320 1989 1412 Arcbiepi·

502 1412 668 1514 scopum,
692 1408 748 1485 sed
766 1411 807 1481 ad
820 1408 985 1481 summum
996 1402 1208 1490 Pontificem,
1224 1408 1282 1504 qui
1298 1407 1400 1481 caul'ae
1414 1417 1639 1503 cognitionem
1652 1417 1959 1489 committetulteti.

1114 1620 1144 1710 t.
1197 1617 1392 1693 exuti.

633 1759 726 1829 Sicut
742 1752 849 1852 Judex
865 1748 1029 1824 secularis
1047 1757 1185 1850 propria
1199 1757 1375 1826 autoritate
1391 1755 1591 1846 regulariter
1604 1725 1777 1831 extrahere
1798 1779 1865 1829 non
1878 1753 1985 1852 potest
1994 1749 2070 1840 Sine'
2091 1778 2150 1832 an·

504 1858 611 1932 etiam
629 1880 708 1935 eus,
735 1879 819 1949 quos
836 1877 929 1923 certo
943 1853 1047 1919 credit
1065 1877 1142 1920 reos
1156 1863 1283 1934 eiccpti
1306 1858 1472 1923 criminis:
1505 1859 1551 1924 ita
1571 1863 1672 1926 etiam
1695 1856 1853 1929 Praelatus
1876 1849 2129 1944 Ecclesl'llmss

504 1955 561 2028 llae
578 1952 744 2049 Episcopo
762 1946 850 2020 infer
865 1976 922 2027 ori
949 1946 1073 2018 etlimst
1093 1949 1369 2038 iurisdictionem
1393 1950 1481 2043 quasi
1507 1951 1624 2049 Episco
1653 1958 1737 2026 ilein
1761 1955 1897 2040 babeat,
1930 1924 2156 2028 autEP¹f⁰⁰Pl¹

504 2054 666 2128 vicarius
685 2050 832 2138 Capituli
851 2045 1153 2116 CarbedralisSede
1172 2073 1324 2129 incante,
1340 2050 1471 2119 tradere
1491 2055 1600 2120 Curiae
1620 1979 1763 2142 seculari
1782 2077 1848 2123 rion
1867 2051 1986 2150 potest,

505 2173 597 2242 quus
616 2147 706 2242 Asyli
729 2142 890 2224 beneficio
905 2145 1059 2228 indignus
1074 2143 1189 2215 credit.
1242 2151 1333 2214 Nam
1351 2145 1527 2220 Pontifices
1542 2149 1675 2230 volunt,
1700 2174 1737 2220 ur
1750 2153 1789 2221 ad
1809 2145 1894 2221 solos
1909 2153 1986 2246 Epi·
2011 2207 2019 2226 .

505 2247 648 2344 scopos,
674 2269 859 2339 eorumque
875 2238 1064 2321 officiales,
1085 2240 1199 2323 idest,
1223 2247 1376 2313 Vicarios
1392 2246 1593 2327 Generales‚
1620 2245 1734 2318 dtnon
1751 2247 1833 2318 alios
1854 2253 1878 2318 E
1907 2249 1989 2320 ileu·

506 2347 564 2448 ¹pis
585 2339 780 2423 inferiores,
805 2339 929 2413 etiamli
946 2341 1000 2407 alii
1023 2343 1194 2409 ordinarii
1211 2336 1288 2421 lint,
1311 2364 1368 2412 aut
1390 2343 1513 2413 nullius
1529 2342 1703 2425 Dioecefis,
1729 2371 1785 2417 aut
1807 2274 1988 2418 Cdnservr·

512 2467 607 2518 tores
627 2468 645 2511 a
666 2441 750 2512 Sede
774 2436 962 2534 Apostolica
985 2434 1172 2533 specialiter
1199 2439 1248 2507 vel
1271 2440 1471 2528 generaliter
1486 2443 1655 2538 deputati,
1684 2444 1850 2515 licentiam
1872 2446 1912 2515 ad
1932 2470 1986 2515 eit·

512 2539 697 2616 trahendos
723 2540 811 2607 Rene
836 2535 933 2606 dandi
960 2529 1098 2604 facultas
1122 2539 1313 2629 pertineat:
1340 2561 1537 2610 occurrente
1554 2563 1664 2610 autern
1688 2541 1762 2612 casu
1783 2546 1816 2611 in
1838 2542 1912 2612 loco
1932 2568 1985 2613 er·

508 2660 648 2734 empto,
674 2637 842 2706 &nulllus
860 2631 1032 2710 Dloecesn,
1055 2632 1105 2702 vel
1126 2633 1210 2705 Se'de
1235 2631 1423 2734 Episcopali
1448 2659 1599 2718 vacante,
1621 2659 1697 2708 tunc
1716 2640 1755 2708 ad
1780 2636 1987 2735 Episcopum
2115 2653 2119 2658 '

505 2741 709 2812 viciniorem
724 2736 764 2823 k)
790 2731 986 2804 devolvatur
1001 2730 1071 2801 baec
1089 2733 1256 2823 cognitio,
1276 2733 1307 2800 dt
1328 2757 1393 2804 noti
1411 2734 1451 2803 ad
1466 2734 1559 2806 alios.
1611 2735 1677 2805 His
1692 2760 1759 2806 noti
1783 2736 1987 2810 obslantibue
2005 2743 2008 2748 ’

508 2832 646 2909 'censent
666 2833 771 2924 aliqui
786 2833 834 2922 l),
859 2829 1023 2910 manendo
1045 2831 1079 2897 in
1112 2835 1262 2899 terminis
1286 2828 1388 2900 Bullae
1412 2832 1630 2922 Gregorianoe
1658 2859 1724 2916 uoti
1752 2833 1988 2930 lmproliabile,

506 2927 604 3104 pulle
625 2927 788 3043 Reslorea·
801 2925 949 2999 Ecclesiae
970 2929 1070 3039 etiam
1087 2925 1212 3040 absque
1229 2931 1332 3023 petita
1350 2927 1482 2999 licentia
1505 2926 1661 3025 Episcopi
1678 2933 1793 3044 'Reum
1815 2931 1989 3046 extradere
2035 2969 2038 2974 ·

543 3053 626 3100 urite
646 3025 810 3105 laeculari,
837 3022 969 3095 siclare
994 3024 1025 3094 dt
1054 3023 1282 3096 indubitanter
1297 3021 1439 3107 constat,
1465 3051 1542 3098 eum
1564 3025 1757 3100 eommifille
1780 3054 1908 3102 crimen
1931 3055 1989 3101 ex·

510 3151 662 3225 ceptum.
712 3123 897 3195 Desumunt
913 3123 975 3191 boc
990 3147 1028 3192 ex
1050 3122 1160 3191 rerbis
1182 3122 1304 3204 Bullae,
1329 3121 1449 3218 quibus
1467 3121 1620 3196 Pontifex
1642 3123 1834 3223 Episcopis,
1853 3131 1990 3199 ceteris·
2049 3213 2052 3217 Α

510 3249 583 3323 que
600 3219 835 3302 Ecclesiarum,
861 3221 892 3291 dt
918 3216 1200 3290 Monasteriorum
1224 3220 1387 3300 Praelatia,
1416 3245 1483 3292 tam
1506 3220 1734 3305 secularibus,
1756 3250 1857 3319 quant
1881 3225 1990 3318 cujus·

508 3327 566 3396 vis
590 3324 728 3392 Ordinis
746 3318 986 3410 Regularibus,
1013 3314 1159 3386 dillritle
1181 3318 1410 3412 precipiendo
1434 3321 1584 3401 mandat,
1606 3320 1639 3389 di
1664 3326 1835 3416 precipit,
1857 3348 1893 3392 ut
1914 3325 1999 3394 Lai·-

510 3423 619 3496 cosin
636 3416 758 3488 casibus
775 3424 919 3509 exceptis
941 3414 1193 3508 delinquentes,
1215 3414 1254 3483 ad
1277 3438 1395 3485 eorum
1413 3414 1568 3486 Ecclesias
1589 3415 1641 3487 dtc
1674 3414 1925 3510 confugientes,
1941 3444 1988 3494 at·

511 3544 584 3616 que
599 3543 630 3586 tn
646 3519 692 3586 eis
709 3539 893 3596 morantes,
917 3517 973 3609 qui
992 3509 1149 3604 predicla
1166 3507 1305 3591 delicia,
1327 3537 1514 3607 eorumque
1535 3513 1669 3607 aliquod
1685 3514 1813 3608 judicio
1828 3514 1885 3585 suo
1898 3541 1989 3587 com·

511 3611 633 3690 misisse
650 3612 868 3691 videbuntur,
892 3611 1026 3707 quando
1043 3635 1060 3679 a
1081 3612 1182 3679 Curia
1199 3606 1344 3679 lieculari
1360 3607 1485 3681 fuerint
1500 3607 1664 3701 requisiti,
1692 3611 1856 3682 Minilltis
1875 3617 1988 3688 cona

512 3710 679 3786 saecularia
696 3710 820 3805 absque
838 3710 1097 3799 lrregulariratis
1114 3731 1209 3787 nota,
1235 3731 1291 3777 aut
1310 3708 1449 3799 alicujus
1464 3705 1617 3778 Censurae
1633 3706 1861 3780 Ecclefiassicae
1878 3717 1987 3782 incur·

511 3809 571 3890 su,
590 3810 674 3880 tradi
702 3808 732 3878 dt
758 3805 939 3897 configiinri
964 3830 1095 3881 curent,
1118 3805 1147 3873 dt
1173 3799 1295 3873 saciant
1311 3805 1374 3875 dic.
1426 3809 1474 3875 Ut
1491 3807 1560 3878 liaec
1579 3805 1678 3876 rerba
1699 3831 1774 3877 cuin
1792 3808 1863 3877 aliia
1882 3814 1914 3879 io
1936 3836 1989 3882 ea·

512 3909 594 3980 deni
609 3905 701 3976 Bulla
718 3906 921 3975 concordent
960 3900 1089 3973 censent
1108 3903 1156 3971 illi
1172 3910 1318 3972 Antores
1333 3903 1489 3999 Jutliceni
1511 3899 1698 3974 secularem
1712 3929 1779 3977 non
1794 3902 1882 4001 polle
1899 3913 1988 3980 Coit·

508 4003 631 4098 fugam
647 4023 685 4073 eir
699 4003 772 4074 loco
789 4004 932 4072 lmmuni
949 4001 1123 4071 extrahere
1140 3997 1265 4093 absque
1280 4000 1410 4071 licentia
1427 4001 1604 4098 Episcopi·¹
1627 4004 1781 4073 Praelatos
1803 4029 1914 4076 aurern
1930 4011 1991 4080 Ec·

508 4093 687 4178 elefitrum
709 4096 804 4193 ‚polle
823 4101 964 4169 eundem
982 4100 1125 4169 tradere.
1174 4103 1303 4167 Verum
1320 4098 1389 4170 haec
1404 4099 1583 4173 verborum
1607 4101 1841 4193 interpretatio
1856 4101 1991 4179 videtur

511 4203 656 4276 mininie
671 4202 850 4268 contenire
873 4200 974 4266 menri
1000 4191 1185 4267 Pontificia:
1210 4197 1344 4289 quando
1366 4200 1455 4266 euim
1479 4197 1606 4267 Praelati
1632 4191 1809 4269 inferiores
1836 4203 1990 4276 Ecclefia·

508 4323 595 4378 runi
619 4297 753 4369 tradunt
778 4299 909 4383 Reuni3
927 4321 1006 4368 vere
1026 4297 1144 4390 utique
1160 4296 1267 4391 Judex
1289 4292 1453 4365 secularia
1479 4293 1622 4366 extrahit
1638 4317 1694 4367 aiit
1713 4303 1803 4395 capit
1824 4300 1931 4373 Reum
1947 4328 1988 4372 cit

1257 4392 1399 4498 Eee3
1889 4399 1989 4470 hoem

552 4573 588 4654 ι)
612 4561 758 4658 Viciuior
777 4561 934 4672 censstpr,
947 4555 1048 4659 'cnjus
1063 4551 1414 4657 Ecclesia-‘Cathedralie
1426 4553 1471 4623 est
1489 4557 1688 4643 proximior,
1705 4581 1772 4626 non
1791 4563 1986 4632 attendendo

628 4649 666 4709 ad
682 4665 833 4726 maiorem
859 4657 1053 4706 vicinitatem
1073 4657 1235 4705 territorii.

548 4751 632 4836 Ν.
655 4748 1059 4819 Rurrnisrtmad
1083 4743 1144 4818 Tit.
1163 4747 1378 4822 demmin.
1401 4743 1560 4836 Eidem
1578 4757 1646 4836 133.
1655 4745 1741 4835 sagq.
1818 4779 1829 4788 .
