5017 5592
1847 409 2024 588 <t

506 664 579 750 ess
766 601 1105 726 utssuurnrto
1129 644 1436 723 utsrontco.
1458 642 1731 723 cnuotucn

508 830 665 905 milianus
686 831 730 901 II.
760 829 964 902 Ferdinaudi
979 833 1004 899 1.
1024 828 1149 913 Filius,
1172 832 1260 899 Patri
1284 826 1342 899 suo
1360 830 1393 898 in
1416 817 1568 923 Imperio
1594 852 1681 900 anno
1709 830 1817 920 1564.
1839 822 1978 920 firrrogt·

469 997 475 1006 .
510 923 696 1023 tul,'cujus
712 928 942 1022 capitularium
959 927 1014 998 illu
1032 925 1151 998 inserta
1172 927 1327 1022 quidem,
1354 925 1400 996 all
1414 952 1480 996 non
1503 931 1657 1017 integra3
1684 926 1863 1021 Siquidem
1888 926 1978 998 uerba

511 1028 568 1099 illa
588 1054 596 1094 τ
618 1032 690 1095 nntlt
712 1027 913 1116 erstgrdaetlrre
936 1029 1114 1096 Advocati«
1146 1029 1180 1101 bi
1203 1031 1328 1115 reliqua.
1381 1024 1491 1094 Modo
1519 1023 1760 1117 Capitulationr
1785 1021 1980 1102 Ferdinaudi

511 1128 575 1206 IV,
596 1119 739 1219 inspersa
765 1120 863 1204 sunt,
888 1126 941 1195 cui
962 1126 1061 1194 etiam
1082 1118 1267 1218 injunslum
1299 1116 1389 1203 fuit,
1415 1143 1452 1192 ut
1474 1119 1624 1193 Eccletiis
1650 1117 1979 1215 protestantibus,ir

511 1241 656 1315 quantum
676 1224 789 1312 {tium
815 1225 1038 1313 Parifitatiores
1058 1230 1098 1293 R.
1122 1224 1157 1296 {d
1184 1227 1239 1295 W.
1265 1224 1339 1290 illud
1360 1228 1503 1312 exigunt,
1527 1217 1773 1313 prote'rlronem
1799 1216 1892 1289 suam
1914 1220 2013 1315 pari„

510 1316 639 1397 modo,
671 1320 719 1390 uti
743 1317 925 1388 Catholicis
946 1317 1102 1389 exhibere
1124 1317 1253 1389 debeat.
1309 1319 1466 1413 Denique
1492 1319 1524 1385 in
1553 1313 1801 1411 capitulatione
1823 1315 1979 1410 Leopoldi

511 1413 667 1488 solemnis
684 1413 793 1485 adhuc
807 1413 979 1510 promissio
995 1442 1031 1487 ac
1056 1414 1200 1585 effresia
1225 1412 1386 1506 obligatio
1400 1409 1552 1496 accessi,
1579 1438 1618 1483 ex
1639 1438 1706 1508 quo
1732 1437 1890 1509 ternpore
1912 1417 1980 1484 Pro·

512 1510 666 1584 testantes
688 1513 910 1595 contendunt,
934 1514 1024 1611 quod
1042 1514 1075 1585 di
1114 1516 1275 1588 aratione
1288 1516 1479 1611 imperator
1494 1512 1594 1586 etiam
1617 1508 1840 1585 Ecelebarum
1855 1507 1978 1586 suarum
2021 1555 2024 1608 3

496 1611 707 1686 *Advocatus
725 1609 853 1682 summo
866 1611 942 1707 jure
956 1610 1022 1684 dici
1042 1634 1154 1708 quent.

686 1741 944 1809 ueneremur
966 1725 1065 1828 capit.
1081 1740 1218 1828 pispir
1234 1744 1260 1808 1.
1284 1751 1345 1807 art.
1361 1742 1388 1807 1.
1409 1742 1469 1807 titt.
1487 1741 1516 1804 a.
1533 1761 1558 1805 e.
1567 1738 1599 1826 p

484 1951 492 1958 .
593 1937 598 1956 Ι
638 1861 784 1942 xxxtt.
814 1867 851 1932 ln
868 1862 1115 1958 capitulatione
1128 1863 1252 1956 Augmi
1268 1862 1380 1933 Caroli
1394 1866 1474 1932 Vll.
1491 1857 1585 1932 ausla
1600 1855 1647 1931 est
1659 1855 1809 1958 prefate
1825 1861 1980 1957 exceptio·

512 1959 565 2030 nir
580 1956 724 2032 clausula
737 1983 817 2032 novo
832 1970 900 2041 tivo
915 1981 978 2033 art.
996 1986 1030 2028 ιε
1055 1983 1133 2030 nant
1151 1957 1224 2056 post
1239 1960 1357 2033 verba:
1379 1960 1515 2055 gestisset
1531 1964 1654 2032 werden
1671 1961 1746 2051 fodr
1763 1957 1864 2055 supra
1885 1964 1913 2050 §.
1932 1983 1979 2056 30.

513 2058 617 2129 relata
632 2056 770 2152 sequens
786 2061 871 2144 §vus
886 2053 1080 2153 interjeslus
1095 2052 1158 2128 eil:

449 2249 453 2256 ,
509 2227 512 2234 ,
555 2187 623 2258 Wo
642 2189 723 2253 auch
747 2190 862 2273 selbige
882 2188 945 2255 fich
965 2208 1070 2288 gegen
1087 2189 1143 2252 dra
1167 2188 1405 2253 instrumentum
1426 2187 1534 2273 pacit,
1568 2149 1842 2286 Nilrnbergischeu
1862 2185 1981 2287 Exora-

630 2263 886 2346 tions·Recesa,'
898 2269 1065 2336 arsttnrern
1083 2274 1215 2334 modum
1230 2272 1428 2353 exequendi,
1461 2272 1524 2332 und
1551 2269 1665 2335 andere
1685 2269 1982 2341 lutcus-Constitu·

630 2355 737 2417 tiones
754 2374 797 2417 zu
815 2355 888 2438 seyn
905 2352 1107 2426 eracbteten,
1129 2352 1229 2418 sollen
1244 2355 1307 2418 und
1318 2352 1441 2419 wollett
1455 2350 1536 2423 Wiir
1549 2351 1612 2419 dcc.

714 2458 787 2543 Cap.
816 2460 917 2524 carot·
943 2456 1020 2523 VII.

629 2572 796 2650 xxxin.
828 2579 1005 2660 Rationes,
1031 2598 1105 2673 que
1125 2571 1297 2648 Eleslores
1319 2575 1353 2649 dr
1374 2574 1521 2649 Ordines
1543 2575 1582 2646 ad
1607 2574 1691 2646 hanc
1713 2570 1985 2670 interponendam

515 2667 791 2765 protestationem
811 2698 927 2748 contra
943 2675 1160 2748 Advocatiam
1176 2672 1343 2756 Ecclesiae,
1369 2674 1462 2745 Sedis
1479 2674 1593 2768 Apoll.
1610 2697 1646 2745 ac
1661 2668 1831 2743 Pontificis
1851 2672 1986 2742 Romani

514 2787 774 2862 permoverunt,
800 2776 933 2844 avariis
948 2776 1066 2855 variae,
1094 2797 1168 2867 quae
1189 2797 1300 2844 tarnen
1323 2796 1439 2845 omnes
1466 2769 1729 2842 etnunllioribus
1752 2770 1870 2840 eadem
1896 2773 1987 2839 Sacra

372 2883 383 2895 ·
514 2863 750 2959 profitentibus
764 2871 844 2939 viris
861 2871 949 2941 haud
968 2870 1171 2966 probantur,
1197 2857 1312 2941 afferri
1331 2867 1447 2942 solent.
1475 2874 1638 2964 Carpzor.
1656 2873 1693 2938 de
1713 2872 1846 2957 capitul.
1860 2867 1987 2948 Cesarea

517 2969 554 3031 C.
574 2990 604 3030 ι.
624 2973 659 3043 ti.
680 2993 698 3033 2
704 2992 735 3050 3.
784 2967 944 3038 Schiizius
965 2975 1083 3043 Volunt.
1108 2995 1135 3038 t.
1152 2971 1322 3065 jurispubl.
1345 2993 1441 3042 exerc.
1456 2994 1488 3041 4·
1507 2969 1535 3058 ξ.
1557 2996 1588 3038 2.
1604 2972 1652 3042 lit.
1664 2992 1693 3034 a.
1712 2965 1798 3060 apud
1809 2959 1987 3056 Pfeffinget

515 3056 551 3126 in
565 3061 730 3129 Vitriario
745 3061 906 3153 illustrato
930 3087 999 3133 ram.
1020 3091 1050 3149 3.
1074 3070 1106 3133 li.
1130 3090 1162 3149 3.
1188 3069 1239 3134 tit.
1265 3091 1298 3133 ε.
1322 3068 1350 3145 §.
1377 3094 1429 3134 tr.
1452 3091 1481 3133 n.
1507 3090 1539 3144 5.
1567 3061 1787 3141 arbitrantur,
1819 3058 1990 3132 Eleslorea

517 3158 589 3225 AC.
606 3157 799 3239 credidill'e,
824 3163 991 3231 Rotnanos
1010 3166 1066 3230 PP.
1084 3184 1188 3231 terras
1207 3162 1290 3231 olim
1313 3164 1506 3255 imperiales
1529 3159 1647 3254 injusle
1666 3156 1848 3255 poffidcre,
1883 3161 1989 3254 lmpe·

515 3276 645 3326 ratores
660 3276 770 3328 autem
790 3281 851 3351 per
867 3259 1101 3331 Advocaticam
1120 3256 1209 3329 illant
1229 3255 1436 3354 sponfionem
1462 3283 1626 3354 perpetuo
1650 3255 1843 3351 prohiberi,
1873 3281 1916 3330 ne
1938 3279 1991 3329 eas

492 3417 495 3423 .
515 3371 574 3424 aut
592 3374 799 3449 repeterent,
824 3378 880 3425 aut
898 3380 1150 3454 recuperarent,
1179 3358 1209 3427 dt
1227 3358 1302 3426 ideo
1317 3355 1408 3427 dillo
1421 3357 1523 3427 modo
1538 3353 1732 3450 protestatos
1749 3350 1857 3427 fuisse.

581 3533 584 3537 -
640 3486 807 3557 XXXlV.
840 3490 969 3561 Verum
999 3492 1153 3586 panicum
1179 3488 1274 3561 illum
1305 3492 1461 3559 timorem
1491 3487 1523 3559 dt
1549 3513 1722 3559 erroneam
1753 3488 1991 3583 Carpzoviidt

516 3582 663 3655 Schlirzii
682 3588 876 3680 opinionem
893 3612 1037 3682 utroque
1054 3590 1181 3657 acutior
1201 3586 1395 3680 aspernatur
1417 3589 1600 3665 Limneus,
1632 3610 1668 3655 ac
1691 3581 1895 3681 profundius
1920 3609 1989 3657 rem

515 3680 694 3777 inspiciens
714 3680 803 3754 resle
821 3689 942 3775 arguit,
958 3688 1048 3781 quod
1067 3685 1226 3777 obligatio
1244 3684 1385 3756 alterum
1405 3679 1603 3756 defendendi
1620 3686 1889 3780 protegendique
1904 3681 1990 3755 baud

515 3779 713 3875 prohibeat,
740 3782 917 3874 quominus
932 3778 1085 3853 defensor
1106 3782 1200 3855 suum
1217 3807 1235 3852 a
1251 3778 1462 3856 defendendo
1478 3805 1630 3877 repetere
1649 3781 1762 3853 valeat.
1779 3784 1865 3852 Rem
1885 3805 1990 3853 erem·

517 3876 575 3968 plo
589 3880 663 3947 latis
679 3899 758 3947 noto
773 3875 927 3952 illustrat:
951 3884 1066 3952 Tutor
1088 3903 1145 3952 aut
1165 3903 1318 3962 curatur,
1351 3883 1396 3950 ita
1419 3877 1589 3957 discurrit,
1624 3880 1789 3976 pupillum
1817 3877 1914 3952 suum
1937 3902 1991 3950 aut

516 3977 682 4049 minorem
706 3972 886 4045 defendere
907 3999 942 4046 ac
965 4001 1143 4073 protegere
1164 3980 1196 4049 vi
1218 3980 1386 4061 muneris,
1418 3977 1510 4072 quod
1532 3975 1750 4071 ipfitgerunt,
1779 3975 1991 4069 obligantur3

516 4068 607 4140 idem
628 4075 668 4144 de
690 4095 909 4167 procuratore
924 4071 1075 4171 respeslu
1092 4075 1139 4146 sui
1155 4076 1284 4147 clientis
1299 4071 1522 4148 statuendum:
1548 4083 1601 4143 An
1619 4098 1795 4171 propterea
1811 4100 1877 4143 non
1896 4076 1992 4147 liceat

516 4172 622 4238 tutori
637 4196 655 4241 a
670 4172 821 4266 pupillo,
847 4175 1027 4244 curatoria
1047 4173 1197 4257 minore,
1223 4172 1256 4245 dr
1275 4177 1484 4268 procuratori
1501 4197 1520 4242 a
1539 4170 1598 4243 suo
1613 4173 1731 4243 cliente
1748 4171 1798 4252 id,
1825 4174 1920 4265 quod
1936 4172 1992 4244 fibi

407 4285 410 4290 ’
463 4337 467 4346 ,
518 4261 677 4345 debetur,
709 4271 864 4359 erigere?
896 4272 1034 4344 minime
1059 4268 1144 4341 sane.
1200 4274 1291 4341 Dato
1316 4275 1418 4364 igitur
1442 4271 1595 4350 interim,
1629 4294 1665 4340 ut
1686 4267 1874 4340 consecutio
1892 4271 1992 4353 fluat,

516 4360 617 4435 Rom.
636 4366 696 4432 PP.
716 4372 900 4457 provincias
920 4371 1069 4464 Imperio
1083 4368 1226 4450 debitas,
1252 4371 1351 4439 etiam
1369 4393 1430 4465 per
1449 4364 1551 4436 scelus
1568 4364 1730 4463 poffidere
1752 4366 1863 4461 (quod
1884 4368 1994 4440 basle-

516 4483 579 4530 nus
596 4462 760 4553 Paparum
778 4461 885 4535 bosles
901 4467 989 4536 nulla
1006 4470 1134 4539 rntione
1149 4466 1352 4562 probarunt)
1367 4469 1436 4538 bac
1451 4488 1558 4535 tatnen
1583 4463 1698 4552 iniusta
1715 4462 1764 4558 (st
1789 4489 1869 4536 vera
1888 4465 1994 4557 esset)

517 4556 666 4629 detentio
687 4557 944 4654 haudquaquam
973 4564 1134 4648 obstaret,
1173 4566 1353 4658 quominus
1374 4568 1600 4659 Imperatores
1621 4564 1739 4634 Sedem
1763 4561 1995 4657 Apostolicam

518 4652 752 4748 defenderent,
778 4656 942 4754 &injuste
960 4659 1117 4763 possessa,
1134 4659 1259 4742 ostensa
1276 4665 1327 4738 rei
1342 4664 1500 4752 veritate,
1530 4663 1680 4758 Imperio
1700 4658 1983 4836 sindicaooooo(V
