5017 5592
511 669 515 676 ·
550 639 626 726 os
641 583 1069 724 ornian‘ttousa.
1087 638 1285 723 acutas
1300 639 1831 732 notttttctumttosos
1848 644 1917 728 ae.
1932 671 2008 752 419

579 839 582 845 '
992 823 996 832 ’
1142 860 1173 951 i
1218 855 1389 936 ccxv.

636 991 870 1070 admittebant
884 995 1090 1092 antiquiores
1106 996 1314 1069 Canonesad
1330 993 1469 1094 Asylum
1492 981 1592 1070 etiam
1613 1019 1690 1080 eoa,
1722 997 1782 1095 qui
1804 993 1870 1072 line
1892 945 2157 1102 brodi-Exempt

517 1097 612 1170 tione
627 1085 817 1166 occidissent
838 1101 1047 1193 proximum:
1075 1093 1291 1168 dubitabatur
1314 1121 1445 1177 autem,
1480 1120 1520 1165 an
1545 1094 1725 1188 gaudeant.
1760 1101 1816 1195 qui
1839 1098 2004 1194 ejusmodi
2018 1101 2157 1182 rigidiori

514 1196 741 1268 homicidium
767 1193 820 1265 vel
849 1191 1093 1280 mutilationem
1122 1196 1154 1264 io
1178 1192 1247 1288 ipl'a
1271 1190 1414 1266 Ecclelia
1437 1191 1490 1266 vel
1513 1197 1717 1268 caemeterio
1737 1182 2157 1292 perpetralsentllni‘fl'!e

514 1301 635 1384 Negat
663 1289 1088 1389 Grammatico)
1109 1293 1356 1394 eosgaudete,
1378 1293 1412 1366 dt
1434 1315 1535 1384 negat
1557 1294 1622 1364 hoc
1645 1293 1771 1392 absque
1793 1296 1859 1366 ulla
1881 1275 2154 1392 iaJuriai¹²i⁰”¹⁸

515 1388 688 1472 Ecclelite,
711 1413 830 1484 utpote
846 1389 941 1486 cujus
960 1388 1055 1463 lavor
1072 1392 1132 1462 hac
1147 1395 1180 1461 in
1202 1416 1239 1463 re
1254 1417 1319 1464 nuo
1336 1387 1496 1463 versatur.
1545 1387 1697 1464 Dubium
1719 1419 1756 1462 ct
1775 1394 1834 1463 hac
1858 1392 1928 1490 ipsa
1945 1393 2007 1469 de·

515 1489 639 1565 ciliane
658 1489 855 1560 movebatur
869 1513 1011 1570 novum,
1035 1515 1075 1558 an
1091 1515 1132 1560 eo
1152 1512 1280 1562 tantum
1295 1487 1370 1562 casu
1393 1489 1615 1563 homicidium
1629 1491 1680 1562 rel
1700 1491 1866 1564 mutilatio
1888 1495 1924 1564 in
1946 1495 2009 1568 Eae

515 1591 612 1665 clesta
629 1584 716 1658 falla
737 1587 923 1668 cuneatur,
949 1591 1084 1682 quando
1097 1611 1260 1685 uterque,
1285 1612 1355 1661 tatn
1370 1584 1592 1669 interficient,
1615 1613 1716 1684 quam
1735 1585 1931 1662 interfeclua
1956 1593 2008 1664 iu·

516 1712 568 1764 tra
586 1684 763 1760 Ecclesiam
782 1680 901 1756 fuerit:
928 1687 1009 1755 item
1024 1712 1063 1756 ao
1080 1685 1246 1780 ejusmodi
1268 1689 1436 1759 homicida
1457 1685 1499 1756 ab
1522 1712 1559 1758 ea
1583 1682 1689 1758 solum
1714 1687 1872 1771 Ecclesia,
1903 1713 2007 1786 quam

517 1788 675 1861 violavit.
701 1809 742 1853 ao
761 1781 971 1854 eburonibus
988 1783 1060 1855 altis
1082 1787 1300 1860 excludatur?
1324 1783 1500 1877 benignius
1516 1782 1698 1858 sentiebant
1716 1788 1835 1866 multi,
1868 1811 1911 1859 ne
1928 1813 2008 1862 cata·
2088 1799 2097 1812 '

518 1883 560 1960 se
576 1879 753 1956 favorabili
775 1884 886 1952 minus
908 1877 1021 1952 favete
1043 1883 1250 1957 viderentur.
1307 1891 1353 1956 At
1375 1909 1457 1955 teto
1478 1887 1781 1957 Batai-:uterus
1804 1889 1899 1959 Xlll.
1923 1885 2009 1960 bene
2064 1885 2066 1890 ’

519 1981 747 2084 perspiciens,
771 2006 837 2050 non
853 1980 894 2050 de
911 1975 1204 2063 favutelicelcbae,
1230 1979 1284 2054 sed
1301 1981 1344 2053 de
1358 1982 1539 2054 commodo
1554 1981 1586 2054 dt
1600 1983 1755 2057 ltbertate
1770 1980 2010 2058 sceleratorum

519 2085 595 2175 agi,
620 2077 788 2151 seueriore
802 2081 1079 2172 interpretatione
1097 2080 1295 2161 declaravit,
1318 2104 1384 2150 non
1406 2105 1534 2154 tantum
1551 2105 1569 2152 a
1586 2081 1725 2164 violata,
1757 2080 1812 2154 sed
1837 2079 1879 2153 ab
1901 2081 2011 2154 omni·

517 2179 583 2253 bus
602 2174 751 2249 Ecclestia
766 2177 894 2248 excludi
911 2180 1119 2248 occidentem
1141 2177 1192 2249 vel
1211 2178 1439 2260 mutilantem,
1472 2175 1537 2250 hae
1560 2202 1723 2274 uterque,
1749 2178 1814 2251 frte
1835 2179 2010 2266 alteruter,
2082 2261 2085 2266 g

520 2278 678 2352 occidens
693 2300 749 2348 aur
763 2274 907 2357 occisus,
931 2281 964 2344 in
982 2275 1057 2347 loco
1072 2272 1164 2347 sacro
1181 2274 1316 2350 lleterit.
1367 2280 1755 2351 Gaaooatuaxw.
1768 2273 1924 2377 erprelsts
1935 2297 2011 2356 rers'

520 2375 574 2451 bis
592 2375 633 2446 ab
658 2372 761 2470 Al'ylo
784 2373 929 2470 excludit
957 2374 1142 2444 homicidas
1169 2377 1297 2448 brias:
1327 2381 1639 2450 Batarnrcrus
1657 2377 1755 2447 ualli.
1782 2400 1850 2447 non
1870 2377 2013 2473 quidem

521 2475 676 2548 nominat
693 2478 830 2556 Laicos3
858 2473 899 2544 de
915 2469 1143 2543 Ecclesiastico
1159 2470 1272 2544 saltem
1293 2476 1498 2546 mentionem
1520 2499 1587 2545 non
1604 2467 1701 2545 facte:
1728 2478 1911 2547 cremans
1928 2477 2008 2545 llll.
2033 2549 2039 2560 ,
2087 2513 2091 2520 -

520 2568 671 2669 expreile
688 2573 837 2642 nominat
855 2572 1091 2654 Ettledaliirast
1116 2571 1147 2642 dt
1173 2575 1411 2647 Brusutct
1428 2595 1478 2644 us
1500 2575 1593 2644 xlv.
1615 2573 1676 2644 hac
1696 2597 1777 2646 voce
1799 2575 1900 2644 ctiam
1922 2577 2011 2644 Ralla

513 2673 618 2770 -giastt
635 2669 876 2766 cumprehendi
894 2669 1057 2740 declarat:
1083 2694 1191 2765 neque
1208 2673 1268 2742 liac
1288 2666 1458 2744 severiore
1468 2669 1693 2743 declaratione
1709 2669 1927 2743 Ecclestarttm
1937 2671 2008 2742 lm·

521 2777 723 2846 munitatem
740 2771 859 2840 titilari
875 2765 1048 2840 censebant
1064 2768 1098 2840 bi
1116 2765 1315 2856 Pontifices,
1339 2770 1457 2842 eadem
1471 2771 1717 2867 aequitateairis
1731 2769 1891 2842 mulieres
1906 2766 2011 2864 equi·

522 2891 700 2972 parantes,
719 2892 800 2964 quas
822 2869 938 2963 inepto
954 2868 1138 2958 Religionis
1154 2891 1315 2962 pretextu
1329 2869 1504 2941 extrahere
1518 2867 1622 2964 aliqui
1636 2891 1677 2940 er
1689 2865 1833 2942 Ecclelia
1846 2865 2011 2940 vereban-

523 2993 599 3051 tur,
623 2969 700 3064 quia
720 2962 912 3046 Pontifices,
938 2967 1071 3060 quando
1088 2965 1129 3037 de
1146 2966 1344 3038 criminibus
1366 2969 1512 3065 exceptis
1531 2988 1652 3058 agunt,
1676 2964 1858 3039 masculino
1883 2987 2010 3060 genere

521 3089 678 3143 utuntur.
719 3070 854 3154 Magnis
870 3069 988 3134 animis
1007 3061 1218 3136 decertabant
1235 3063 1420 3150 D'oliores,
1445 3068 1582 3163 quinam
1599 3064 1829 3159 intelligantur
1842 3067 2009 3157 proditorie

521 3160 679 3243 occidilie
694 3167 902 3260 proximum,
929 3186 966 3233 ut
981 3161 1109 3234 excludi
1126 3160 1167 3232 ab
1188 3158 1292 3258 Asyla
1313 3187 1517 3238 metetotur.
1564 3167 1623 3233 Ne
1645 3187 1732 3261 aput
1755 3159 1833 3236 cliet
1851 3187 1890 3235 ex
1916 3165 2012 3235 Cice·

506 3289 610 3342 ‹rone
625 3264 765 3358 aliisque
780 3266 904 3333 Latinae
921 3261 1042 3353 linguae
1060 3260 1270 3359 Principibus
1283 3268 1542 3350 commentarios
1558 3263 1600 3333 de
1613 3265 1761 3355 genuino
1773 3267 1934 3359 prodiretii
1949 3259 2013 3332 ho·

522 3364 654 3440 mieidii
677 3359 846 3433 intellellu
869 3384 998 3440 texere,
1031 3360 1159 3431 addidit
1181 3364 1492 3433 Bauaotcrus
1514 3362 1610 3431 x11t.
1632 3357 1868 3432 interficientes
1895 3361 2011 3430 animo

523 3461 759 3565 premeditato
774 3486 811 3532 ac
824 3459 1022 3532 deliberato.
1078 3457 1131 3529 Ad
1156 3457 1422 3554 tranquillandoa
1444 3465 1573 3529 animoa
1588 3455 1779 3529 Doilorum
1801 3457 1904 3527 nimia
1918 3455 2012 3526 Reli·

525 3569 629 3660 gione
648 3557 813 3632 sceleratis
842 3554 1044 3638 faventium,
1082 3557 1339 3652 comprehendit
1360 3560 1581 3628 Carmenta
1604 3557 1681 3624 llll.
1709 3559 1809 3626 ctiam
1831 3578 1908 3636 eos,
1947 3552 2010 3650 qui

524 3659 740 3737 mandatum,
764 3654 954 3736 conhlium,
981 3655 1244 3747 instigationem,
1272 3654 1431 3726 auxilium
1445 3653 1717 3750 cooperativum,
1739 3674 1796 3724 aut
1815 3653 1913 3722 aliam
1927 3673 2009 3746 ope·

523 3783 601 3834 ram
619 3754 772 3830 occiboni
788 3753 1009 3852 prebueriut:
1036 3759 1115 3825 item
1133 3754 1383 3825 committentes
1398 3750 1618 3824 homicidium
1637 3754 1669 3821 io
1684 3755 1771 3833 rixa,
1795 3771 1873 3823 rum
1890 3745 2012 3828 instrue

525 3861 650 3932 mentia
676 3854 790 3948 suapte
819 3876 935 3924 natura
963 3856 1049 3951 aptis
1071 3851 1110 3922 ad
1134 3851 1373 3933 occidendum,
1409 3849 1532 3948 quibus
1561 3844 1787 3921 instrumeittit
1808 3853 2011 3920 Baream·

524 3973 646 4030 c'tus
663 3955 756 4029 xlv.
773 3974 968 4023 annumerat
983 3956 1082 4023 etiam
1099 3949 1252 4023 baculum
1276 3951 1310 4022 dt
1332 3949 1455 4022 saxum.
1512 3952 1589 4020 Hac
1609 3949 1740 4019 tatione
1763 3948 1926 4019 minuitur
1952 3969 2013 4017 nu·

516 4077 644 4128 merua
658 4075 794 4134 eorum,
817 4052 876 4148 qui
893 4051 1001 4147 paenis
1014 4049 1128 4145 legum
1147 4052 1359 4147 eripiuntut;
1385 4073 1452 4121 oon
1467 4069 1578 4122 tamen
1593 4047 1758 4119 minuitur
1772 4047 2014 4121 veneratioEe·

521 4147 710 4230 elebatum.

1136 4243 1170 4341 h
1220 4239 1410 4317 ccxvi

508 4431 512 4438 -
598 4440 601 4446 .
651 4385 705 4453 De
723 4378 865 4478 publicis
880 4373 1137 4472 grassatoribus,
1172 4380 1230 4475 qui
1251 4379 1369 4448 itinera
1390 4369 1620 4473 frequentata,
1652 4373 1706 4448 vel
1728 4372 1877 4474 publicas
1893 4367 2157 4445 llrar'atl’ttebaul

525 4475 700 4566 obsident,
721 4480 877 4579 plurima
892 4479 1102 4576 agitabantur
1117 4478 1194 4557 litet
1208 4469 1503 4670 lotgtgllpllzoret,
1527 4474 1588 4574 qui
1610 4468 1644 4554 se
1665 4475 1796 4552 violatae
1813 4459 2157 4643 immunipppggffl

2018 4643 2093 4702 ⁰²⁸3

568 4747 619 4833 aa)
633 4693 678 4816 ¹C.
693 4762 744 4817 to.
768 4743 848 4814 liial
