5017 5592
418 577 961 720 'nnrnmouuonre
981 633 1174 715 recres.
1194 635 1394 716 nomm
1414 633 1809 724 cntmttososac.
1831 670 1905 743 μς,
1974 753 1981 762 .
2102 581 2105 592 ¹

425 824 568 918 mm
583 824 627 892 al
641 817 785 908 Ecclefirs
800 821 1001 898 crediderint,
1023 838 1080 890 cat
1093 822 1167 890 ilico
1182 821 1305 893 extrahi
1325 824 1363 893 lt
1387 821 1510 893 latebris
1529 826 1692 920 oportebit,
1713 845 1771 899 aer
1784 849 1839 924 pro
1852 827 1906 900 bit
2053 891 2056 896 .

426 923 515 1014 ipsos,
532 923 586 1014 qai
605 943 654 990 eos
668 923 816 990 occultare
832 920 1012 1010 probantur,
1035 915 1185 1010 Eprstoprr
1203 925 1293 1013 exigi.
1341 926 1426 992 Sciat
1442 924 1537 1014 igitur
1556 928 1717 1015 protelent
1732 929 1902 998 Actorius
1927 955 1934 964 ··

362 1003 375 1102 ¹,
431 1025 488 1092 ru‘
503 1013 716 1112 (inscribitur
729 1015 800 1087 haec
818 1020 884 1087 Ler
900 1012 1046 1086 Romulo
1067 1019 1193 1090 Contiti
1212 1020 1386 1089 Sacrorum
1401 1022 1652 1111 Largitionum)
1673 1028 1820 1094 neminem
1838 1034 1903 1095 De·

433 1116 551 1189 lectum
573 1116 691 1210 pastore
710 1139 730 1182 a
749 1120 873 1185 clericis
898 1115 1147 1204 lesendeolm:
1169 1136 1226 1185 aur
1244 1139 1296 1208 per
1311 1115 1378 1197 eos,
1400 1123 1463 1208 ejas
1488 1143 1575 1209 quem
1600 1120 1819 1210 defendendum
1845 1120 1902 1213 effe
1959 1179 1963 1190 .

362 1211 390 1314 ,ζ
437 1219 623 1298 oelilrrirtr,
645 1214 777 1312 delirum
795 1214 851 1306 effe
862 1213 1053 1303 solvendam.
1103 1209 1243 1284 Extorsit
1258 1208 1347 1285 forte
1360 1213 1446 1288 hanc
1462 1213 1739 1306 Constitutionem
1754 1214 1825 1313 ipse
1835 1221 1903 1290 Ro·

386 1297 391 1318 ⁸
437 1313 553 1395 unlus,
576 1314 631 1384 cui
645 1306 803 1407 inscripta
823 1308 886 1393 est,
908 1306 1037 1401 rigidus
1059 1309 1287 1382 Tributorum
1307 1307 1457 1395 erarem,
1482 1337 1583 1408 quem
1607 1337 1681 1387 earn
1705 1314 1750 1387 ob
1770 1311 1912 1390 causom.

436 1409 642 1508 reprehendit
661 1412 694 1480 S.
711 1416 901 1480 Aucusr
913 1429 922 1478 ι
936 1423 1023 1478 trus
1039 1408 1091 1497 o),
1111 1408 1259 1500 rigorem
1275 1408 1441 1512 ejusmodi
1456 1415 1586 1503 Legum
1606 1435 1774 1581 expertus.
1808 1417 1903 1485 Con·

436 1501 660 1603 lugemtmim
679 1504 721 1578 cd
742 1503 964 1597 Augustinum
979 1498 1112 1574 Fascius
1129 1503 1285 1599 quidam,
1307 1505 1422 1579 decem
1447 1509 1482 1581 dt
1501 1507 1627 1606 septem
1661 1509 1902 1582 olidorumdc·
1948 1505 1951 1510 ’

430 1597 535 1680 bitot:
565 1607 629 1677 hos
650 1599 853 1695 Augustinus
875 1600 1031 1676 exhibere
1054 1601 1244 1698 compulsus
1260 1601 1325 1685 cst,
1346 1604 1406 1675 nist
1432 1606 1532 1678 vellet
1547 1605 1655 1702 ipsum
1670 1606 1820 1678 Fascium
1837 1629 1905 1678 tte·
1934 1661 1946 1678 .

427 1699 520 1791 dere,
541 1709 602 1803 qui
620 1705 744 1777 merito
759 1703 972 1800 corporalem
989 1699 1158 1773 metuebat
1173 1701 1350 1798 injuriam,
1371 1727 1448 1777 cum
1466 1728 1534 1777 non
1555 1700 1634 1778 esset
1657 1702 1815 1780 solvendo
1827 1704 1877 1801 p).

1033 1914 1069 2000 ς.
1117 1907 1275 1996 mv,
1426 1861 1429 1868 ’
1579 1863 1584 1872 ’

524 2049 640 2117 ‘Dum
670 2049 984 2117 Turonosrus
1016 2046 1208 2141 Imperator
1245 2040 1475 2138 restringendo
1504 2027 1619 2143 Asyla
1642 2048 1789 2121 intentus
1820 2065 1903 2130 erat,
1915 2069 2060 2154 Eiusque
2100 2123 2108 2138 Ι

410 2135 632 2218 hcud‘dubie
648 2145 748 2215 etiem
764 2141 837 2237 ejus
857 2146 970 2212 Duces
990 2142 1068 2214 huic
1092 2142 1273 2235 Ptirilegio
1289 2167 1356 2213 non
1382 2143 1526 2214 multum
1543 2142 1710 2216 livebant.
1759 2146 1813 2217 nd
1833 2145 1903 2218 hec
1916 2155 2034 2220 Ducoc·

409 2247 516 2314 enirn
537 2263 693 2337 tempora
718 2236 869 2336 spellore
892 2240 1042 2320 ridetur,
1065 2240 1157 2334 quod
1184 2239 1297 2313 scribit
1317 2244 1544 2312 Iernottus
1572 2247 1844 2314 Petustorn
1864 2245 1903 2336 q)

410 2342 465 2411 td
483 2341 669 2436 Cyrenium
685 2341 815 2411 Ducem
831 2337 884 2410 his
900 2336 1029 2409 verbis:
1051 2338 1217 2409 Chartam·
1234 2336 1331 2410 nobis
1353 2337 1441 2410 cives
1464 2335 1643 2425 miserunt,
1667 2364 1732 2437 pro
1752 2339 1904 2413 Ecclesiae

408 2435 557 2511 foribus
574 2432 689 2519 fixam,
712 2459 749 2508 ur
765 2432 1175 2534 inquiebant,{ntequtm
1190 2433 1309 2508 urbem
1330 2434 1573 2528 ingredereris,
1595 2463 1668 2534 quae
1695 2435 1902 2510 &omnibus
1992 2435 2023 2470 “’
2068 2433 2084 2450 ”“

385 2537 388 2541 ’
411 2533 593 2630 purgandi
611 2531 659 2605 sui
676 2531 871 2628 potestatem
886 2532 1019 2614 adimit,
1039 2532 1073 2602 dt
1090 2528 1285 2629 perfugium
1301 2533 1336 2604 itt
1358 2529 1533 2604 Ecclesiam
1554 2529 1695 2607 claudit:
1720 2535 1810 2633 quod
1828 2537 1901 2631 qui·
2044 2569 2052 2578 ·

417 2635 504 2706 dem
517 2657 584 2704 non
600 2629 707 2703 solum
723 2629 948 2710 crudelitatis,
972 2628 1030 2720 sed
1042 2635 1146 2704 etiem
1167 2633 1349 2726 impietatis
1367 2627 1586 2725 suspicionem
1608 2630 1720 2705 habet.
1769 2629 1903 2705 Nomfi

422 2757 489 2806 nec
509 2727 612 2803 causo.-
634 2729 781 2801 dicendae
801 2728 996 2826 potestatem
1012 2725 1111 2811 socia,
1138 2753 1198 2801 nec
1213 2725 1329 2822 fugem
1345 2730 1379 2798 in
1401 2725 1576 2800 Ecclesiam
1595 2732 1782 2826 permittis,
1804 2731 1905 2802 nimi·
1940 2775 1943 2780 ·

426 2853 505 2900 rum
521 2830 582 2900 ltee
604 2831 735 2898 treione
756 2826 790 2899 dt
813 2827 1070 2899 calumniatores
1091 2825 1264 2909 eteruisti,
1292 2827 1325 2899 dt
1348 2824 1750 2921 injuriarum-numerum
1773 2825 1902 2900 antisti.

430 2931 585 3022 Quonam
601 2928 704 3017 igimr
751 2923 826 2996 abbo
839 2950 934 3009 eum,
953 2931 1007 2997 cui
1024 2925 1146 3022 injurio
1160 2922 1322 3006 infertur,
1343 2922 1576 2998 conservabis?
1599 2928 1657 3023 qui
1673 2945 1747 2995 nea
1789 2943 1905 2998 orente

432 3023 629 3097 Adversario
641 2950 888 3132 'conlibioturdt
914 3029 1146 3121 opprimatur,
1172 3023 1262 3121 quod
1281 3023 1436 3126 Judicem
1455 3047 1521 3092 non
1536 3021 1670 3105 habeat,
1691 2948 1838 3116 quisunt
1854 3022 1903 3124 in·
1958 3017 1962 3024 ’

435 3121 532 3218 jutius
558 3123 751 3205 ulciscatur,
774 3123 813 3193 sd
838 3121 1093 3218 inexpugnabile
1107 3119 1296 3217 Templum
1319 3116 1496 3214 confugit?
1516 3123 1603 3193 Dein
1626 3117 1740 3192 scribit
1752 3118 1793 3189 ad
1803 3115 1905 3210 ‚Rufi-

432 3246 506 3294 nunt
523 3218 578 3317 t),
599 3222 825 3317 imploratque
840 3221 910 3314 ejus
929 3220 1087 3289 auxilium
1113 3244 1177 3314 pro
1193 3219 1320 3291 civibus
1344 3242 1459 3289 contra
1485 3220 1682 3311 Cyrenium.
1730 3215 1801 3286 Ubi
1818 3218 1906 3289 inter

434 3319 510 3392 rlia:
534 3344 587 3392 rtet
603 3321 732 3408 Ecclefia
751 3344 831 3416 opem
846 3324 913 3391 brit
929 3324 1007 3390 arelo
1016 3320 1104 3410 sem
1119 3319 1232 3412 potest,
1261 3314 1383 3389 scilicet
1397 3314 1441 3388 ob
1456 3312 1597 3412 Asylum
1613 3312 1838 3414 prohibitum.

1069 3529 1100 3618 l·
1146 3522 1278 3603 xcv,

362 3631 367 3726 i
385 3733 388 3742 ,
542 3660 661 3732 Paucis
672 3652 743 3754 post
760 3660 853 3730 conis
868 3655 1021 3759 repressre
1035 3639 1109 3732 sunt
1121 3655 1256 3730 fraudes
1271 3654 1486 3755 Judaeornm,
1503 3619 1561 3750 qui
1577 3650 1650 3752 posi
1665 3631 1833 3728 commisi
1841 3647 1902 3724 cri·
1912 3663 1996 3734 Item
2017 3665 2089 3738 Aa,
2115 3701 2120 3744 ,

430 3761 538 3841 mina,
560 3759 613 3830 vel
634 3755 801 3829 contraibo
818 3757 947 3838 debito,
963 3758 1114 3828 fimulato
1132 3754 1290 3854 Baptismi
1306 3751 1503 3851 suscipiendi
1527 3754 1662 3836 animo,
1688 3752 1901 3824 Immunitote
1914 3767 2047 3817 cantus
2108 3749 2121 3846 ‚¹

425 3853 647 3930 Ecclestarum
668 3855 887 3927 abutebantur
901 3858 942 3928 ad
962 3856 1167 3928 deludendos
1182 3852 1376 3925 creditores
1393 3877 1429 3924 ac
1443 3850 1593 3951 Judices.
1639 3854 1748 3944 Igitur
1762 3857 1903 3922 Atten-
1916 3844 2031 3897 ⁰⁰⁰²ss

428 3977 454 4031 n
468 3973 546 4027 tus
569 3955 601 4027 u
627 3956 883 4028 Hooomos
903 3959 1018 4053 lmpp.
1041 3952 1224 4029 statuerunt
1238 3955 1290 4045 s):
1315 3955 1417 4052 Julei
1434 3954 1487 4047 qui
1507 3971 1594 4025 terrra
1613 3955 1733 4044 aliquo,
1753 3952 1809 4022 vel
1823 3917 2046 4078 s‘lf'·pf{,¹,¹¹,},}.'

1221 4053 1333 4126 er
1860 4065 1901 4123 5¹⁸
1913 4105 1983 4150 tum
1996 4083 2065 4145 Au·

470 4150 509 4233 o)
532 4146 632 4231 Epist.
648 4163 719 4227 247.
735 4144 814 4210 olias
825 4164 897 4214 211.
1473 4209 1486 4242 1
1915 4183 2044 4250 u0397·

466 4273 508 4354 p)
534 4265 613 4330 loro.
629 4265 729 4348 Epist.
742 4262 812 4337 268.
829 4255 908 4330 ilios
922 4267 995 4348 21'5.
1757 4269 1760 4274 '

470 4386 509 4468 q)
532 4381 601 4445 Lr'lt.
616 4380 644 4446 Ι.
665 4379 762 4463 Epist.
777 4398 848 4462 174.
972 4395 980 4405 ·

468 4503 508 4584 r)
534 4496 719 4581 Epifl.178.
745 4494 941 4577 Intelligitnt
958 4498 1064 4555 antem
1078 4489 1164 4554 heud
1176 4485 1270 4559 dubie
1287 4492 1425 4560 lomolns
1436 4489 1491 4557 ille
1509 4490 1663 4570 Rufinus,
1680 4501 1813 4559 nemrot
1830 4488 1902 4556 An·

546 4599 591 4642 no
606 4598 677 4662 395.
694 4581 725 4643 in
742 4599 835 4660 quem
855 4579 1150 4646 crasmarus
1171 4577 1253 4641 duos
1269 4579 1367 4644 libror
1386 4574 1512 4661 scripsit.

465 4702 503 4790 t)
525 4698 565 4765 L.
578 4717 609 4764 2.
633 4697 704 4762 col.
725 4696 833 4762 llteod
852 4696 887 4761 dr
907 4694 944 4761 L.
959 4716 986 4759 1.
1010 4693 1082 4760 cod
1095 4691 1219 4778 &testim
1232 4694 1269 4760 dt
1279 4694 1345 4776 lia,
1359 4699 1414 4782 prat·
1424 4694 1467 4764 od
1483 4688 1595 4776 Ettlts.
1609 4683 1744 4773 conscg.
1763 4685 1907 4757 Cancer

531 4787 626 4850 -otto
652 4778 887 4882 &Arctoo
912 4776 1186 4866 solodorum,
