5017 5592
497 421 503 434 ’
607 518 718 597 352„
768 481 772 488 ’
883 436 1223 612 ntssanrnrto
1248 440 1549 584 nts'ront'co.
1568 482 1803 583 Juntotctt

488 709 494 717 ··
604 677 701 750 Viris
713 667 839 749 anseri
855 673 1040 756 Mulieres,
1065 671 1097 744 dt
1119 670 1250 760 Milites
1266 669 1377 767 quood
1398 665 1615 743 exclufionem
1632 666 1673 738 ab
1694 667 1908 742 lmmuttitote
1927 661 2089 741 Ecclesie·

567 835 571 842 .
606 770 696 849 slice.
745 777 778 844 11
796 774 1135 845 ‘cumebertus
1162 768 1334 841 erelul'ettt
1351 794 1427 840 teos
1444 768 1616 839 homicidii
1637 771 1670 835 io
1690 774 1758 837 rire
1773 762 1934 839 commissi
1954 792 2021 838 eum
2036 792 2090 840 at·

606 877 683 954 teis,
705 872 758 960 {ee
776 870 979 959 instrumentis
995 868 1104 964 [cepte
1121 892 1231 938 natata
1248 874 1326 961 aptis
1337 873 1388 938 'ed
1406 872 1611 937 adtonsum.-
1643 868 1754 936 Butet
1776 886 1801 938 1)
1815 889 1824 935 t
1838 887 1893 938 cr
1905 886 1955 937 us
1980 864 2090 938 decle·

480 1004 482 1007 ’
608 992 680 1050 rat,
706 966 769 1040 lul>
787 968 849 1039 hoc
865 968 1083 1039 ordinatione
1101 966 1342 1062 comprehendi
1365 968 1464 1035 etiam
1487 965 1579 1044 illos,
1612 973 1668 1059 qui
1692 966 1793 1034 betula
1817 985 1873 1035 act
1894 964 1966 1049 (axo
1983 968 2090 1058 praxis

584 1091 586 1095 ’
608 1084 691 1139 teum
706 1066 790 1153 [aum
805 1075 944 1138 occident
955 1115 964 1146 ,
977 1064 1033 1136 ubi
1048 1089 1087 1137 ct
1103 1065 1215 1148 deltiii
1227 1067 1481 1134 eircumllaotits
1497 1060 1718 1153 dignoscatur,
1736 1061 1824 1133 illius
1834 1059 1957 1142 aslum,
1973 1086 2089 1157 quam·

611 1155 662 1237 vis
679 1166 713 1234 io
727 1168 796 1236 rixa
812 1161 1018 1246 commissum
1066 1165 1239 1243 non'ecl'u,
1263 1185 1318 1234 out
1333 1188 1370 1232 ex
1386 1157 1560 1239 necessaria
1577 1157 1782 1239 defensione,
1810 1160 1865 1232 sed
1883 1187 1921 1233 er
1937 1161 2036 1243 odto,
2055 1159 2092 1235 dc

612 1263 754 1334 nocendi
770 1267 882 1334 animo
898 1286 934 1333 oc
954 1264 1122 1334 voluntate
1138 1259 1312 1358 prodrtlse,
1338 1256 1559 1331 conformiter
1577 1262 1706 1328 Divinae
1722 1261 1804 1349 Legi
1826 1260 1871 1351 e).
1932 1264 1983 1329 lll
2027 1263 2100 1332 De·

377 1377 381 1384 '
531 1395 534 1400 ·
612 1364 739 1440 cernit,
763 1383 801 1432 ut
816 1359 993 1431 vulnerans
1011 1362 1175 1454 aliquem,
1200 1357 1221 1430 li
1240 1362 1400 1450 Chirurgi
1418 1381 1519 1449 greve
1540 1359 1615 1428 vite
1637 1356 1824 1452 perieulum
1844 1353 1949 1428 adesse
1972 1356 2098 1432 retule-

615 1462 702 1539 rint,
730 1460 837 1531 eloco
855 1462 996 1530 immuni
1014 1454 1149 1530 servatis
1168 1454 1334 1528 servandis
1353 1454 1535 1536 extraslus,
1560 1455 1747 1528 carceribus
1767 1479 2000 1550 manetpetur3
2032 1456 2102 1528 hee

615 1576 727 1632 tomen
744 1556 836 1647 lege,
853 1579 898 1649 ,ut
919 1553 1066 1627 Ecclestae
1081 1560 1219 1627 omnino
1233 1552 1444 1638 restituatur,
1469 1555 1527 1625 ubi
1542 1554 1732 1625 vulneratus
1747 1552 1833 1624 ultra
1848 1578 1981 1648 tempus
2005 1580 2025 1625 a
2050 1555 2111 1627 le·

617 1652 717 1747 gibus
731 1653 944 1724 constitutum
961 1651 1122 1751 supetsles
1140 1657 1238 1724 vivat.
1288 1647 1349 1723 lV.
1377 1658 1498 1724 Monet
1510 1652 1691 1751 Episcopus
1704 1701 1712 1731 ,
1727 1676 1768 1739 ne
1783 1646 2023 1722 extraslionem
2039 1652 2108 1724 de·

549 1802 554 1814 .
617 1750 842 1846 linquentium
864 1751 990 1823 diutius
1015 1775 1115 1847 quam
1138 1745 1280 1847 petest,
1312 1751 1520 1848 protrahent.
1578 1755 1656 1820 Nec
1674 1752 1763 1818 enim
1787 1746 1998 1844 Ecclefiallici
2022 1747 2115 1823 zeli

619 1844 768 1920 officium
785 1852 818 1919 io
835 1874 876 1921 eo
897 1845 1105 1922 statuendum
1119 1848 1183 1930 ell,
1222 1871 1259 1920 ut
1275 1846 1415 1945 Jnslttiae
1435 1848 1548 1919 cursus
1569 1873 1630 1945 per
1653 1843 1859 1941 Apollolteas
1879 1845 2121 1922 Constitutio-

619 1970 679 2019 oes
698 1946 910 2043 prescriptus
929 1942 1082 2022 adversus
1100 1943 1304 2019 facinorosos
1321 1948 1474 2019 homines
1494 1947 1714 2042 impediatur:
1750 1969 1868 2015 verum
1885 1946 1919 2015 in
1945 1939 2128 2037 Ecclesia

622 2046 857 2125 Immunitate,
884 2044 1024 2141 aliisque
1045 2046 1201 2118 omnibus
1223 2044 1522 2117 Ecclefiallieorum
1543 2046 1694 2140 locorum
1720 2042 1751 2112 dt
1776 2039 1992 2137 personarum
2016 2042 2151 2140 juri-⁹

621 2137 686 2214 bus
700 2138 923 2214 asserendis&
943 2140 1154 2227 sustinendis3
1187 2166 1265 2214 cum
1288 2167 1346 2223 ea,
1376 2167 1491 2214 contra
1513 2138 1678 2211 sacratum
1699 2144 1826 2233 Legum
1848 2137 2155 2308 prescriptum,

567 2287 569 2292 .
621 2234 782 2330 infringi,
808 2265 845 2310 ac
866 2240 985 2310 violari
1008 2247 1188 2332 contingat.
1243 2246 1287 2315 V.
1313 2241 1476 2312 Concedit
1498 2238 1690 2335 Episcopis,
1715 2261 1752 2308 ut
1773 2263 1836 2333 pro
1863 2242 1934 2309 ocis
1952 2264 1972 2310 a
1989 2244 2155 2313 cotie

621 2333 852 2408 Ecclefiasticae
869 2334 1042 2409 refidentia
1060 2343 1217 2418 remotis,
1243 2338 1405 2438 deputent
1428 2339 1519 2424 viros
1542 2334 1802 2416 Ecclefiasltcos,
1835 2339 1892 2432 qui
1912 2337 2039 2409 indicia
2062 2325 2155 2411 effi

573 2458 586 2472 ⁸
622 2433 860 2508 extrailionem
878 2433 1052 2510 necessaria
1070 2435 1215 2532 juttdtee
1235 2435 1411 2529 colligant,
1442 2457 1480 2505 ut
1503 2435 1555 2505 his
1577 2432 1752 2528 inl'peslis,
1785 2433 1886 2503 iidem
1908 2431 2155 2520 Antistiana

600 2545 730 2632 'prout
742 2533 827 2630 jutis
845 2538 928 2615 erit,
954 2534 994 2603 ad
1010 2535 1274 2630 delinquentium
1290 2532 1483 2628 hujusmodi
1499 2526 1735 2603 exercilionem
1760 2554 1969 2628 quantocyus
1990 2533 2155 2609 decet-⁶

624 2631 769 2701 neodem
787 2631 969 2725 procedere
984 2633 1126 2704 valeant.
1177 2637 1237 2701 Vl.
1264 2635 1443 2712 Decernit,
1467 2630 1536 2701 lttec
1551 2631 1660 2702 locum
1676 2628 1798 2700 habere
1823 2630 1856 2699 in
1872 2630 2001 2705 ditione
2016 2637 2155 2706 Pon*

626 2725 747 2808 tifieia,
775 2727 896 2815 &eltis
917 2731 1122 2810 Provinciis,
1150 2730 1190 2797 ad
1217 2751 1300 2823 quas
1325 2725 1583 2801 Conslttutiooes
1602 2725 1770 2825 prediilae
1794 2725 1931 2818 estense
1952 2725 2100 2805 merum
2142 2776 2155 2791 ι

626 2828 705 2893 Vll.
736 2828 876 2893 lnnovet
896 2848 1008 2914 poenas
1022 2823 1156 2897 statutas
1178 2828 1210 2894 io
1227 2827 1407 2898 violatores
1425 2822 1653 2897 Ecclestasltcte
1676 2827 1916 2910 lmmuoitatit'3
1950 2825 2024 2900 loca
2045 2831 2155 2904 im-

627 2924 742 2992 munia
758 2917 907 2998 obfidere
923 2921 1180 3016 prael'umentes3
1217 2924 1438 3018 impedientes
1462 2921 1503 2994 n'e
1527 2923 1566 2994 ad
1590 2918 1749 3015 eoosugcs
1772 2919 2155 2999 alimentadeferov

628 3039 705 3100 tur;
734 3041 790 3089 aut
809 3018 882 3087 aliis
898 3019 1023 3089 artibus
1039 3021 1078 3090 ad
1093 3022 1297 3092 deditionem
1311 3022 1498 3113 adigentes,
1523 3046 1607 3118 quos
1624 3045 1745 3118 pretet
1760 3023 1839 3091 elios
1854 3025 2013 3118 peenas&
2024 3031 2130 3099 Cet·
2153 3061 2155 3071 ·

627 3112 747 3199 suras,
776 3118 869 3187 omni
899 3114 1062 3191 beneficio
1083 3116 1294 3191 Ecclefiasliei
1324 3118 1530 3208 confugii&
1557 3118 1648 3215 Asyli
1678 3142 1826 3215 pttvatos
1852 3116 1914 3191 else
1944 3121 2155 3196 decernit.

629 3217 730 3287 Vlll.
756 3219 853 3286 Circa
867 3238 943 3295 eos,
966 3218 1072 3311 quiin
1092 3216 1228 3287 alterius
1245 3220 1391 3287 Ditionis
1413 3215 1567 3297 Dtoecest,
1587 3241 1685 3311 quom
1704 3216 1760 3286 ubi
1776 3215 1936 3288 desidum
1952 3214 2149 3293 cominiss

631 3308 703 3383 sum
720 3308 805 3392 fuit,
827 3311 965 3407 Asylum
981 3336 1153 3409 querunt,
1179 3314 1209 3383 dt
1233 3319 1368 3385 aCuria
1391 3315 1536 3385 seculari
1553 3315 1614 3384 loci
1637 3312 1748 3385 delisli
1773 3317 2016 3409 requiruntur,
2037 3320 2141 3415 sup·

592 3452 597 3461 ·
658 3405 738 3480 osta
753 3408 989 3481 consuetudine
1004 3435 1128 3483 mutue
1150 3413 1375 3483 extraditioois
1390 3436 1545 3492 reorum,
1560 3409 1730 3491 statuitur,
1753 3434 1789 3483 ut
1812 3412 2001 3512 Episcopus
2020 3418 2133 3491 illius

631 3430 718 3590 loci,
735 3510 853 3602 inquo
868 3507 1028 3579 deliilum
1045 3506 1251 3581 commissum
1270 3505 1351 3591 suit,
1376 3504 1496 3580 indicia
1518 3512 1557 3579 cd
1579 3533 1751 3603 capturam
1775 3508 1931 3607 tequifite
1952 3519 2120 3614 excipiet,

375 3625 380 3642 ⁸
484 3607 490 3618 ’
633 3624 740 3700 caque
756 3607 796 3676 ad
818 3605 1021 3700 Episcopum
1037 3608 1276 3679 alterius'loei.
1303 3612 1336 3678 in
1353 3633 1421 3703 quo
1439 3608 1634 3703 delinquens
1651 3605 1790 3702 Asylum
1806 3612 1913 3704 cepit,
1935 3607 2004 3682 sine
2017 3638 2113 3687 more

635 3706 841 3774 transmittat
857 3752 864 3781 .
882 3726 918 3771 ut
939 3702 1037 3796 hujus
1053 3701 1175 3775 scilicet
1196 3702 1360 3776 Antislttis
1378 3710 1589 3787 autoritate,
1613 3705 1752 3797 aliisque
1775 3703 1908 3778 servatis
1931 3705 2103 3798 servandis,

637 3797 824 3894 sconsug'ti
844 3800 918 3873 loco
941 3802 1096 3888 extrahi,
1123 3800 1197 3873 aest
1218 3805 1265 3873 ita
1288 3827 1341 3873 res
1360 3797 1471 3886 fetat,
1496 3825 1638 3876 externa
1663 3800 1842 3901 postulanti
1863 3807 1976 3880 Curie
2006 3813 2099 3887 etletr

638 3897 834 3992 confignsti.
938 3967 940 3972 .

542 3998 546 4002 ¹
1205 4078 1211 4090 ¹
1268 3991 1302 4092 d.
1359 3993 1462 4068 elx.

444 4108 607 4185 Ηοωῑῦί·
758 4118 914 4209 Sequenti
938 4142 1024 4189 anoo
1049 4144 1153 4209 ¹75¹·
1195 4117 1290 4190 ldem
1307 4116 1458 4191 Pontifex
1474 4118 1620 4215 Epillola
1636 4121 1812 4217 Eneycliea
1835 4119 1875 4192 ad
1897 4117 2095 4219 inquisitores

394 4235 400 4240 -
450 4196 509 4260 cltn
534 4196 566 4255 io

450 4270 622 4439 galgol?
638 4314 761 4406 Jontl
774 4333 840 4379 Νη
863 4315 968 4386 ΧΧΙΙ,
987 4311 1105 4408 (supra
1123 4310 1153 4414 q
1174 4319 1322 4409 XClll.)
1341 4343 1454 4388 contra
1471 4322 1658 4390 Haeretieos
1672 4344 1706 4387 at·
1724 4324 1857 4413 Jtttlaeos
1879 4344 1896 4387 a
1921 4317 1987 4389 fide
2013 4313 2100 4388 lilce

421 4434 425 4441 ’
451 4441 515 4519 ni„
639 4432 697 4507 pta
713 4411 745 4480 in
761 4405 963 4506 Apostoliam
987 4413 1187 4497 incidentes,
1220 4439 1294 4489 eam
1318 4439 1428 4489 tamen
1450 4418 1648 4490 methodum
1673 4418 1895 4490 adhibendam
1915 4412 2100 4514 prescribit,

680 4606 716 4688 e)
736 4602 900 4708 Nemetae.
920 4599 1068 4674 XXXV.
1084 4616 1199 4691 ipae.
1367 4691 1370 4697 .
2060 4532 2104 4646 at

638 4232 752 4282 eontra
778 4213 967 4284 hereticam
999 4222 1195 4308 pravitatem
1224 4219 1402 4313 deputatos
1432 4216 1578 4313 scripto,
1625 4219 1800 4290 conlinttat
1832 4218 2095 4292 Conllituttonem
