5017 5592
533 640 831 728 orientem
847 639 1043 720 nourr.
1061 639 1257 723 recens.
1277 641 1408 720 iton.
1426 641 1482 720 nt
1500 643 1811 727 criminosos
1828 652 1893 729 nc.
1919 665 2003 754 ιη’

511 829 640 928 dequo
666 823 809 928 presens
830 821 1025 900 Dissertatio
1040 827 1125 921 agit,
1148 824 1270 898 dicitur
1290 832 1388 904 Locus
1403 826 1539 922 refugii,
1558 832 1780 904 immunitatem
1797 813 1994 910 rrnur'onn
2141 843 2146 854 ’

508 931 652 1028 ’ψ’
669 929 726 1023 0⁰
1140 1026 1210 1111 .§.
1260 1017 1313 1093 11.

483 1236 486 1242 ,
624 1161 772 1232 Primam
794 1160 881 1248 Anti
899 1156 1065 1248 originem
1087 1150 1217 1228 referre
1238 1154 1316 1229 lieet
1337 1157 1372 1226 in
1404 1158 1528 1249 Legem
1555 1154 1740 1256 Mosaicam
1757 1185 1765 1226 ε
1785 1156 1841 1232 ubi
1869 1166 1991 1236 Vindex
2002 1189 2094 1270 Apud
2108 1192 2157 1262 Η,

506 1261 684 1357 'sugamia
701 1260 759 1352 qui
774 1253 897 1327 scilicet
910 1252 1021 1326 occiso
1035 1258 1079 1326 ita
1094 1277 1165 1326 erat
1181 1251 1337 1347 sanguine
1353 1253 1567 1349 conjunilus,
1593 1281 1631 1327 ur
1649 1260 1819 1351 proximus
1836 1253 1913 1331 eilct
1927 1262 1976 1333 ltae
2000 1274 2105 1338 btaenr
2123 1279 2157 1340 in

513 1381 587 1440 rer,
611 1353 805 1455 potestatem
824 1352 966 1425 habebat
986 1349 1207 1425 interficiendi
1229 1352 1451 1434 homicidam,
1471 1357 1723 1451 quamprimum
1739 1380 1816 1426 eum
1839 1381 1987 1454 compre·
2001 1354 2141 1421 Urbibut

515 1457 674 1531 henderit
683 1451 736 1551 g).
787 1455 874 1524 Cum
897 1474 1006 1522 temen
1028 1455 1158 1523 veniam
1182 1454 1306 1522 mereri
1330 1449 1434 1546 eliqui
1455 1450 1693 1535 censerentur,
1719 1447 1805 1547 juffit
1829 1458 1921 1527 Deua
1937 1436 2154 1550 ,presagia

515 1555 569 1630 sex
591 1560 686 1628 Urbes
701 1553 823 1644 Refugit
840 1576 877 1621 ex
895 1553 954 1631 iis,
975 1574 1048 1644 quae
1068 1552 1193 1620 Levitis
1214 1545 1473 1641 ailignrbantur,
1495 1549 1666 1633 constitui,
1689 1554 1721 1621 in
1744 1550 1883 1648 quibus,
1903 1559 1994 1628 donec

510 1657 613 1752 stater
634 1673 707 1722 anre
728 1655 865 1741 pupulum
888 1650 1073 1742 exptfirurus'
1095 1649 1213 1735 causam
1226 1652 1313 1739 suam
1327 1653 1372 1739 i),
1399 1644 1610 1720 securitatem
1634 1647 1675 1719 ab
1697 1648 1807 1722 ultore
1829 1648 1996 1744 sanguinis

517 1752 687 1827 obtineret
702 1746 777 1826 ille,
799 1748 855 1841 qui
872 1770 910 1816 cx
925 1770 1042 1816 errore
1063 1744 1096 1817 tir
1120 1746 1327 1838 ignorantia,
1353 1770 1419 1816 oon
1438 1769 1548 1818 temen
1564 1744 1628 1819 sine
1644 1746 1741 1843 eulpa
1757 1773 1813 1819 aut
1827 1752 1999 1842 negligen-

520 1854 566 1924 ria
600 1849 666 1919 levi
690 1847 869 1943 quemdem
896 1840 1088 1925 oceidillet,
1113 1869 1189 1914 cum
1221 1868 1290 1938 quo
1316 1842 1365 1913 illi
1396 1843 1496 1914 nulle
1525 1847 1707 1917 inimicitiae
1741 1845 1997 1922 intereeffillcnt.

519 1953 625 2023 Erant
641 1969 751 2017 aurem
768 1945 818 2013 hae
835 1945 993 2013 Civitates
1009 1945 1056 2012 cis
1073 1942 1256 2039 Jurdenem
1275 1946 1368 2011 ceder
1385 1944 1418 2012 in
1435 1941 1575 2014 Galilaee
1597 1946 1719 2014 montis
1744 1945 1931 2040 Nephtoli,
1950 1953 1997 2020 Si·

520 2053 602 2121 elem
615 2071 647 2116 tn
664 2065 776 2112 monte
800 2042 977 2133 Ephraim,
998 2043 1116 2111 Hebron
1132 2044 1165 2109 in
1183 2063 1298 2109 monte
1313 2038 1417 2133 Juda:
1443 2064 1532 2118 trans
1552 2042 1735 2136 Jordanem
1751 2045 1845 2132 Bosor
1866 2047 1900 2114 in
1923 2042 1999 2117 soli·

521 2147 637 2217 tudine
654 2144 694 2212 de
719 2138 808 2211 tribu
826 2139 962 2210 Ruben.
985 2145 1115 2208 Rumori
1131 2143 1164 2209 in
1191 2138 1319 2209 Galord
1343 2137 1385 2206 de
1400 2135 1488 2208 tribu
1513 2139 1607 2221 Gad,
1635 2145 1755 2209 Gaulon
1775 2144 1809 2211 in
1830 2140 1930 2213 Busan
1956 2144 1999 2217 de

520 2247 611 2315 tribu
631 2233 778 2309 Manaile
793 2239 851 2328 l)-
901 2238 1100 2330 Exemplum
1117 2235 1283 2329 ejusmodi
1302 2236 1421 2319 caedis,
1440 2234 1535 2328 eujus
1556 2260 1709 2307 aurorem
1728 2237 1841 2311 Urbes
1862 2236 2001 2334 Refugii

521 2340 716 2417 tuebantur,
742 2335 868 2433 prebet
895 2332 984 2405 sacer
999 2336 1113 2405 Codex
1127 2339 1160 2403 in
1179 2358 1238 2415 eo,
1270 2333 1421 2428 quicum
1443 2358 1550 2403 emtco
1561 2330 1631 2418 ,suo
1652 2337 1762 2406 abierit
1772 2344 1805 2408 in
1831 2339 1942 2420 stivam
1957 2343 2000 2412 ad
2021 2395 2034 2419 ,

522 2446 604 2534 ligna
619 2439 773 2518 cedentia,
795 2437 831 2509 ὅ
845 2457 876 2503 rn
893 2431 1051 2525 [tennione
1072 2437 1220 2525 lignorum
1230 2429 1344 2522 securis
1360 2431 1481 2524 sugerit
1502 2455 1612 2514 manu,
1629 2434 1807 2527 ferrumque
1829 2436 1941 2528 lapsum
1963 2442 2001 2509 dr

524 2536 677 2610 nantelmo
692 2539 820 2602 amicum
836 2536 898 2622 ejus
912 2531 1098 2622 perrufferir,
1121 2533 1156 2607 Ei
1176 2533 1315 2599 reciderit
1330 2528 1371 2619 l).
1420 2531 1502 2600 Haec
1519 2533 1608 2601 enim
1624 2530 1729 2603 cedes
1751 2557 1817 2604 non
1834 2535 1918 2605 etleo
1934 2529 2004 2607 for·

527 2637 608 2707 tuito
623 2627 688 2712 cll,
710 2652 747 2701 ut
769 2654 836 2699 non
860 2623 1064 2701 interceiliile
1078 2626 1248 2701 censeatur
1271 2626 1352 2697 levis
1372 2623 1486 2697 saltem
1507 2627 1621 2721 culpa,
1644 2628 1685 2700 ab
1703 2654 1744 2700 eo
1765 2631 1916 2713 vitanda,
1941 2636 2002 2730 qui
2026 2633 2029 2638 ’

527 2755 601 2803 onte
620 2725 716 2799 usum
737 2725 859 2804 securis
889 2726 1083 2822 diligentior
1106 2727 1348 2826 exploraverit,
1376 2719 1419 2797 in
1443 2719 1574 2800 ferrum
1594 2716 1739 2802 firmiter
1759 2729 1937 2806 mtoubrio
1951 2733 2002 2816 ins

527 2827 728 2921 herearm).
1285 2891 1288 2896 ,

1192 2966 1224 3051 §.
1276 2953 1357 3032 111.

640 3099 766 3167 Prater
795 3092 954 3165 Civitates
990 3084 1176 3203 Refugiia
1208 3091 1367 3164 violentia
1385 3095 1420 3164 in
1444 3094 1562 3166 Veteri
1594 3088 1812 3166 Tellamento
1844 3057 2107 3203 tuebaturgt,g
2122 3138 2157 3205 Ἰ·1

538 3189 759 3290 confugientes
779 3190 868 3264 adse
891 3196 1006 3262 Alure
1029 3195 1156 3285 Templi.
1201 3191 1294 3262 Dum
1315 3195 1404 3266 enim
1426 3195 1520 3265 Deua
1540 3215 1640 3275 eum,
1671 3196 1729 3289 qui
1742 3216 1794 3288 prr
1814 3196 2157 3289 industriambemm.

1975 3293 2101 3367 &inme
2155 3341 2157 3346 2

640 3457 795 3544 lanffione
810 3454 941 3541 wadum
948 3454 1028 3538 sunt
1045 3455 1236 3530 confirmata.
1251 3453 1290 3520 L.
1306 3474 1336 3539 9.
1350 3458 1379 3537 §.
1391 3474 1422 3539 3.
1439 3448 1482 3538 ff.
1502 3454 1538 3518 tie
1550 3454 1641 3533 diuis.
1661 3477 1721 3523 rer.
1742 3457 1782 3524 tr
1798 3437 1905 3540 qualit.
1929 3462 2012 3527 San.

646 3544 724 3609 flunt
742 3543 854 3607 riflum
869 3539 909 3623 est
921 3557 942 3600 o
953 3537 1170 3620 sagminibus:
1189 3538 1264 3619 lunt
1281 3553 1385 3602 aurem
1398 3537 1546 3621 sagmina
1564 3539 1704 3620 quadem
1717 3539 1833 3615 terre,
1859 3563 1935 3627 quar
1956 3545 2014 3609 Le·

669 3630 716 3688 nli
737 3626 841 3707 Populi
863 3618 1209 3766 Romaniserrecjolrnt,
1232 3625 1416 3705 requirens
1431 3624 1582 3683 uiolaret:
1597 3621 1687 3705 strati
1705 3622 1820 3707 legali
1835 3626 2014 3693 Graecorum

638 3645 750 3792 ferunt
764 3726 818 3779 ια,
836 3725 902 3789 quo
915 3713 1062 3766 vocantur
1100 3706 1211 3786 erycia.
1231 3702 1268 3767 L.
1284 3716 1315 3777 8.
1331 3712 1366 3773 ff.
1388 3722 1417 3768 1.
1434 3702 1509 3769 ibid.

573 3825 615 3913 f)
630 3827 817 3892 Germanice
833 3822 1009 3908 Freyhung.
1025 3824 1140 3908 gallice
1158 3820 1330 3905 Fruntluje.

534 3991 539 4006 .
578 3944 616 4028 g)
639 3943 764 4008 Numer.
779 3931 924 4006 XXXV.
940 3962 989 4025 19.

472 4103 479 4115 ,
577 4059 615 4146 r)
638 4062 715 4127 lira.
733 4079 761 4125 u.
775 4059 806 4123 ό.
815 4056 898 4144 seqq.
915 4060 1083 4128 Deuteron.
1100 4059 1198 4129 XIX.
1215 4058 1233 4135 J
1239 4077 1353 4130 usur:
1372 4052 1452 4125 XX.
1488 4127 1491 4132 ,

576 4181 763 4261 r')]0str1a
784 4177 860 4243 XX.
877 4180 977 4243 muli

576 4297 610 4381 i)
632 4295 758 4361 Hebraei
785 4295 962 4381 Scriptores
991 4298 1079 4381 apud,
1098 4296 1342 4361 Seruianum
1361 4294 1397 4357 de
1419 4291 1504 4376 yur.
1527 4299 1593 4354 nal.
1614 4284 1654 4354 ὃ
1673 4296 1756 4374 geni.
1775 4287 1875 4374 juxte
1899 4286 2015 4372 discipl.

652 4380 791 4442 Ebrteor.
808 4380 857 4441 ltb.
883 4378 939 4445 lV.
960 4400 983 4443 c.
999 4400 1030 4446 2.
1054 4379 1162 4460 ajunt,
1182 4382 1276 4442 etiam
1293 4379 1428 4457 reliquae
1453 4374 1658 4456 quadraginta
1677 4374 1755 4435 duas
1777 4372 1933 4436 Civitates
1956 4370 2017 4436 Le·

651 4463 729 4525 vitis
742 4462 925 4546 attinguntur,
944 4463 1014 4547 jure
1028 4463 1119 4545 Asyli
1137 4462 1262 4547 gaviias
1282 4456 1344 4553 elie
1362 4478 1435 4523 cum
1448 4458 1556 4540 aliquo
1572 4467 1677 4520 tamen
1689 4455 1874 4521 discrimine.

573 4582 604 4663 l)
631 4579 794 4644 Deuteron.
813 4579 908 4645 XIX.
923 4599 953 4662 5.

571 4700 625 4784 n)
648 4696 682 4761 st
694 4698 797 4761 caedes
811 4697 881 4762 casn
900 4717 987 4762 mere
1006 4698 1145 4767 fortuito
1160 4693 1338 4773 eccidiffet,
1355 4710 1425 4760 nott
1446 4709 1530 4778 opor
1546 4699 1614 4758 erat
1632 4691 1846 4776 migratione,
1873 4681 1926 4748 seo
1939 4678 2019 4763 fuga

653 4780 688 4846 io
710 4780 825 4848 Urbem
844 4780 983 4867 Refugii,
1572 4791 1579 4804 ·
