5017 5592
961 597 1531 679 DlSSERTATIO

631 796 672 924 gif
686 779 806 924 {inperii
821 780 1179 926 {fefingtntergodetiam
1201 779 1251 858 ina
1268 781 1481 862 primetlernm
1500 799 1628 878 precum
1652 777 1725 879 iplia
1744 783 1901 864 competit

632 883 835 1029 {nitidis
849 863 1907 1028 etitltnlttgl‘nill‘qtll?lltl‘tttltltttil

632 1025 778 1090 bendum.
803 1027 985 1108 despondeo.
1002 1029 1111 1108 regule
1128 1030 1181 1090 illa
1195 1027 1398 1096 universalia,
1423 1046 1517 1108 quem
1530 1048 1588 1108 pro
1602 1027 1902 1093 fundamentoedrni

634 1109 717 1172 adeo
733 1109 908 1175 indistinete
922 1129 999 1172 vore
1018 1131 1083 1171 non
1103 1110 1164 1174 astt
1187 1109 1209 1171 li
1228 1113 1268 1173 de
1286 1110 1409 1188 juribus
1430 1113 1552 1193 imperii
1571 1109 1706 1172 realibus
1727 1112 1907 1193 intelligent

635 1193 801 1255 concedo:
823 1191 1027 1271 lidejuribus
1043 1191 1250 1265 honorificis,
1272 1193 1359 1256 illem
1373 1191 1552 1275 limpliciter
1564 1212 1668 1278 nego,
1688 1196 1839 1276 quoniam
1855 1214 1907 1256 eur

635 1270 715 1354 juria
732 1275 848 1358 publici
867 1274 958 1337 eliam
975 1275 1067 1356 plane
1086 1276 1261 1358 suppeditet
1275 1276 1429 1357 regulam.

562 1388 602 1472 a)
624 1389 673 1452 Ad
689 1393 829 1456 Aareare
842 1392 964 1456 nouo·
982 1393 1054 1472 Cup.
1069 1415 1099 1475 5.
1117 1403 1152 1464 s.
1164 1413 1192 1456 1.
1209 1412 1389 1474 provocare
1401 1392 1539 1466 uolunt,
1556 1392 1694 1476 sequenti
1709 1403 1835 1455 utentes
1850 1393 1907 1454 dist

533 1505 544 1529 ·
634 1477 716 1540 lucu
741 1478 841 1537 citato
864 1474 999 1540 Vicariia
1023 1475 1151 1557 lmperii
1166 1474 1305 1556 potestas
1328 1476 1367 1536 ed
1392 1474 1545 1537 beneficia
1565 1475 1773 1538 Eccletiel'tice
1799 1476 1907 1558 praeiet

640 1555 791 1638 expretus
807 1557 913 1620 verbio
930 1558 1079 1636 tribuitur
1093 1577 1103 1629 3
1127 1557 1175 1620 sed
1193 1559 1342 1640 perhanc
1357 1557 1535 1620 nihilaliud
1553 1558 1689 1638 intelligi
1705 1558 1828 1638 potest.
1852 1578 1907 1637 qur

638 1641 854 1720 primariorum
867 1657 1012 1718 precum,
1035 1660 1114 1720 ergo
1130 1639 1264 1704 Viceriis
1277 1639 1405 1723 Imperii
1417 1661 1460 1702 ex
1479 1639 1540 1722 ipse
1560 1643 1674 1702 Aureae
1691 1640 1790 1702 Bullae
1802 1641 1907 1720 du‘pol

639 1721 718 1783 illud
732 1723 762 1783 ln
779 1731 852 1784 tuto
868 1722 931 1800 jem
945 1719 990 1784 est
1008 1723 1215 1785 collocatum.
1259 1721 1322 1786 Sed
1336 1740 1412 1866 ηιχὲο
1425 1725 1582 1783 minorem.
1608 1722 1687 1783 Nam
1700 1722 1907 1802 analogiaJur

640 1805 715 1868 blici
736 1822 791 1882 per
809 1802 991 1865 facultatem
1013 1803 1216 1882 prusentendi
1242 1805 1279 1864 ad
1295 1805 1373 1866 bene
1399 1806 1446 1866 cia
1470 1801 1680 1866 Eccleliestioe
1700 1803 1752 1866 hio
1779 1805 1843 1866 luci
1870 1804 1907 1868 ΥΞ

639 1884 816 1948 coueeiiern
827 1885 879 1965 jus
893 1886 1107 1962 primeriemm
1123 1905 1249 1968 preeunt
1263 1887 1401 1967 intelligi
1415 1886 1498 1947 haud
1510 1889 1683 1968 permittit;
1705 1905 1722 1944 e
1738 1887 1792 1948 tali
1812 1905 1895 1966 ergo

639 1979 707 2030 tate
721 1968 801 2028 male
816 1969 949 2030 ducetur
962 1981 1182 2048 argumentum
1195 1969 1233 2029 ad
1246 1967 1299 2048 jur
1311 1969 1526 2046 primariamm
1544 1986 1682 2050 precum.
1726 1967 1797 2030 lmo
1812 1973 1907 2048 megi:

640 2053 823 2116 venientem
843 2047 938 2130 hujua
956 2050 1020 2112 loci
1041 2051 1289 2131 explicationem
1311 2049 1393 2111 hauc
1409 2052 1536 2132 accipe:
1563 2049 1767 2127 Compertum
1783 2050 1845 2120 eli,
1869 2051 1907 2112 ln

640 2131 765 2192 toribus
779 2131 813 2192 vi
827 2129 909 2203 Juria
925 2129 1112 2194 Petronatus
1128 2133 1166 2194 ed
1188 2132 1274 2194 varie
1292 2130 1445 2196 beneficia
1461 2131 1665 2214 praesentendi
1678 2131 1862 2196 facultatem
1880 2154 1907 2194 e«

640 2221 728 2286 tere;
750 2211 838 2294 quoii
847 2232 927 2274 vero
936 2212 1096 2291 eiusmodi
1107 2212 1260 2276 beneficia
1272 2225 1418 2297 tempore
1427 2215 1599 2296 interregni
1614 2215 1757 2274 venantie
1770 2213 1907 2296 legitimo

640 2313 720 2393 pore
734 2313 798 2392 non
816 2293 1039 2370 conserantur,
1060 2295 1229 2358 fecundum
1248 2297 1337 2377 leger
1357 2295 1534 2394 panonicos
1550 2297 1589 2358 ad
1611 2295 1805 2393 collatorem
1828 2311 1906 2357 extr

639 2377 1508 2602 tzglliiltlttz'llttt‘ttt'lietduini‘pl
1521 2376 1907 2545 lignitltltlnt:

643 2562 680 2604 ce
706 2561 733 2604 a.

569 2663 606 2750 3)
624 2655 801 2756 Subfidium
813 2666 960 2757 quaeruut
976 2677 1019 2720 ex
1037 2657 1101 2741 lpie
1113 2659 1225 2742 praxi,
1247 2659 1385 2738 ideoque
1400 2658 1433 2720 in
1444 2659 1582 2720 medinm
1600 2658 1766 2756 proferunt
1782 2657 1907 2756 diplom

644 2759 710 2824 quo
727 2740 854 2802 indubie
870 2738 991 2802 constet
1005 2738 1021 2812 J
1030 2758 1098 2807 on.
1122 2739 1375 2839 G'nonnaunr
1390 2738 1432 2805 ll.
1449 2738 1628 2838 Eletlorem
1644 2741 1815 2839 Septuma.
1838 2751 1907 2822 potr

644 2821 1907 2986 tl:lt:1⁰‚tttttpll.l·nlnllt{titillilxtl'ttst‘tl‘ftttti

643 2984 679 3048 dt
694 2984 749 3060 ipst
761 2986 950 3062 largiantur,
970 2983 1091 3047 necelle
1103 2987 1164 3056 est,
1181 3006 1290 3068 preces
1303 2988 1402 3049 illese
1418 2986 1471 3049 La
1481 3005 1652 3050 onouuo
1665 2986 1861 3072 impetitone
1875 3007 1907 3051 or

644 3065 896 3137 inillecalletaa.
917 3067 965 3128 nti
983 3067 1064 3130 bene
1082 3079 1175 3130 uotet
1188 3069 1459 3142 eorumne.

572 3184 612 3266 4)
638 3183 717 3250 Rem
733 3186 860 3266 ponitur
882 3180 1050 3246 conletilie
1073 3181 1134 3245 lese
1157 3193 1339 3256 antumant,
1364 3183 1448 3247 liea
1475 3183 1697 3266 Cnpitnlntiooe
1717 3181 1854 3264 Cesarea
1879 3191 1907 3247 A

647 3267 754 3412 §.152
779 3267 841 3330 suae
864 3265 1025 3329 sententiae
1047 3264 1286 3330 fundamentum
1310 3267 1481 3330 desumant.
1524 3265 1596 3335 Eu,
1627 3267 1734 3345 ajunt,
1755 3268 1799 3328 ibi
1820 3265 1907 3330 Seter

665 3357 825 3429 ntetreges
839 3363 952 3432 praeter
967 3367 1003 3409 eo
1019 3347 1108 3426 jura.
1130 3352 1247 3428 quaein
1264 3367 1356 3410 aurea
1371 3348 1461 3411 Bulla
1483 3348 1552 3409 lunt
1571 3347 1710 3428 expreiia
1726 3361 1780 3408 eut
1795 3369 1839 3410 ex
1866 3349 1907 3414 l'i

646 3449 715 3491 rum
734 3451 861 3493 munere
875 3431 998 3496 tiuuut.
1023 3430 1059 3490 ab
1073 3427 1268 3512 Imperatore
1282 3428 1462 3494 confirmari
1480 3429 1534 3494 libi
1550 3429 1654 3492 fecere
1666 3433 1761 3492 etiam
1777 3431 1849 3500 iiie.
1872 3450 1907 3512 qn

648 3511 760 3574 iterius
775 3511 828 3575 sibi
846 3533 888 3574 ex
905 3511 1050 3591 ampliori
1069 3513 1329 3592 interpretatione
1344 3511 1554 3574 edieruerunt.
1601 3509 1688 3590 Ergo
1710 3530 1805 3592 quum
1827 3511 1907 3574 secu]

646 3594 699 3674 jus
712 3596 924 3676 primariarurn
939 3611 1065 3675 precum
1081 3596 1250 3658 exercendi
1264 3593 1327 3673 jam
1345 3593 1464 3654 dudum
1480 3596 1720 3674 praetenderint,
1740 3594 1792 3655 iila
1812 3613 1907 3675 qnoqr

647 3689 775 3739 textum
792 3676 1036 3760 Capitulatiouia
1051 3674 1237 3738 contirmeta
1252 3677 1369 3738 censeri
1382 3677 1487 3737 debet.
1530 3676 1586 3737 All
1608 3693 1685 3755 argo
1695 3679 1877 3739 antecedens.

646 3759 763 3820 tulatio
781 3763 864 3821 enirn
890 3757 1026 3820 Caesarea
1046 3757 1181 3822 vicariis
1198 3758 1326 3841 imperii
1340 3756 1409 3836 jure
1433 3758 1582 3838 praetense
1601 3777 1665 3817 nnn
1685 3758 1871 3824 confirmet.
1892 3760 1907 3819 i

647 3859 718 3920 quat
734 3856 795 3901 tarn
811 3863 856 3904 ex
869 3843 973 3904 Aurea
987 3838 1096 3910 Bulla,
1121 3859 1212 3920 quarn
1235 3862 1278 3906 ex
1299 3840 1427 3920 entique
1448 3837 1482 3902 dt
1503 3859 1570 3901 non
1595 3842 1768 3920 interrupta
1785 3839 1907 3902 consuo

645 3921 718 4002 lpfis
732 3937 929 3996 competunt.
974 3919 1095 3981 Deinde
1110 3921 1212 3984 adhuc
1226 3923 1402 3985 notandum
1419 3921 1480 3990 est,
1502 3919 1554 4000 jus
1568 3923 1780 4004 primariorum
1794 3941 1907 4001 precun

646 4023 747 4148 psque
763 4006 904 4068 nondum
919 4023 936 4064 a
952 4001 1082 4068 Vicario
1097 4001 1272 4080 Rhenano,
1293 4005 1344 4069 sed
1360 4006 1389 4068 e'
1401 4002 1566 4068 Santonico
1586 4004 1743 4067 duntaxat
1758 4001 1849 4066 iuil'se
1872 4023 1908 4088 pr

661 4104 722 4152 Um·

1146 4169 1181 4253 5,
1229 4165 1390 4242 XLllI.

352 4306 482 4377 Exerei·
653 4297 811 4372 sufficere
826 4303 895 4372 het
913 4294 1045 4395 poliunt
1058 4296 1097 4368 ed
1114 4299 1363 4393 intelligendam
1375 4301 1461 4397 juria
1478 4303 1715 4396 primariorum
1728 4323 1868 4398 prernrn
1882 4327 1907 4374 co

352 4390 492 4462 tinmlu·
536 4417 687 4467 naturam
703 4402 911 4493 proximum
931 4421 1022 4467 nunc
1037 4394 1102 4480 est,
1127 4420 1165 4468 ut
1178 4397 1380 4472 transeamus
1396 4399 1437 4469 ad
1454 4401 1525 4494 ejus
1541 4404 1734 4470 exercitium
1748 4425 1816 4468 non
1837 4403 1907 4470 min

352 4474 394 4568 '3⁸
410 4474 521 4553 prim·
535 4517 648 4568 curam
661 4497 840 4566 attentione
854 4494 1086 4568 evolvendum.
1108 4502 1273 4566 Exnrerrr
1290 4521 1401 4568 autem
1413 4496 1467 4591 jus
1481 4501 1717 4593 primariorum
1732 4521 1892 4589 precum,

352 4571 490 4722 {¹:3¹}ss
537 4592 582 4668 do
602 4595 793 4694 Imperator
807 4614 846 4667 re
860 4589 929 4687 ipla
943 4587 1120 4689 personam
1143 4594 1392 4697 quamdemqad
1408 4596 1628 4674 oboaeudum
1648 4591 1846 4674 beneficium
1866 4619 1907 4768 er¹
