5017 5592
538 657 613 734 ,ῃ
914 605 917 609 ’
983 595 1557 732 amsuutaT1o

499 829 505 838 ’
537 805 663 890 lentas
691 797 914 881 canonicales
936 820 1055 872 coram
1074 792 1352 894 Eminentiffimo
1377 792 1492 885 nostro
1521 815 1593 894 qua
1629 787 1823 868 Ordinatio
1838 806 1962 894 pertna

540 913 643 997 rint,
676 916 856 1002 acceptata
873 921 1002 999 quoque
1019 893 1065 969 ἕν’
1087 891 1296 982 confirmata
1308 892 1397 982 fuit.
1407 895 1548 989 pravia
1567 887 1675 984 causta
1696 894 1902 993 cognitione
1921 885 1963 965 bo

531 1005 754 1110 permutatio
775 1000 996 1071 authoritate
1016 989 1235 1090 Episcopali5
1260 986 1340 1063 dura
1358 1006 1475 1062 autem
1491 990 1586 1062 alter
1608 986 1731 1065 harum
1740 1003 1963 1087 permutante

540 1096 804 1194 voluitfitmere
814 1090 1037 1193 paffellr'anem
1047 1086 1239 1163 Pralenda
1254 1085 1476 1162 Canonicalis
1482 1112 1529 1159 ex
1529 1089 1793 1186 permutatione
1805 1085 1850 1160 ab
1863 1087 1963 1160 Emit

473 1279 477 1286 ,
542 1199 669 1298 tiffimo
687 1190 878 1267 Ordinatio
890 1187 1097 1279 confirmata
1112 1190 1152 1261 in
1164 1183 1331 1280 Ecclesta,
1353 1179 1413 1258 ubi
1433 1182 1541 1258 adhuc
1555 1183 1660 1258 avide
1674 1179 1893 1285 exspoliabat
1910 1183 1962 1257 Pr

533 1302 594 1394 sta
608 1297 661 1370 lm
685 1287 807 1367 ariolis
819 1283 1007 1363 Prabenda
1020 1290 1184 1359 vacantis
1199 1296 1382 1373 eventum,
1395 1279 1452 1377 fic
1462 1307 1546 1355 mox
1562 1277 1665 1377 hicse
1679 1282 1885 1382 opposuitac
1900 1309 1962 1356 coa

540 1309 788 1496 apprefendam
808 1380 1001 1478 Prabenda
1011 1397 1224 1484 permutata
1239 1379 1462 1479 pofflffionern
1471 1376 1649 1472 stilenaern
1671 1380 1886 1478 interpasttit
1902 1398 1963 1480 pm

418 1496 421 1500 ’
531 1495 742 1591 stationem,
768 1481 934 1558 addenda:
962 1477 1183 1568 Prabendam
1198 1480 1295 1553 illota
1308 1482 1562 1580 questionisex
1571 1482 1963 1578 permutationevacam

533 1591 606 1691 fibi
623 1604 789 1687 tanquam
810 1582 831 1655 I
835 1579 972 1671 'recista
995 1578 1179 1678 imperiali
1195 1594 1262 1676 pra
1276 1574 1528 1674 optionefiotffi
1541 1594 1722 1673 apertam;
1746 1576 1887 1653 dedatia
1897 1577 1963 1670 fut]

541 1684 644 1766 dubio
656 1679 783 1784 procui
791 1677 894 1772 extusa
906 1672 976 1751 hac
991 1676 1207 1765 coutentiafir
1221 1686 1269 1749 aa
1283 1674 1426 1770 Confilri
1440 1675 1641 1774 Imperialis
1652 1675 1763 1750 aulici
1786 1669 1964 1764 Tribunos,

396 1805 399 1810 ·
543 1786 754 1865 Precillam,
780 1777 851 1873 nist
860 1774 931 1848 alio
945 1769 1268 1866 adhibitosalutari
1283 1773 1431 1846 remedia
1445 1769 1568 1847 lisboa
1586 1777 1633 1864 in·
1634 1769 1710 1864 fitis
1718 1768 1897 1849 natalibus
1898 1771 1964 1867 fai

533 1882 735 1982 steffocata;
758 1871 851 1950 haud
851 1871 1031 1969 superflua
1046 1875 1062 1945 i
1088 1875 1167 1944 itur
1182 1874 1258 1944 erit
1271 1873 1387 1962 nostra
1402 1887 1523 1969 opera,
1545 1869 1581 1959 fi
1588 1873 1914 1945 determinationem
1922 1866 1964 1968 lii

542 1972 790 2068 controversia
804 1973 844 2048 in
847 1971 976 2065 firma
990 1897 1154 2072 Italionst
1162 1964 1317 2045 addullis
1332 1969 1554 2073 argumentis
1558 1986 1630 2071 pra
1646 1988 1796 2073 utraque
1805 1982 1914 2071 parte
1932 1994 1964 2044 m>

544 2071 705 2158 tontibus
709 2066 1003 2176 proposuerimus.

1040 2252 1409 2366 CAPUT
1486 2254 1522 2370 Ι.

617 2481 622 2490 ’
704 2482 769 2565 De
789 2470 1053 2587 Argumentis
1071 2495 1150 2581 pro
1174 2470 1346 2588 Ptecista
1365 2471 1566 2581 lmperiali
1586 2469 1874 2568 militantibus.

548 2590 762 2766 Videntur
776 2681 913 2781 quidem
930 2705 995 2780 pto
1011 2676 1152 2753 Precilla
1168 2682 1339 2777 Imperiali
1355 2683 1390 2753 in
1404 2679 1478 2755 casu
1493 2648 1652 2756 substrato
1668 2681 1759 2755 varia
1773 2681 1920 2757 militare
1933 2706 1965 2755 at

549 2814 665 2871 menta
678 2788 792 2886 primo
807 2782 927 2854 obtutu
946 2778 1128 2850 admodum
1141 2775 1303 2879 speciosa,
1330 2780 1363 2852 u
1380 2781 1518 2878 quidam

521 3003 528 3016 ⁸
667 2921 719 3010 1.)
743 2911 858 3013 Ipsum
875 2914 1034 3012 D'ploma
1049 2915 1190 2984 Pretum
1209 2912 1440 3009 imperialium
1451 2913 1665 2997 collativam,
1690 2917 1743 2987 cui
1766 2912 1960 3013 abantiquis

552 3046 608 3099 tro
621 3014 832 3116 temporibus
850 3011 970 3084 inserta
986 3006 1117 3106 l’emper
1130 3008 1254 3105 legitur
1268 3008 1413 3109 expressa
1426 3010 1591 3098 clausula;
1614 3014 1704 3109 quod
1721 3013 1874 3087 Precillae
1886 3007 1965 3088 conti

552 3144 610 3196 tur
621 3124 672 3210 jus
682 3120 724 3187 il
736 3113 910 3202 benefitium
923 3107 1172 3200 Ecclefiotir'tam,
1196 3114 1276 3201 qued
1290 3116 1322 3182 in
1334 3110 1486 3204 presentia
1502 3113 1569 3197 five
1586 3119 1720 3205 proxime
1741 3117 1953 3207 quomodolibet

553 3244 623 3293 cere
636 3227 808 3308 contigeret.
855 3208 923 3279 vid
950 3208 1142 3303 Diplomata
1160 3210 1298 3281 Precum
1314 3210 1544 3307 imperialium
1562 3212 1650 3280 inter
1672 3210 1836 3307 Adjunila
1857 3224 1965 3287 Arri

408 3308 412 3316 ’
555 3313 823 3390 mmmtettonis
836 3310 937 3401 alja
949 3311 1073 3401 primur.
1086 3331 1223 3399 precum.
1249 3307 1282 3378 u
1297 3310 1332 3379 in
1347 3312 1535 3381 Mostar
1560 3304 1748 3398 &eutichen
1765 3309 1966 3395 &tanturn

555 3418 601 3488 Τ,
619 3415 683 3484 111.
700 3412 740 3483 c,
760 3432 816 3499 ³¹·
832 3414 859 3499 ς.
881 3428 938 3495 7¹·
955 3402 987 3476 b.
1035 3402 1129 3473 idem
1142 3400 1341 3491 confirmant
1356 3428 1405 3478 tot
1421 3406 1484 3475 alie
1498 3404 1670 3503 Rescripta
1685 3410 1879 3505 imperialia
1897 3416 1928 3481 in
1945 3404 1966 3478 ft

554 3533 629 3587 rem
650 3502 868 3580 Preciliorum
889 3501 983 3583 data,
1007 3504 1039 3571 vi
1055 3525 1199 3595 quotum
1224 3502 1411 3597 injungitur
1432 3503 1596 3599 Capitulis
1611 3508 1654 3574 eei
1663 3512 1812 3598 primum,
1836 3511 1906 3598 five
1924 3534 1965 3578 mo

554 3613 623 3701 five
643 3608 857 3699 reignatione,
885 3602 953 3690 ,ive
967 3625 1075 3691 que-tm
1097 3605 1155 3669 alio
1179 3605 1264 3672 melo
1286 3602 1469 3674 vitaturum
1492 3604 1661 3688 benefitium
1687 3604 1844 3677 Precillaa
1866 3612 1966 3676 admits

556 3701 656 3782 conf.
672 3697 833 3775 Conclusa
846 3696 980 3777 Confilii
998 3697 1184 3794 lmperialia
1196 3700 1306 3770 Aulioi
1325 3702 1357 3768 in
1371 3705 1453 3770 'Mo
1465 3716 1568 3773 suut
1586 3699 1775 3792 ututsdten
1794 3701 1964 3787 &tantae

556 3817 630 3880 titv
645 3802 687 3872 tle
702 3809 744 3872 A.
767 3821 870 3889 ¹752·
893 3800 926 3868 P.
943 3801 970 3867 1.
987 3821 1018 3892 p.
1038 3806 1094 3867 61.
1119 3793 1188 3893 leq.
1233 3795 1359 3895 Qtodfi
1381 3799 1485 3890 igitur
1505 3797 1655 3869 Precillae
1675 3803 1847 3898 imperiali
1872 3801 1966 3874 tribu:

556 3900 611 3998 ju's
627 3898 668 3970 ad
684 3892 896 3996 praebendam
906 3897 1141 3985 quomodolibet,
1167 3893 1428 3991 seuquatunque
1440 3897 1569 3966 ratione
1583 3919 1773 3982 vacantem,
1798 3896 1840 3972 fit
1851 3899 1964 3973 &illic

431 4015 436 4024 ’
557 3997 717 4096 petetjut
735 3994 775 4065 ad
792 3988 1005 4061 trahendam
1020 4017 1059 4063 ex
1078 3995 1187 4087 capite
1210 3994 1466 4089 permutationis
1489 4017 1683 4077 vacantem,
1708 4021 1786 4070 tum
1806 4002 1896 4070 inter
1916 3997 1966 4095 spe

557 4095 738 4166 vacationis
758 4086 1016 4164 Praebendarum
1039 4095 1200 4183 (quarum
1219 4090 1356 4180 triginta
1376 4111 1530 4162 numerat
1549 4093 1790 4167 usturam
1811 4099 1846 4168 in
1862 4092 1966 4168 Trai]

558 4195 655 4284 Regia
669 4190 923 4260 nominationem!
937 4192 1048 4281 prelat.
1067 4193 1099 4278 §.
1118 4184 1416 4276 monosteriivetbot
1448 4187 1820 4282 VeteatibarJteferatur
1832 4219 1966 4291 quoque

558 4288 647 4361 'tatio
662 4309 701 4358 eu
715 4290 823 4381 capite
840 4289 1113 4382 permutationis:
1134 4282 1223 4356 reite
1237 4286 1327 4357 enim
1341 4303 1615 4379 argumentamur
1628 4287 1668 4359 ab
1682 4290 1859 4365 universali
1880 4294 1919 4365 ad
1935 4318 1967 4389 pi

560 4385 692 4467 tulare,
719 4382 799 4453 dum
814 4406 917 4473 genua
933 4387 1081 4455 eontinet
1093 4408 1209 4456 omnes
1223 4381 1295 4456 suos
1310 4381 1433 4483 species
1454 4385 1488 4457 u
1502 4383 1688 4487 propofitio
1708 4373 1882 4466 indefinita
1903 4417 1967 4489 aeqt

561 4481 608 4557 let
621 4475 796 4555 universali
815 4502 876 4573 per
891 4483 1053 4552 axiomata
1072 4480 1355 4590 l’hilosophorum
1372 4488 1515 4557 notoria.

588 4627 593 4638 ·
676 4610 744 4720 11.)
768 4609 804 4685 si
818 4603 910 4685 casita
923 4617 1179 4709 permutatiooia
1195 4612 1384 4692 trabeata
1399 4616 1441 4695 ab
1455 4613 1580 4700 effeuu
1590 4620 1830 4721 primitiarum
1840 4647 1967 4726 pteron
