5017 5592
591 616 661 693 or
676 617 806 718 Jurttc
826 616 1092 698 cnnsntro
1114 617 1486 706 Pntttnntrttunr
1508 630 1726 719 sumunt.
1823 659 1895 737 ιο]

374 813 378 819 “
413 794 511 871 eislas
528 823 648 872 verum
658 797 768 893 jurad
784 796 983 874 beneficium
997 798 1133 896 aliquod
1148 804 1293 877 derivari
1309 811 1425 904 cepit,
1445 834 1507 906 per
1523 835 1668 887 mortem
1683 817 1895 895 concedentis

412 895 552 971 Caesaris
568 897 652 968 illud
668 892 795 986 auserri
811 922 870 969 nec
887 897 927 968 ab
950 897 1099 972 Ecclefiis
1117 902 1150 974 dt
1172 904 1388 977 collatoribus
1403 910 1581 982 ordinariis
1596 910 1634 1007 b)
1652 938 1768 1011 utpote
1790 944 1807 988 a
1822 922 1896 1014 qui·

412 994 472 1068 bus
497 993 666 1091 precillae,
695 991 782 1067 folle
799 999 931 1070 vivente
945 997 1052 1070 adhuc
1064 1002 1276 1096 imperatore
1290 1004 1525 1089 insinuatione,
1551 1013 1593 1081 ad
1608 1011 1765 1084 beneficia
1785 1013 1897 1113 capes·

411 1091 510 1167 seode
527 1090 625 1165 fuere
639 1089 766 1164 adnnffi
774 1144 783 1176 ,
809 1119 869 1167 nec
885 1092 992 1190 ajure
1005 1094 1163 1169 consultu
1176 1096 1241 1171 fuit
1254 1102 1441 1197 judicatum
1457 1108 1490 1197 c)
1506 1112 1563 1201 qui
1579 1112 1702 1182 merito
1719 1113 1753 1181 in
1769 1111 1896 1187 senten·

413 1196 494 1266 tiem
510 1191 596 1265 ltanc
611 1185 832 1264 affirmantem
848 1191 1018 1278 abierunt,
1038 1200 1237 1281 erratione,
1258 1200 1368 1295 quod,
1393 1204 1678 1297 quemadmodum
1694 1209 1766 1281 alite
1780 1216 1896 1302 gratiae

413 1290 443 1363 dt
468 1290 650 1386 prtvilegia
665 1285 742 1361 ablu
757 1285 902 1363 concessa
917 1314 979 1386 per
996 1317 1141 1366 mortem
1155 1297 1367 1371 concedentis
1382 1325 1449 1372 non
1465 1302 1648 1389 tolluntur,
1674 1331 1713 1379 re
1725 1312 1824 1380 etiam
1844 1315 1894 1383 in·

412 1412 524 1481 tegra,
551 1386 584 1460 dt
608 1385 819 1485 presentatio
840 1388 989 1481 legitime
1012 1387 1098 1463 fella
1119 1417 1138 1463 a
1156 1418 1301 1491 petrono
1323 1423 1389 1469 non
1414 1400 1546 1473 videtur
1565 1400 1754 1499 exspirare,
1784 1405 1841 1482 etll
1865 1411 1894 1483 ie

412 1509 488 1558 tute
510 1482 752 1558 institutionem
775 1484 962 1584 presentati
985 1512 1004 1560 e
1025 1492 1108 1561 vivis
1133 1492 1295 1577 decedat,
1334 1498 1379 1568 ita
1408 1501 1535 1593 puriter
1563 1503 1733 1594 primarie
1765 1516 1893 1596 preces,

413 1609 487 1681 ‘1²¹²
513 1579 536 1653 fi
558 1609 625 1656 ¹¹⁰⁰
650 1578 791 1666 f⁰¹¹l⁰⁸2
825 1581 939 1657 saltem
963 1586 1089 1682 ⁸2‘lulli
1108 1586 1181 1683 jub
1220 1592 1511 1692 representatis,
1549 1605 1720 1675 nominato
1743 1605 1894 1691 tradunt,

413 1705 524 1755 morte
539 1685 760 1780 imperatoris
774 1707 841 1754 non
856 1686 1102 1777 extinguantur.
1143 1713 1156 1734 .

454 1850 495 1929 a)
515 1846 564 1910 De
581 1847 652 1930 jure
666 1848 756 1947 print.
773 1867 856 1933 pree.
873 1849 950 1914 thes
966 1872 1032 1936 113.

450 1965 490 2049 lv)
512 1963 548 2029 Id
571 1965 668 2047 ipsum
694 1966 871 2031 luculenter
892 1965 1072 2034 confirmatl
1117 1969 1199 2034 otest
1220 1993 1264 2036 ex
1285 1972 1434 2037 moderna
1451 1973 1659 2044 Ecclesiamtu
1680 1980 1772 2064 prsxl
1784 2023 1794 2055 ,
1825 2003 1894 2048 non

527 2068 637 2131 paucae
658 2062 748 2112 etant
768 2069 876 2132 preces
899 2052 1054 2131 ptimetiae
1104 2053 1182 2116 stoli
1206 2054 1278 2119 Vll.
1294 2053 1517 2136 Imperatoris,
1539 2080 1610 2142 quae
1628 2083 1669 2124 eo
1684 2067 1716 2127 in
1735 2066 1823 2129 vivis
1843 2066 1894 2130 su·

510 2130 689 2213 ⁴superstite
705 2135 838 2195 necdum
855 2136 1041 2198 executioni
1058 2136 1123 2197 dari
1162 2146 1307 2212 oterant,
1333 2138 1402 2220 post
1419 2141 1489 2204 e'us
1507 2158 1612 2206 tamen
1631 2147 1754 2209 obitum
1773 2149 1893 2213 benefi-

527 2214 569 2276 cii
585 2215 639 2275 vel
653 2212 866 2278 canonicatus
885 2220 1029 2281 vacantis
1045 2156 1190 2298 possessio
1206 2222 1237 2281 vi
1256 2240 1382 2302 precum
1399 2161 1582 2305 tdapitttlis
1599 2227 1737 2370 pperistis
1753 2229 1797 2291 est
1813 2252 1893 2293 con-

1636 2310 1794 2391 tugensis,
1814 2315 1892 2378 item

528 2294 625 2369 cesse,
649 2312 685 2357 ut
702 2297 799 2360 docet
817 2299 998 2377 exemplum
1020 2298 1223 2363 novissimum
1238 2302 1384 2366 Ecclesiae
1397 2304 1587 2388 Collegistae

527 2375 678 2441 Ecclel'tae
694 2378 889 2443 cathedralis
906 2380 1151 2463 Herbipolentis.

456 2500 490 2581 c)
509 2498 683 2595 ltqtenent
700 2495 867 2560 Fritseltius
884 2494 924 2558 tle
938 2495 1008 2577 jure
1022 2499 1189 2597 primorum
1205 2515 1340 2598 ptequm'
1353 2521 1421 2601 cap.
1437 2500 1478 2567 ll.
1494 2522 1524 2568 n.
1541 2525 1592 2589 51.
1611 2504 1823 2577 Stoechenius
1836 2513 1891 2596 eit,
1922 2529 1931 2536 “
2017 2489 2022 2496 ’

527 2577 651 2644 Dtffett.
670 2576 760 2641 Thes.
778 2600 828 2665 70·
852 2577 1061 2646 Schtoetetue
1076 2578 1199 2645 Dtssett.
1217 2585 1257 2646 de
1272 2602 1342 2665 Jure
1357 2604 1480 2668 ptttntr.
1496 2606 1624 2670 precum
1645 2610 1712 2673 cap.
1730 2591 1770 2659 V.
1791 2599 1818 2674 ς.
1832 2595 1892 2661 ult.
1959 2631 1962 2636 -

526 2661 691 2726 Cottteius
709 2662 867 2725 observat.
886 2664 924 2725 td
945 2662 1106 2729 Concord.
1129 2684 1197 2812 cap.
1219 2666 1260 2730 ll.
1282 2687 1313 2730 n.
1357 2686 1386 2751 3.
1408 2665 1544 2750 &seqq
1567 2672 1709 2755 Aytetue
1726 2677 1779 2739 cit
1799 2697 1893 2741 cont·

527 2756 626 2810 ment.
653 2745 694 2808 tle
718 2745 789 2827 jure
812 2746 901 2828 prim.
927 2765 1011 2827 pree.
1038 2767 1108 2831 cap·
1136 2745 1166 2817 V

917 2827 925 2843 ⁶
1184 2793 1193 2815 .
1220 2749 1254 2833 S.
1386 2748 1561 2817 Laureolus
1586 2774 1618 2838 p.
1642 2772 1673 2822 2.
1697 2755 1761 2824 sor.
1787 2758 1891 2827 benes.

529 2825 815 2913 Schmalzgruebet
832 2826 867 2892 dt
885 2827 949 2894 rui.
1220 2833 1226 2846 “
1601 2837 1606 2846 ’

1078 2990 1113 3078 t.
1165 2982 1219 3060 tt.

530 3139 684 3210 Priorem
707 3133 922 3234 quellionem
946 3138 1048 3210 ultera
1076 3140 1217 3234 excipit,
1237 3160 1363 3232 smper
1386 3141 1632 3211 revocationem
1652 3163 1671 3209 a
1696 3137 1824 3214 Cesare
1841 3136 1860 3214 s
1875 3184 1892 3201 ·
1967 3139 1975 3146 ’

416 3231 571 3329 banjos
591 3235 738 3331 precillae
755 3238 912 3320 tollatur3
936 3263 1001 3332 qua
1016 3239 1058 3309 de
1083 3262 1119 3307 re
1135 3240 1230 3332 pauci
1248 3237 1289 3307 de
1317 3240 1488 3331 primariis
1512 3235 1666 3334 precibus
1690 3264 1892 3313 commenta·
1912 3307 1917 3316 .

416 3357 501 3405 tores
523 3334 650 3430 ahquid
669 3331 884 3433 scripserunt:
906 3360 979 3407 earn
996 3339 1106 3427 attigit
1121 3335 1349 3414 Schroeterus,
1375 3333 1408 3405 dt
1424 3339 1571 3406 revocari
1589 3332 1676 3431 posse
1690 3362 1805 3431 preces
1821 3340 1889 3435 pri·

414 3436 533 3503 marias
552 3436 597 3501 ob
623 3434 895 3523 ingratitudinem
914 3432 1080 3530 preciste,
1099 3432 1177 3506 sicut
1191 3457 1307 3503 omnes
1329 3432 1541 3514 donationes,
1562 3431 1750 3505 observavit
1768 3438 1802 3526 a)
1831 3439 1892 3509 hac

415 3532 441 3600 in
460 3555 499 3602 re
521 3527 677 3601 dillinile
700 3531 836 3604 dtclsre
868 3532 1118 3627 procedendum
1138 3529 1200 3602 cll:
1224 3533 1337 3621 primo
1358 3527 1501 3601 assevero
1523 3555 1588 3600 non
1608 3527 1705 3695 posse
1728 3530 1892 3606 caesareni

414 3652 572 3699 revocare
587 3624 658 3698 l'u‘as
677 3653 791 3724 preces
806 3654 870 3724 pto
888 3629 1014 3711 lubitu,
1037 3630 1068 3702 dt
1088 3634 1120 3699 in
1136 3629 1292 3699 omnibus
1311 3626 1586 3722 circumstantiis,
1621 3631 1698 3696 tcuti
1714 3654 1773 3699 nec
1793 3656 1811 3699 a
1834 3632 1893 3700 do·

415 3749 511 3795 nsnte
532 3726 747 3808 donationes,
772 3753 831 3798 nec
848 3728 1022 3823 privilegia
1044 3753 1061 3799 e
1080 3726 1281 3798 concedente
1302 3726 1435 3795 eadem:
1461 3747 1523 3818 per
1564 3748 1654 3796 seces
1676 3730 1765 3796 enim
1779 3726 1833 3821 jus
1849 3725 1892 3799 ad

414 3820 613 3894 beneficium
628 3821 673 3893 esl
693 3824 840 3920 precillae
863 3822 1052 3920 questtum,
1075 3824 1165 3921 quod
1182 3820 1247 3895 stne
1263 3819 1347 3916 julla
1367 3817 1460 3892 cause
1482 3749 1608 3895 aulbtri
1628 3826 1762 3919 nequit,
1782 3849 1891 3921 neque

414 3918 580 4015 Msjelleti
598 3919 754 3993 Cessreae
774 3922 806 3992 id
834 3927 1047 3995 conveniret:
1070 3925 1146 3994 dein
1161 3918 1387 4019 supponamus
1407 3944 1541 4016 turpem
1562 3947 1579 3992 a
1599 3918 1736 4017 precisis
1756 3924 1891 4015 ingrati·
1976 3981 1980 3986 .

415 4020 539 4091 tudinis
560 4042 673 4090 notem
695 4020 851 4092 adverlus
875 4018 1038 4092 cesarem
1061 4021 1230 4102 contrahi,
1254 4018 1472 4090 nihilominus
1492 4015 1677 4091 indistindle
1700 4044 1816 4115 preces
1835 4046 1893 4094 re·
1993 4107 1997 4116 ι
2107 4021 2113 4028 ’

414 4120 523 4191 rocsri
547 4142 614 4203 oon
637 4114 748 4212 polle,
772 4120 805 4189 in
827 4119 1008 4215 propatulo
1024 4117 1095 4201 est,
1120 4120 1269 4215 alioquin
1290 4114 1363 4212 poll
1386 4113 1507 4188 fodiam
1524 4119 1555 4186 vi
1576 4140 1714 4213 precum
1738 4115 1891 4194 beneficii

415 4216 626 4287 collationem
639 4215 716 4311 jure
731 4214 789 4288 suo
805 4214 944 4312 precilla
964 4220 1147 4298 excideret,
1171 4216 1203 4289 dt
1219 4219 1252 4286 in
1275 4212 1466 4311 polseffione
1480 4213 1569 4283 haud
1585 4211 1663 4285 esset
1677 4238 1891 4290 manutenen-

417 4313 489 4392 dus,
514 4314 552 4383 id
564 4313 657 4408 quod
678 4337 822 4385 tamena
845 4340 926 4387 vero
951 4314 1001 4385 vel
1028 4319 1169 4385 maxime
1193 4313 1336 4394 recedit,
1362 4334 1421 4385 nec
1446 4305 1659 4408 presentetur
1684 4336 1825 4408 patrono
1841 4320 1891 4387 in·
1965 4371 1969 4382 .

416 4407 549 4504 signiter
577 4414 726 4503 ingratus
746 4410 819 4509 poll
842 4412 1081 4485 institutionem
1104 4415 1322 4491 canonicam,
1349 4435 1410 4505 per
1436 4412 1708 4491 revocationem,
1729 4409 1750 4482 li
1778 4437 1891 4509 quea

415 4532 557 4605 patrono
579 4506 693 4592 fieret,
715 4511 789 4605 jure
805 4509 863 4582 suo
880 4514 1006 4608 privari
1029 4510 1152 4604 potell:
1176 4514 1281 4599 igitur
1303 4508 1392 4579 idem
1416 4506 1540 4605 absque
1561 4507 1663 4581 dubio
1686 4511 1727 4581 de
1749 4508 1891 4606 precisis

413 4608 678 4682 concludendum
699 4613 783 4685 etit:
804 4609 941 4686 dentum
955 4606 1125 4720 difficilior
1144 4603 1354 4684 videturesse
1371 4606 1524 4708 questio,
1549 4633 1588 4682 an
1600 4631 1719 4707 preces
1736 4631 1810 4775 cnsp
1822 4606 1890 4719 cpl-

1808 4725 1889 4779 auu·
