5017 5592
587 656 659 738 or:
675 655 804 757 June
821 614 1093 734 caisnueo
1118 645 1491 736 animamarum
1510 655 1732 748 runcum
1828 681 1901 767 ιο,
1954 752 1957 756 ,
2010 643 2015 649 ’

527 858 600 904 cere
623 836 737 921 potest.
780 837 861 902 Nam
882 835 928 916 lic,
942 836 969 901 Ι.
994 833 1247 922 potestprecista'
1261 839 1294 903 in
1315 838 1463 904 favorem
1479 823 1648 924 Episcopi,
1676 823 1736 905 vel
1754 841 1899 917 lornarii,

527 923 582 986 vel
605 923 736 984 alterius
758 920 899 1001 perionae
918 919 1131 1001 supersedere,
1154 944 1198 984 ex
1218 943 1284 1006 quo
1301 924 1457 1005 sequentis
1475 922 1621 987 beneficii
1642 925 1789 988 vacentie‘
1801 924 1904 987 colle·

527 1006 593 1068 tori
616 1024 681 1067 uou
699 1003 775 1066 leve
796 1003 930 1065 infertor
952 1005 1120 1073 damnum,
1148 1007 1218 1085 qui,
1247 1005 1414 1088 lipreciste
1433 1006 1568 1088 primurn
1583 1025 1700 1070 vacent
1714 1025 1787 1070 ecce
1811 1004 1903 1078 taiset
1953 1051 1956 1058 ,

423 1171 425 1175 Ι
526 1086 735 1158 beneficium,
769 1085 833 1167 jam
853 1086 939 1149 illius
962 1086 1092 1149 liberam
1116 1084 1246 1151 luberet
1268 1088 1492 1162 collationem,
1524 1089 1556 1151 id
1577 1088 1663 1188 quod
1684 1027 1906 1172 praejudicium

527 1167 656 1244 crescit,
677 1170 748 1250 quia
766 1172 798 1231 iu
818 1166 959 1249 pluribus
979 1165 1127 1231 Eccleliis
1141 1187 1206 1230 oon
1228 1191 1245 1230 a
1266 1169 1594 1252 Capitulisecornmunr
1611 1170 1762 1245 cooiilio,
1784 1168 1818 1234 dr
1837 1191 1901 1235 vo-

525 1253 570 1315 tis
592 1251 720 1314 collatis
741 1248 912 1323 beneficia,
941 1249 992 1312 sed
1007 1248 1078 1332 jure
1096 1254 1182 1315 turni
1204 1251 1391 1317 introdudto
1411 1250 1606 1317 rTurnuriir
1622 1255 1752 1316 nornine
1764 1253 1905 1334 Capituli

444 1362 448 1367 ·
527 1334 629 1397 solum
643 1330 860 1414 conferuntur.
910 1329 1200 1414 li.quodptimum
1216 1335 1905 1417 vacrnsnonteneaturprecistaacceptrre,

527 1418 598 1479 ense
612 1419 768 1498 praebetur
787 1418 967 1498 importune
982 1415 1168 1478 sollicitandi
1184 1436 1243 1501 pro
1258 1419 1381 1499 pueris,
1404 1420 1536 1505 quinon
1546 1437 1626 1479 raro
1643 1416 1745 1480 solent
1765 1438 1819 1500 per
1832 1435 1906 1564 pre·

528 1519 581 1563 ees
597 1499 754 1561 nominari
768 1501 864 1574 etiem
879 1498 916 1559 ed
932 1519 985 1561 ere
1002 1496 1228 1572 Ecclestrs,'in
1243 1500 1357 1580 quibus
1375 1502 1408 1562 vi
1424 1500 1612 1564 statutorum
1631 1498 1663 1561 dt
1679 1500 1816 1563 Concilii
1863 1501 1907 1565 ri·

527 1582 650 1645 demini
670 1581 831 1644 observati
852 1590 938 1643 certe
960 1591 1039 1642 aetas
1063 1579 1187 1656 (forsan
1203 1584 1376 1645 intervallo
1399 1582 1535 1666 plurium
1558 1601 1713 1644 annorum
1729 1583 1768 1645 ab
1781 1583 1821 1645 iia
1839 1600 1906 1645 non
1951 1593 1969 1606 ““

530 1665 734 1747 attingenda)
748 1664 943 1745 requiritur,
966 1665 995 1725 id
1018 1665 1103 1743 quod
1127 1663 1182 1727 SS.
1202 1667 1377 1728 canonibus
1398 1683 1462 1725 nou
1483 1683 1591 1749 parum
1616 1666 1659 1727 eii
1679 1664 1824 1729 difforme
1845 1662 1905 1732 ΙΙΙ.

528 1747 640 1810 illicita
660 1746 864 1827 mercimonia
887 1745 1133 1817 translationes,
1171 1745 1205 1807 dt
1225 1749 1311 1809 varia
1328 1747 1496 1812 simoniaca
1517 1747 1604 1829 pat'ta
1622 1750 1715 1811 circa
1738 1749 1905 1823 beneficia,

530 1826 754 1892 obstetricante
767 1829 922 1890 mundana
940 1827 1056 1907 privati
1072 1831 1251 1905 compendii
1270 1831 1431 1910 quaereudi
1448 1839 1533 1903 arte,
1560 1832 1591 1893 in
1606 1830 1728 1903 lucem,
1754 1848 1819 1892 nou
1833 1831 1906 1894 ebe·

501 1910 964 1993 ·que'muitipliciscanda10.
995 1911 1242 1990 protruduntur;
1274 1914 1331 1972 alie
1355 1911 1906 1994 uttuceammaleindepropullu·
1955 1957 1958 1962 -
2034 1909 2043 1916 “
2131 1907 2137 1918 “

531 1995 639 2056 lautia.
684 1992 742 2055 Hir
758 1993 848 2053 melis
862 1993 981 2053 medela
997 1990 1146 2054 facillime
1162 1995 1260 2074 parari
1275 1991 1393 2074 posset,
1415 1993 1487 2056 srea
1504 1995 1631 2056 libertae
1649 2016 1693 2057 ex
1709 2006 1823 2057 tenore
1835 2012 1908 2077 pte·

533 2075 605 2139 cum
629 2075 835 2137 Caeiereatum
856 2073 1113 2153 restringeretur,
1144 2094 1289 2155 comper
1310 2077 1466 2155 ejusmodi
1487 2074 1660 2156 expreffam
1677 2077 1709 2138 iu
1725 2076 1793 2138 calu
1808 2077 1906 2158 perti·

533 2159 633 2221 colari
655 2156 768 2220 faciam
784 2179 801 2215 ι
815 2156 936 2218 Caeiare
950 2157 1173 2218 limitationem
1187 2157 1266 2219 nihil
1279 2158 1357 2235 juria
1372 2158 1425 2242 ipli
1442 2157 1627 2232 decederet,
1657 2158 1707 2221 sed
1724 2160 1832 2239 potius
1849 2178 1907 2221 vr-

445 2274 450 2280 ·
534 2241 590 2304 riir
606 2238 767 2306 fraudibus
781 2239 866 2301 viam
882 2238 1100 2320 praecluderet.
1142 2236 1204 2300 Sed
1220 2237 1291 2302 haec
1307 2241 1446 2322 optanda
1458 2239 1544 2311 sunt,
1565 2258 1631 2301 non
1645 2238 1864 2324 exspectanda.

461 2345 500 2443 ι)’
517 2358 602 2443 Vide
623 2357 784 2439 praejudic.
806 2356 903 2421 letor.
926 2354 1102 2438 salisburg.
1128 2366 1165 2419 ut
1187 2354 1285 2420 reiert
1309 2356 1445 2422 Hermer
1465 2356 1552 2442 supra
1570 2357 1624 2424 cit.
1641 2353 1733 2425 trost.
1756 2351 1907 2441 Crp.X1.

537 2460 567 2523 q.
579 2458 631 2523 54.
648 2459 679 2503 n.
696 2442 748 2525 63.
791 2438 965 2505 Reiuhrrtii
981 2433 1106 2504 Dissert.
1121 2438 1177 2505 cit.
1190 2446 1215 2523 §.
1228 2438 1273 2506 X.
1368 2527 1372 2532 ⁵
1443 2474 1452 2488 ·

1103 2634 1133 2725 §-
1183 2633 1231 2708 Χ.

483 2805 490 2816 ·
538 2787 644 2862 Haud
658 2788 785 2862 inutilis
800 2785 937 2883 insuper
952 2789 1081 2861 tutione
1096 2789 1231 2861 termini
1247 2787 1346 2860 unior
1362 2783 1482 2860 meniis
1497 2786 1538 2860 ad
1553 2785 1791 2886 acceptandum
1807 2786 1911 2878 bene.

418 2888 537 2963 ficium
554 2914 670 2960 vacans
687 2884 834 2985 preciilae
851 2885 918 2959 dati
935 2885 1071 2980 quellio
1087 2888 1216 2958 moveri
1233 2884 1358 2983 poreil,
1377 2910 1490 2956 utrum
1506 2889 1534 2958 is
1549 2889 1648 2959 etiam
1665 2910 1777 2960 curret
1791 2912 1908 2964 contra

417 2992 588 3060 minorem
613 3011 670 3075 25.
693 2987 804 3066 annis,
836 3008 892 3056 aut
915 2986 1017 3056 alium
1039 2984 1188 3076 legitime
1209 2983 1509 3079 impedimentum,
1543 2988 1662 3070 itaut,
1689 2983 1712 3057 fi
1738 2986 1793 3060 hic
1820 2989 1908 3060 intre

418 3082 567 3157 mensem
584 3109 649 3155 non
667 3088 846 3180 acceptarit
860 3077 1058 3154 beneficium
1073 3105 1205 3162 racana,
1222 3083 1287 3152 hoc
1303 3079 1410 3177 ipsum
1428 3080 1552 3177 postea,
1576 3080 1638 3155 lire
1654 3109 1707 3156 tes
1723 3081 1760 3155 fit
1776 3088 1908 3177 integra

418 3181 482 3255 lire
505 3208 591 3265 non,
616 3208 634 3252 a
655 3183 816 3253 collatore
838 3182 1010 3251 ordinario
1034 3203 1150 3273 petere
1175 3179 1312 3252 valeat?
1352 3178 1508 3250 videntur
1525 3188 1670 3253 Antores
1692 3186 1905 3255 communius

418 3281 483 3353 hoc
506 3276 648 3352 ellerere
668 3285 701 3370 a)
725 3304 762 3349 ex
786 3279 933 3360 rarione,
960 3278 1051 3377 quod
1077 3301 1209 3372 tempus
1232 3277 1273 3347 ad
1296 3299 1424 3347 certum
1447 3277 1556 3350 nilum
1573 3279 1746 3372 prefixum
1763 3280 1905 3353 durante
1941 3303 1945 3310 ·

419 3381 555 3450 minore
579 3402 690 3459 erare,
723 3402 779 3449 aut
801 3378 952 3469 legitimo
973 3376 1215 3472 impedimento
1240 3399 1305 3444 non
1330 3398 1453 3447 currat.
1474 3378 1508 3466 l)
1558 3382 1688 3448 Verum
1714 3379 1775 3448 hac
1796 3381 1830 3447 in
1853 3377 1906 3465 re,

420 3500 456 3549 ut
478 3478 557 3573 quis
574 3500 647 3547 tuto
666 3475 814 3557 incedat,
837 3473 986 3547 consulat
1005 3468 1129 3544 neeell‘e
1143 3469 1188 3544 est
1202 3469 1339 3555 statuta,
1366 3471 1402 3542 dr
1417 3471 1669 3546 consuetudines
1686 3472 1906 3547 Ecclestarum

422 3576 634 3655 Germaniae,
660 3598 700 3644 en
717 3598 783 3643 non
798 3575 867 3645 haec
889 3572 1081 3666 ssmpliciter
1097 3569 1271 3641 excludant
1289 3567 1445 3665 precistas
1463 3594 1699 3666 quoscunque,
1726 3575 1827 3643 etiam
1845 3574 1907 3644 mi·

421 3697 539 3755 nores,
563 3674 665 3743 etiem
682 3672 831 3763 legitime
846 3672 1026 3758 impeditos
1046 3694 1063 3737 a
1079 3666 1312 3739 consecutione
1327 3664 1496 3747 beneficii,
1522 3664 1636 3763 iiquod
1653 3672 1739 3740 intra
1757 3667 1902 3741 mensem

422 3796 488 3839 nnn
505 3791 729 3865 receptarunt.
776 3771 876 3840 Talia
893 3766 1069 3839 staturavel
1085 3764 1338 3837 consuetudines
1356 3762 1411 3833 ubi
1429 3767 1559 3856 vigent,
1585 3790 1626 3837 eo
1642 3768 1746 3856 magis
1762 3769 1906 3837 retinen·-

423 3868 471 3938 dae
492 3865 566 3941 sunt
581 3890 738 3961 tunquam
754 3866 955 3949 laudabiles,
982 3890 1051 3936 tum
1068 3864 1158 3959 quod
1176 3887 1292 3960 preces
1309 3866 1511 3956 ceteroquin
1526 3862 1593 3956 juri
1612 3864 1799 3935 collationis
1815 3864 1908 3934 ordi·

423 3969 524 4038 narie
547 3964 939 4061 adversentur„srntque
961 3962 1176 4037 collatoribus
1199 3961 1379 4032 ordinariis
1400 3959 1540 4042 odiose,
1574 3986 1672 4057 atque
1698 3962 1775 4031 ideo
1796 3959 1907 4034 restri-

424 4060 571 4135 itionem
594 4064 693 4134 talem
733 4067 899 4140 otiantur:
933 4086 1003 4134 tum
1021 4061 1113 4159 quod
1132 4062 1249 4132 exinde
1266 4058 1415 4159 precistae
1430 4060 1487 4131 tali
1503 4061 1555 4129 via
1572 4060 1660 4131 aliud
1678 4084 1793 4132 vetans
1809 4059 1907 4133 bene·
2014 4087 2018 4096 ·

425 4160 539 4233 ficium
559 4088 732 4231 obtinencii
753 4186 819 4231 non
844 4158 881 4231 sn
899 4160 1073 4258 praeclusa,
1106 4159 1249 4256 proinde
1266 4182 1393 4230 tantum
1408 4160 1441 4228 in
1457 4181 1536 4228 eum
1552 4183 1619 4227 non
1636 4158 1799 4230 redundet
1818 4159 1909 4230 dam·

426 4256 632 4340 num,1&sr
658 4258 750 4353 quod
772 4258 848 4329 inde
871 4254 1023 4339 sentiret,
1050 4281 1087 4327 ut
1109 4280 1147 4327 ut
1161 4256 1226 4327 fine
1243 4257 1360 4352 culpa,
1385 4279 1495 4327 tamen
1511 4253 1658 4341 nonline
1676 4255 1769 4333 cause
1789 4254 1911 4330 sentire

427 4357 587 4429 dicendus
611 4355 666 4436 sit,
697 4381 771 4427 cum
797 4358 859 4428 lroc
876 4354 1031 4428 inserviat
1047 4350 1271 4425 conservando
1284 4354 1351 4448 juri
1367 4352 1565 4423 collatorum
1582 4355 1849 4435 ordinariorum,
1874 4352 1924 4426 δι’

427 4456 602 4527 evitandis.
616 4453 730 4525 litibus
745 4452 902 4525 Ecclesiae
917 4456 1004 4524 inter
1021 4454 1061 4524 dr
1087 4450 1241 4549 precilias
1257 4447 1354 4523 facile
1370 4477 1436 4522 non
1454 4448 1519 4522 stne
1538 4454 1663 4545 ingenti
1686 4450 1819 4549 sumptu
1839 4475 1912 4522 mo·

394 4554 404 4601 7
426 4554 555 4625 vendis.
607 4557 700 4626 Nam
724 4553 949 4648 supponemus
975 4548 1173 4623 beneficium
1195 4573 1331 4632 racana,
1363 4552 1449 4620 intra
1473 4549 1618 4622 mensem
1647 4578 1664 4621 a
1688 4548 1826 4646 precista
1841 4572 1910 4619 non

426 4674 655 4752 acceptatum,
685 4649 748 4727 elle
760 4651 829 4749 jam
845 4649 1004 4724 collatum
1018 4649 1112 4726 elteri
1124 4646 1140 4737 ,
1159 4645 1234 4822 sape
1247 4669 1308 4718 nec
1324 4646 1489 4736 collator,
1510 4673 1570 4725 nec
1586 4650 1661 4735 ille,
1680 4651 1735 4721 cui
1749 4647 1909 4817 collatupp

1128 4819 1135 4831 ,
1226 4768 1292 4825 cz
1852 4766 1870 4821 e
1898 4793 1910 4830 ,
