5017 5592
825 631 896 712 nii
915 629 1213 712 invocaris
1239 625 1644 706 acciasiasricis.
1891 639 1962 726 485
2102 609 2106 618 '

527 809 693 884 Nachdem
708 812 781 876 abet
799 832 876 884 nne,
899 815 945 877 ela
960 812 1144 878 Romischen
1163 807 1282 894 Kayser
1299 809 1362 871 und
1387 806 1538 871 Obersten
1556 806 1648 889 Vogt
1668 806 1723 868 det
1745 801 1965 886 criristenben,

603 915 660 957 aua
680 895 889 978 aufetlegteiii
915 898 1010 959 Ambt
1035 897 1214 977 gebi'ibtet,
1238 893 1302 954 wie
1324 896 1396 955 wilt
1425 909 1484 951 una
1507 889 1586 950 ancli
1611 887 1764 968 bchuldig
1794 891 1965 968 erkeoneu,

601 977 661 1041 deii
678 977 882 1041 christlichen
899 978 1060 1048 Glauben,
1079 981 1143 1040 wie
1161 975 1291 1040 deibibi
1335 971 1434 1035 durch
1456 972 1507 1035 die
1530 971 1823 1054 Heiligeigemeiiie
1846 971 1964 1034 Christ·

601 1059 685 1204 gcbe
706 1057 864 1125 Kiiciibii
883 1060 979 1125 tabet
991 1059 1111 1124 ebtlich
1131 1058 1194 1122 und
1210 1057 1305 1123 ibblic
1341 1054 1493 1138 gehalten
1511 1055 1574 1118 und
1589 1055 1788 1138 vollzogen,
1809 1069 1854 1118 zu
1866 1053 1966 1126 hande

627 1143 719 1206 aben.

493 1263 531 1336 Et
548 1261 737 1334 Ratiabonae
753 1263 786 1332 iii
810 1261 965 1334 Comitiia
989 1285 1076 1332 anno
1097 1283 1200 1348 ¹54¹·
1223 1259 1260 1344 S.
1281 1284 1338 1347 ¹9·

528 1395 616 1460 Aber
632 1393 852 1464 Ch'iitfdtsten,
874 1392 1000 1457 nornen
1017 1395 1079 1454 und
1099 1392 1245 1474 gemeine
1266 1389 1366 1455 stand
1384 1389 1486 1453 haben
1505 1435 1514 1453 .
1536 1433 1573 1455 ..
1597 1384 1685 1459 Una,
1704 1387 1751 1452 aii
1773 1389 1968 1461 Advoealeu

601 1479 665 1542 nod
684 1477 874 1541 Bescliittiier
890 1479 945 1540 der
966 1475 1172 1540 Christlichen
1187 1473 1286 1538 Kirch
1306 1471 1575 1554 unterthdniglich
1593 1470 1730 1537 etsucht.

607 1608 746 1681 XXlV.
774 1611 850 1678 Hoc
868 1609 939 1708 ipso
956 1612 1118 1684 Advocati
1147 1614 1282 1683 nomine
1306 1610 1565 1685 Proteslantibus
1585 1613 1721 1686 Salvum
1747 1615 1967 1690 Candidum

493 1706 529 1778 ad
552 1709 742 1778 Concilium
763 1708 946 1791 Getierale,
971 1712 1129 1782 Tridenti
1147 1736 1164 1779 a
1179 1710 1281 1780 Paulo
1298 1716 1360 1786 lll.
1381 1709 1573 1788 indusium,
1600 1710 1706 1786 libere
1729 1716 1905 1789 accedendi
1932 1717 1968 1792 δι

493 1805 669 1878 abeodem
694 1829 757 1899 pro
782 1806 887 1878 luliitu
914 1809 1108 1887 recedendi,
1136 1811 1169 1878 in
1194 1811 1349 1880 Comitiis
1371 1806 1526 1902 Angullae
1548 1833 1634 1880 aniio
1660 1811 1967 1904 1551.c'e1ebritie

492 1901 667 1982 concellit3
695 1909 750 1970 ubi
775 1908 804 1992 §.
829 1907 890 1978 Vl.
920 1903 1088 2000 sequentia
1110 1907 1284 1998 leguntur:
1784 1935 1787 1940 ·

528 2029 602 2104 Wii
623 2023 706 2098 seind
728 2034 879 2096 demnach
899 2035 955 2097 dei
978 2036 1136 2117 gnedigen
1157 2046 1248 2100 ttuen
1270 2033 1476 2101 Cbtistllclien
1494 2031 1691 2110 Filthabena,
1711 2056 1781 2106 was
1800 2041 1891 2116 Una,
1914 2045 1962 2111 ala

607 2119 799 2180 Advocaten
818 2119 873 2178 det
885 2116 1031 2198 Heiligen
1048 2117 1204 2190 Kirchen,
1226 2121 1289 2182 und
1308 2120 1496 2183 &sublimet
1512 2121 1568 2182 der
1581 2121 1744 2186 Concilien
1762 2145 1830 2186 voti
1849 2145 1966 2208 wegeu

605 2198 712 2262 ansere
731 2200 942 2279 obliegendeii
958 2199 1181 2284 Keyseiiichen
1197 2204 1310 2265 Ambra
1327 2221 1370 2264 zu
1387 2202 1468 2264 thuii
1493 2205 1655 2283 geziembt
1678 2203 1908 2289 und-gebuini.

494 2346 604 2434 Quam
634 2336 774 2410 studiose
797 2341 830 2409 in
862 2339 999 2436 reliquis
1023 2364 1085 2435 per
1106 2365 1222 2412 omnes
1245 2342 1384 2436 Impet''
1411 2339 1491 2433 gelli
1515 2367 1617 2414 aritioa
1636 2333 1681 2417 ‘ex
1701 2349 1844 2418 Tutoris
1867 2371 1969 2446 itque¹

493 2440 656 2512 Advocati
672 2434 785 2507 ullieio'
808 2439 1012 2508 Catholicam
1030 2441 1238 2527 Religionem
1256 2439 1287 2509 dt
1305 2367 1423 2510 sennem
1440 2439 1664 2536 Apollolicam
1680 2448 1862 2527 curaverit,
1888 2472 1969 2542 pro·

492 2540 696 2632 rexeritque,
719 2561 755 2603 er
773 2533 864 2604 allis
884 2536 916 2605 di
937 2536 1082 2608 Historia
1107 2539 1245 2630 Imperii
1265 2539 1314 2607 vel
1333 2534 1392 2631 ipn
1409 2539 1489 2609 Di).
1508 2537 1725 2609 Protellatites
1742 2549 1847 2632 magis
1864 2567 1967 2634 quam

492 2636 630 2712 volunt,
653 2629 862 2728 perspetlum
880 2631 1010 2705 liabent.
1062 2632 1165 2706 Unde
1189 2635 1457 2703 inverecundiam
1479 2627 1617 2730 Joannis
1638 2633 1843 2732 Wolffgaiigi
1859 2645 1968 2737 Jaege·

491 2736 537 2813 ri,
561 2734 743 2825 Scriptoris
764 2731 985 2822 Tniiingenns
1009 2757 1107 2804 tiemo
1131 2757 1197 2806 non
1220 2726 1397 2803 honestatis
1412 2757 1448 2801 ac
1467 2738 1615 2804 veritatis
1630 2735 1680 2805 vel
1703 2737 1833 2808 modice
1855 2762 1967 2808 amati·

491 2835 577 2903 tium
600 2829 754 2900 detelliri
775 2851 926 2918 cogitur,
950 2827 1115 2902 asserentis
1141 2829 1301 2902 Carolum
1321 2833 1372 2908 V,
1396 2833 1454 2926 qui
1471 2828 1607 2901 ultimos
1628 2836 1703 2904 vita
1728 2858 1829 2904 annos
1845 2839 1878 2904 in
1900 2862 1968 2914 eae-¹

492 2927 597 3000 nobio
623 2923 810 3018 Hispaniae,
834 2933 985 3020 quamvis
1001 2955 1067 2999 nori
1084 2928 1274 3007 Coenobita,
1295 2931 1406 2998 omnia
1431 2929 1609 3000 Catholicae
1634 2930 1823 3002 devotionis
1845 2957 1881 3004 aa
1922 2939 1968 3008 ie·

491 3031 569 3097 tatis
590 3021 697 3093 osli'cia
715 3047 866 3092 exercens
890 3025 1068 3118 transegit,
1095 3029 1216 3122 quilius
1237 3031 1336 3096 etiam
1360 3029 1490 3097 notorie
1509 3025 1627 3098 Sansle
1648 3033 1848 3102 immortuus
1863 2959 1921 3112 ess,

531 3155 621 3221 luter
644 3143 761 3216 Solatia
783 3155 994 3236 Evangelia,
1028 3177 1045 3216 a
1064 3151 1252 3218 confessario
1272 3176 1347 3220 vete
1367 3177 1495 3240 quoque
1514 3155 1712 3240 Evangelico
1733 3163 1898 3244 propinata
1916 3165 1969 3250 pie

606 3236 826 3309 obdormiisse,
850 3259 960 3300 vetum
983 3238 1127 3300 Ecclesiae
1143 3242 1333 3311 membrum,
1356 3240 1505 3321 illiusque
1522 3241 1597 3304 fidei
1613 3242 1890 3325 consanguineum.

626 3421 640 3447 χ
663 3355 700 3419 lii
720 3355 806 3420 tran.
827 3356 864 3419 de
881 3353 987 3428 Eccles.
1007 3356 1048 3419 ad
1065 3372 1137 3420 anit.
1156 3374 1245 3439 1711.

609 3513 726 3585 XXV.
755 3517 994 3588 inverecundam
1012 3512 1153 3582 diximus
1170 3513 1254 3584 banc
1275 3511 1397 3609 Jaegeri
1415 3508 1456 3583 de
1471 3513 1650 3581 Caroni
1675 3513 1718 3583 V.
1741 3507 1835 3583 obitu
1855 3535 1968 3596 narra·

491 3614 637 3686 tionem.
664 3637 736 3707 quae
753 3609 825 3682 sune
841 3613 929 3681 nulla
947 3614 1085 3680 veritate
1106 3614 1240 3691 nititur,
1267 3610 1319 3680 sed
1336 3607 1470 3701 prorsus
1484 3605 1624 3678 confide
1640 3604 1703 3688 est,
1730 3606 1890 3702 siquidem
1912 3635 1969 3683 ne·

491 3736 560 3806 que
581 3712 667 3781 ullus
683 3715 834 3802 Scripior
849 3715 971 3779 Catulo
989 3715 1029 3777 V.
1059 3733 1186 3780 coatus
1204 3709 1269 3778 tale
1290 3706 1371 3802 quid
1396 3706 1504 3784 deEo
1527 3728 1676 3775 notatum
1696 3705 1792 3777 nobis
1813 3706 1970 3801 reliquit,
2016 3797 2023 3802 -

493 3833 605 3901 neque
620 3806 688 3901 ipse
703 3812 853 3901 Jaegerua
869 3804 987 3884 telles,
1011 3811 1131 3899 quibus
1148 3803 1300 3876 assertum
1324 3805 1417 3875 litum
1433 3802 1570 3898 probet,
1601 3804 1750 3883 adducit,
1776 3804 1867 3900 quod
1884 3800 1971 3877 sace·

492 3930 531 3977 re
547 3912 683 3973 omnino
702 3903 878 3984 debuisset,
905 3928 979 3973 curn
998 3901 1066 3999 ipse
1089 3909 1134 3973 rei
1152 3901 1277 3972 fillum
1294 3905 1435 3996 proptio
1450 3898 1540 3970 sensu
1557 3926 1623 3972 non
1640 3898 1794 3972 hauserit.
1845 3906 1970 3976 Omnia

493 4004 612 4075 Caroli
633 4000 719 4092 gella
743 4002 819 4071 huic
842 4001 1094 4071 narratiuncula
1117 4005 1311 4097 Jaegcrianae
1332 3995 1556 4071 adversantur.
1612 4003 1644 4069 si
1666 3999 1806 4069 Carolus
1830 3999 1972 4073 Lutlieri

493 4099 651 4188 dogmata
672 4098 865 4178 imbibisset,
890 4123 949 4167 cur
965 4098 1240 4190 abdicatiisponte
1253 4101 1399 4190 lmpetio
1417 4091 1747 4166 incatholicislimam
1760 4092 1971 4193 Hispaniam,

492 4221 532 4271 ut
548 4193 579 4267 se
596 4198 636 4266 ad
653 4222 794 4268 mortem
812 4218 1038 4290 compararet,
1065 4196 1095 4265 n
1115 4199 1249 4292 quidem
1271 4198 1309 4265 ad
1328 4193 1505 4266 toenobitat
1528 4189 1673 4264 secessit?
1696 4217 1756 4262 cur
1772 4196 1805 4262 in
1829 4197 1971 4267 Germa·

496 4301 553 4366 iiia
569 4320 662 4363 nmis
677 4296 742 4363 illis
758 4295 968 4384 dogmatibus
984 4293 1120 4385 oppleta
1165 4294 1220 4363 ubi
1237 4293 1418 4363 Luthettini
1435 4285 1619 4360 confessarii
1637 4286 1677 4380 (si
1692 4311 1800 4359 tamen
1822 4317 1863 4364 eo
1883 4317 1969 4388 opus

494 4389 625 4481 fuisset)
645 4396 741 4485 copia
759 4395 798 4461 ad
817 4416 931 4460 inaniis
949 4387 1010 4458 esse
1026 4413 1174 4484 poterat,
1202 4413 1267 4458 nuti
1286 4386 1423 4459 mansit?
1447 4411 1521 4480 quis
1541 4411 1607 4458 nori
1624 4387 1746 4468 rideat,
1773 4389 1853 4459 dum
1876 4390 1969 4480 legit,

494 4490 772 4561 Priitellatitiium
792 4488 976 4568 Cael'irem,
1002 4511 1038 4556 ut
1062 4515 1136 4557 ruiti
1159 4489 1282 4584 pietate
1304 4489 1482 4555 Liitberica
1503 4484 1657 4556 ultimum
1680 4486 1769 4556 diem
1790 4487 1971 4568 clauderet,

494 4590 531 4662 iti
548 4593 724 4684 regionem
740 4593 832 4660 omni
847 4612 883 4661 ex
902 4608 996 4684 parte
1013 4586 1217 4660 Catholiaam
1234 4580 1361 4753 “l'llffe'
1391 4583 1421 4654 di
1440 4586 1473 4652 in
1487 4582 1603 4657 eadem
1619 4607 1695 4659 tuni
1713 4586 1884 4659 monachis
1907 4606 1971 4747 pl’r

774 4707 777 4714 ’
1314 4706 1375 4780 PP
1405 4706 1422 4776 ³
1915 4702 1969 4749 Η·
1993 4771 1998 4784 ,
