5017 5592
562 698 773 796 onJunn
796 639 1519 791 consitiononrnirnnn,einen
1547 701 1723 778 snena.
1789 721 1793 730 ·
1841 718 1884 799 at

407 903 519 953 tamen
538 871 677 950 seudum
693 879 853 974 sinperii3
875 899 908 950 at
927 879 1016 950 enim
1034 876 1133 950 rerba
1148 878 1204 947 illa
1220 876 1267 949 sat
1283 875 1377 949 firma
1393 905 1459 949 non
1475 877 1567 966 sunt,
1586 903 1662 953 nam
1676 904 1714 952 ex
1739 884 1883 973 Galilasto

407 979 597 1050 &ornain
614 977 791 1067 legendum
810 999 922 1071 putor:
947 973 1036 1046 solvo
1050 976 1124 1069 jure
1140 980 1296 1054 Rornanae
1311 974 1461 1047 Ecclesioe
1483 985 1662 1055 Harzlieini.
1696 977 1773 1049 Obs
1790 983 1884 1052 XlV.
2022 997 2029 1014 ·

408 1075 520 1159 „idem
538 1079 601 1144 ait:
626 1076 715 1144 idern
735 1077 953 1145 Concordatinn
966 1078 1138 1143 continete
1161 1078 1261 1144 etiam
1284 1074 1371 1164 hooc
1399 1076 1653 1148 memorabilem
1673 1077 1883 1148 Articulum:

408 1170 574 1257 „universi
592 1171 737 1252 Clerici,
762 1174 819 1267 qui
837 1169 910 1240 sunt
926 1192 1014 1240 extra
1029 1174 1258 1242 Teutonicum
1273 1175 1444 1262 Regnum,
1473 1169 1676 1268 dispositioni
1702 1174 1734 1243 di
1757 1172 1886 1267 judicio

407 1277 468 1354 „D.
486 1276 586 1365 Papae
609 1273 783 1340 Alexandri
801 1264 1084 1363 successorumque
1104 1266 1223 1363 ipsius,
1246 1267 1451 1339 &Romane
1470 1266 1618 1340 Ecclesiae
1635 1271 1885 1380 relinquentem

408 1369 494 1438 unde
510 1362 615 1438 insert
633 1390 748 1436 omncs
765 1365 912 1435 Clericus
931 1364 1067 1459 quidem
1092 1387 1181 1435 extra
1204 1359 1358 1455 Regnum
1381 1369 1608 1437 Teutonicum
1624 1363 1827 1460 dispositioni
1852 1367 1887 1438 δι

407 1466 530 1562 judicio
553 1470 648 1560 Papa
668 1460 819 1542 relillos,
839 1464 900 1532 hoe
917 1460 988 1556 ipso
1007 1486 1116 1531 antem
1134 1460 1341 1533 Pontificiam
1358 1461 1400 1532 de
1415 1462 1517 1532 Clero
1534 1461 1727 1559 disponendi
1743 1461 1890 1534 austori-

411 1586 509 1634 tatem
535 1565 706 1657 precipue
727 1559 836 1654 quoad
850 1562 903 1654 jus
926 1559 1203 1653 Appellationum
1220 1561 1261 1628 ad
1283 1561 1422 1629 Clerutn
1446 1585 1511 1629 non
1533 1562 1759 1632 Teutonicum
1778 1557 1890 1632 restri»

412 1658 502 1730 llam
553 1657 618 1728 Sed
635 1682 714 1753 pace
730 1661 806 1726 Viri
822 1658 921 1750 hujus
938 1651 1113 1726 Clarissimi
1131 1658 1270 1726 dixerim
1287 1657 1371 1727 hanc
1390 1657 1700 1754 interpretationem
1715 1680 1821 1730 textus
1832 1682 1888 1749 ge·

412 1762 544 1827 nuinam
561 1780 627 1833 uon
645 1750 724 1835 else,
741 1779 817 1825 cum
835 1749 1010 1849 perspicue
1033 1777 1071 1822 ex
1095 1776 1248 1824 contextu
1270 1754 1415 1830 eluceat,
1431 1779 1629 1825 conveniunt
1655 1753 1700 1824 ihi
1718 1751 1888 1849 speciatim

412 1852 484 1934 else,
506 1853 591 1949 quid
614 1851 654 1921 dc
677 1853 816 1923 Clericis
835 1852 867 1921 dt
888 1846 1064 1946 Episcopis
1088 1871 1241 1945 tempore
1264 1848 1443 1922 schismatis
1459 1854 1637 1932 ordinaris,
1660 1873 1715 1921 eur
1738 1855 1888 1946 impera·

413 1955 471 2023 tori
487 1975 607 2022 contra
631 1947 824 2020 Pontificem
851 1946 1094 2018 adherentibus
1124 1944 1161 2017 fit
1185 1946 1413 2029 statiiendiim,
1436 1948 1492 2018 nbi
1515 1951 1651 2044 quidem
1673 1951 1783 2043 quoad
1802 1953 1890 2020 Ger·

415 2054 553 2120 maniam
571 2045 792 2128 transailum,
815 2068 852 2117 ut
872 2044 1000 2124 nullus,
1024 2043 1167 2140 exceptis
1185 2043 1384 2140 quibusdam
1403 2044 1597 2138 pracsertim
1617 2044 1808 2141 Episcopis,
1847 2048 1890 2120 de

415 2140 923 2241 quiliusspecialircrdispolirum
938 2137 1019 2223 suit,
1033 2139 1076 2211 ob
1096 2142 1332 2235 praecedentes
1347 2141 1757 2226 turbasexaucdoraterun
1777 2147 1888 2214 inlra·
1924 2215 1949 2244 Ι

417 2244 454 2313 lia
469 2244 588 2412 leprus
606 2236 940 2340 Pontificipermilsus
957 2233 1023 2312 suit
1040 2242 1186 2335 exeeptis
1202 2237 1397 2321 duodecim,
1419 2263 1484 2336 pro
1499 2242 1620 2334 quibus
1635 2244 1823 2335 Imperator
1836 2245 1890 2313 in·

417 2361 498 2414 tercc
526 2363 603 2413 erit.

534 2535 593 2608 Ad
606 2542 644 2616 s·
662 2535 722 2610 IX.
756 2537 808 2604 De
824 2528 1041 2604 celeberrima
1056 2528 1117 2602 hac
1136 2533 1251 2602 Uniiiie
1278 2529 1443 2602 Eleslirinn
1464 2521 1529 2602 boli
1547 2554 1648 2628 atque
1670 2523 1889 2608 fundamento
1911 2605 1914 2610 .

416 2629 677 2729 subsequentium
702 2635 840 2700 omnino
868 2625 1090 2700 conserendus
1119 2627 1165 2701 esl
1192 2631 1402 2700 Hontxin
1423 2626 1505 2700 Dils.
1529 2636 1564 2699 de
1590 2638 1706 2702 Unione
1726 2635 1889 2704 Eleilorali

416 2751 490 2808 bon
500 2737 565 2808 Otr
581 2726 858 2820 sburffletelh
875 2738 976 2820 Mag,
992 2755 1031 2808 17
1037 2754 1094 2807 54.
1111 2736 1146 2807 s.
1163 2752 1196 2807 5.
1211 2733 1259 2795 na
1274 2725 1392 2809 scrisit:
1419 2726 1528 2808 „dum
1549 2732 1593 2797 ite
1614 2726 1703 2796 nulla
1723 2728 1821 2823 plane
1837 2754 1890 2800 re·
1939 2747 1942 2753 '

419 2837 523 2915 „tione
540 2821 692 2900 Pontifex
711 2826 752 2896 ad
771 2829 961 2906 udovicum
981 2832 1142 2896 &vatum
1158 2845 1221 2919 pro
1234 2819 1386 2913 legitimo
1395 2824 1486 2913 Rege
1504 2843 1537 2894 et
1552 2826 1757 2916 imperatore
1775 2823 1890 2916 agnos·

420 2926 573 3010 ,cendum
592 2923 710 2994 adduci
725 2918 845 3018 posset,
882 2921 960 2991 licet
977 2921 1030 2992 hic
1049 2919 1174 3016 ubique
1192 2943 1256 3015 pro
1273 2919 1329 2988 tali
1346 2919 1530 2992 coleretur:
1557 2918 1726 2992 Eleslorea
1743 2925 1894 3020 impet-'ii'

421 3024 487 3108 „hic
502 3047 574 3094 rem
595 3019 685 3092 suam
701 3024 753 3109 agi
770 3017 1009 3109 intelligebant.
1057 3021 1219 3113 (Quamvis
1236 3019 1325 3086 enini
1343 3011 1495 3088 Pontifex
1512 3016 1622 3090 verbis
1637 3015 1888 3112 protestaretur,

422 3117 469 3205 „se
486 3117 678 3190 Elelloruni
694 3117 761 3209 juri
778 3115 964 3186 nullatenus
984 3115 1146 3204 derogare
1170 3114 1273 3195 velle,
1305 3114 1459 3186 videbant
1483 3138 1590 3185 temen
1614 3113 1885 3211 protestationem

423 3215 622 3301 „hanc‘saslo
647 3211 708 3286 else
727 3218 938 3284 contrariam.
999 3217 1091 3281 Nam
1114 3209 1221 3304 reipsa
1247 3206 1398 3283 Pontiscii
1422 3212 1612 3284 intendebat
1633 3211 1885 3286 Anrecelsorunt
2004 3257 2010 3264 -

392 3401 394 3406 ³
422 3313 567 3398 „suorum
585 3316 750 3409 principia
767 3307 901 3381 effeslui
925 3307 1023 3389 dare,
1056 3333 1141 3404 quae
1162 3311 1258 3379 unice
1280 3333 1320 3376 eo
1344 3309 1572 3392 collimabant,
1599 3335 1666 3405 quo
1680 3311 1885 3396 crederetur,

421 3414 603 3504 „integrunt
618 3405 790 3479 cleslionis
813 3411 984 3498 negotium
1003 3427 1124 3476 amera
1141 3397 1309 3476 Pontificio
1331 3410 1435 3498 gratio
1457 3407 1664 3499 dependere,
1689 3423 1722 3477 ct
1737 3411 1834 3479 onice
1849 3411 1885 3478 in

368 3543 374 3554 ·
420 3509 533 3604 „hujus
552 3507 692 3578 arbitrio
709 3502 849 3599 postium
870 3499 949 3583 elle,
973 3528 1052 3574 niim
1076 3503 1114 3572 ali
1131 3501 1339 3573 Elelloribus
1361 3500 1485 3572 elesius
1501 3505 1570 3572 Rex
1591 3503 1743 3574 videatur
1759 3517 1886 3598 appru'·

419 3605 579 3691 „handus,
610 3629 688 3672 nuni
712 3627 791 3672 tero
814 3625 969 3696 tanquam
992 3605 1100 3671 miritis
1123 3600 1262 3668 idoneus
1284 3597 1444 3669 Ecclesiae
1468 3599 1657 3668 Advocatus
1678 3598 1715 3668 st
1737 3599 1887 3694 rejicien-

417 3695 513 3790 ‚,dus,
547 3698 783 3796 l'ontisieisque
799 3702 987 3769 Vicariatns
1004 3723 1043 3768 co
1058 3723 1164 3789 iisqne
1179 3697 1438 3776 continuandus,
1466 3696 1569 3765 donec
1587 3699 1655 3765 Rex
1677 3696 1716 3767 ad
1739 3697 1887 3792 palatum

418 3807 543 3897 „Papae
569 3801 774 3896 proveniret.
831 3800 869 3864 ln
894 3795 1016 3875 literis,
1053 3819 1133 3887 quas
1159 3796 1257 3863 etiam
1279 3801 1396 3861 Andor
1422 3813 1678 3872 commemorat,
1715 3793 1885 3867 Elellores

417 3900 473 3983 „ad
498 3895 693 3968 Pontificem
720 3894 827 3984 ajunt:
873 3913 910 3961 ut
933 3889 1125 3972 sententias,
1160 3915 1239 3985 quas
1267 3887 1429 3984 Joliannes
1450 3893 1566 3962 XXII.
1592 3893 1632 3962 de
1655 3888 1741 3961 faslo
1767 3915 1883 3963 contro

417 4004 543 4079 „Deum
567 4017 602 4063 et
620 3991 779 4088 jiisliriani
798 4015 830 4059 ct
851 3989 934 4083 juris
959 3990 1111 4059 ordinem
1135 3983 1324 4056 fulminavit
1343 4011 1458 4058 contra
1482 3992 1664 4057 Dominum
1690 3993 1882 4061 Lirdo‘oitum

416 4099 680 4188 „Imperatorem
697 4113 733 4157 ac
752 4084 897 4157 salitores
913 4109 946 4157 et
961 4086 1164 4156 adherentes
1181 4083 1235 4154 sihi
1255 4107 1411 4177 tanquam
1427 4090 1459 4155 in
1476 4085 1716 4180 praejudicium
1739 4087 1879 4179 Imperii

419 4217 467 4273 „et
485 4193 612 4286 jurium
635 4183 736 4280 ipsus
752 4181 895 4277 prolatas
910 4179 1005 4252 casser
1019 4183 1216 4253 etannullct.
1251 4181 1451 4251 Addendnm
1468 4205 1601 4276 quoquc
1617 4180 1753 4253 Aullori
1772 4188 1880 4255 Unio·

417 4314 484 4358 nem
503 4290 588 4358 hunc
607 4285 781 4365 sitifensem
805 4284 836 4348 in
852 4283 1005 4349 llomitiis
1024 4279 1143 4349 deinde
1164 4274 1491 4349 Fraircosurtenlibus
1515 4279 1748 4363 rotlhabitatn,
1780 4304 1880 4376 atque

417 4387 662 4456 celeberrimam
680 4381 771 4449 illam
788 4375 1051 4447 constitutionem
1072 4376 1237 4445 conditam
1256 4372 1366 4454 suilse,
1389 4381 1422 4444 in
1439 4374 1713 4469 quadeclarattir,
1740 4378 1881 4470 dignita·

417 4504 475 4552 teni
495 4478 762 4576 potestatemque
784 4476 1036 4570 imperatoriam
1053 4474 1243 4543 immediate
1261 4477 1362 4541 aDeo
1380 4471 1594 4554 descendelc3
1618 4472 1759 4544 eledum
1778 4468 1879 4545 ainass

420 4577 474 4672 juri
490 4579 604 4649 saltem
623 4599 719 4670 parte
735 4569 925 4642 Eleslorum
939 4595 979 4641 eo
999 4568 1070 4667 ipso
1088 4574 1329 4665 Imperatorem
1348 4570 1536 4641 habendum
1556 4567 1634 4651 csse,
1650 4575 1798 4662 regimen
1815 4575 1880 4640 ltn-

419 4679 497 4770 perii
511 4671 677 4785 capessere
689 4667 799 4774 polle,
829 4673 912 4768 quin
931 4693 1017 4767 opus
1036 4666 1074 4747 fit
1093 4662 1249 4837 consepsu
1271 4687 1328 4739 aut
1347 4668 1590 4768 approbatione
1614 4666 1800 4750 Pontificio,
1833 4667 1876 4735 ei.

1242 4788 1262 4867 3
1815 4785 1882 4859 que
