5017 5592
656 663 724 740 ut:
746 659 875 758 Juttt
898 658 1239 736 coutrtouutt
1260 657 1452 738 iurauit
1477 657 1627 772 eruca
1644 658 1821 739 sacua.
1936 685 1992 766 tr
2113 607 2116 614 ¹

510 867 587 936 get,
610 843 761 938 adeoque
777 841 848 936 ejus
865 838 985 911 alleclae
1002 836 1284 935 'praetlieantn-is
1304 839 1490 908 communis
1512 834 1680 908 beneficiis
1697 863 1773 912 eum
1793 843 1921 912 ceteris
1944 841 1988 914 al·

510 947 618 1012 tetius
638 937 848 1010 Ptolellionie
873 937 1026 1027 gandent.
1059 935 1309 1032 ¹Nihilominus
1329 939 1452 1003 tamen
1464 957 1527 1032 per
1547 935 1673 1029 majora
1695 959 1770 1007 vota
1792 943 1827 1010 Ε.
1846 941 1891 1010 G.
1931 944 1989 1012 Se·

508 1060 606 1108 natus
624 1059 739 1106 contra
752 1039 813 1131 Jus
828 1032 922 1103 suum
942 1029 1112 1124 quelit'tntt
1136 1032 1211 1101 inde
1228 1030 1494 1101 excluderentur.
1513 1027 1517 1034 ’
1546 1029 1710 1104 Similiter
1724 1031 1988 1126 emigratiolttb·

513 1131 664 1204 diturum
682 1156 736 1202 res
757 1115 849 1201 mete
870 1130 1007 1224 politice
1023 1126 1086 1207 eli,
1106 1127 1233 1223 qoodfi
1258 1151 1338 1198 vcro
1360 1125 1496 1196 subditis
1520 1128 1705 1220 Religionis
1730 1151 1811 1220 ergo
1829 1129 1990 1225 jubeatur

514 1233 594 1310 illa,
621 1229 673 1300 vel
695 1228 735 1298 ab
753 1230 792 1298 iis
813 1250 895 1322 prof·
905 1247 995 1295 terea
1019 1221 1168 1318 petatut',
1190 1222 1284 1294 causa
1307 1225 1493 1316 Religionis
1521 1249 1584 1319 per
1612 1222 1812 1295 inditeelum
1836 1222 1991 1311 efficitur,

514 1352 614 1421 atque
640 1327 739 1418 hujus
763 1327 894 1418 generis
916 1319 1043 1434 caulas,
1067 1322 1276 1413 Religionem
1301 1323 1364 1390 boc
1386 1319 1490 1390 modo
1511 1345 1682 1410 tangentes
1702 1321 1743 1394 ati
1766 1325 1913 1420 Comitia
1931 1324 1992 1403 des

516 1421 601 1497 ferri
618 1421 738 1522 polle,
763 1447 800 1494 ac
820 1423 854 1492 in
867 1419 996 1522 'iisdem
1012 1441 1062 1491 tre
1078 1418 1180 1495 licere
1195 1420 1228 1490 iu
1243 1440 1357 1518 patres
1380 1415 1469 1490 beuti
1481 1417 1617 1512 dubito·
1673 1445 1676 1452 ·
1737 1467 1741 1474 ·

558 1547 982 1690 tatastat-'sn

553 1710 610 1790 (o)
634 1707 870 1770 Heauton
883 1704 927 1766 od
942 1704 992 1766 cir.
1010 1701 1035 1784 l.
1047 1697 1104 1784 sol.
1117 1717 1190 1783 219.

557 1831 601 1901 (c)
626 1822 708 1884 Idem
721 1822 772 1882 loc.
789 1822 839 1884 cil.
849 1817 908 1900 fol.
923 1829 993 1892 218.
1146 1811 1151 1820 ’

555 1938 614 2042 gr)
637 1937 704 1998 tir.
721 1919 1025 2026 auratarum.
1051 1933 1134 1999 rom.
1153 1929 1284 1998 xxix.
1305 1931 1377 2020 cap.
1392 1931 1427 2003 6.
1611 2031 1615 2038 Ι
1642 1935 1676 1992 .·

556 2055 610 2138 (e)
633 2051 676 2138 o·
699 2051 800 2120 uA.
825 2051 862 2117 V·
886 2051 911 2136 l·
932 2069 984 2136 35·
1006 2043 1143 2136 aas&
1567 2039 1582 2068 ¹·

1113 2232 1146 2333 t.
1197 2233 1400 2310 xtutu.

634 2375 664 2441 Α
682 2347 796 2462 regula
811 2368 986 2463 pradilia,
1009 2369 1098 2463 quod
1117 2371 1149 2437 itt
1170 2368 1269 2438 caulis
1286 2369 1496 2458 Religionem
1516 2365 1658 2451 direlle,
1675 2368 1727 2441 vel
1745 2366 1992 2441 indirelleeon·
2048 2372 2122 2439 Nou
2144 2379 2157 2445 l

519 2466 727 2539 cernentibus
744 2470 783 2534 atl
808 2471 950 2536 Comitia
974 2468 1089 2536 delatis
1108 2469 1140 2535 in
1166 2491 1277 2560 partes
1293 2469 1342 2534 ire
1369 2465 1488 2544 liceat,
1516 2465 1548 2535 dt
1572 2470 1697 2559 majora
1720 2491 1795 2538 vota
1819 2493 1884 2538 non
1906 2466 1989 2538 obri·
2006 2460 2154 2526 “mnibufl

519 2589 637 2642 neant,
658 2565 776 2657 aliquae
795 2567 1003 2656 exceptiones
1029 2563 1180 2632 notanda
1202 2561 1286 2634 lunt.
1328 2565 1354 2630 l.
1381 2565 1413 2630 si
1440 2561 1577 2656 quaestio
1595 2564 1636 2632 de
1659 2587 1743 2634 nova
1769 2563 1991 2656 Religione'iu
2006 2545 2110 2680 templu

518 2661 669 2755 imperio
689 2661 859 2730 toleranda
882 2661 928 2728 ad·
949 2661 1091 2728 Contiiia
1112 2659 1365 2736 devolveretur,
1386 2657 1567 2748 majoribus
1589 2663 1680 2729 totis¹
1701 2662 1811 2730 locum
1834 2661 1992 2746 dandum,
2006 2619 2157 2766 stlte*

520 2757 628 2854 quoad
646 2757 710 2828 boc
728 2759 817 2830 enim
836 2755 1050 2850 punllumnil
1068 2758 1099 2824 in
1117 2760 1198 2825 Pace
1216 2751 1380 2846 Religiola
1395 2753 1445 2824 uel
1462 2753 1683 2850 Wellpbalica
1699 2753 1874 2838 statutum,
1895 2760 1978 2830 adeo
2136 2747 2148 2768 ⁰

519 2879 583 2949 que
605 2852 743 2950 ptillina
757 2856 841 2948 Jure
863 2853 972 2922 valere
989 2876 1093 2945 porto
1111 2850 1254 2933 debent,
1281 2850 1368 2940 (vid.
1390 2856 1421 2940 §.
1445 2849 1520 2944 37.)
1543 2876 1579 2920 ac
1600 2851 1676 2922 licet
1698 2854 1795 2923 initio
1817 2853 1992 2928 turbarum

520 2949 738 3022 Protcllantes
757 2946 812 3020 visi
834 2945 962 3020 fuerint
981 2952 1013 3018 in
1037 2947 1135 3019 rebus
1156 2947 1338 3028 omnibus,
1367 2973 1439 3042 qua·
1463 2946 1723 3030 conscientiam,
1747 2951 1779 3020 ἃ
1801 2949 1902 3022 iidem
1923 2975 1994 3021 tan·

521 3073 619 3141 gunt,
644 3047 771 3140 majora
793 3072 869 3117 vota
894 3046 1093 3125 excludere,
1127 3041 1178 3142 (b.
1195 3047 1270 3138 43.)
1296 3047 1329 3112 in
1352 3045 1446 3116 luunt
1470 3068 1580 3116 tamen
1605 3041 1815 3117 solummodo
1841 3044 1993 3118 favorem

522 3151 563 3218 ita
585 3147 793 3223 ratiocinati,
816 3169 853 3214 ae
869 3144 1000 3216 tandem
1018 3139 1074 3214 fibi
1097 3139 1194 3232 solis,
1217 3167 1284 3211 nou
1300 3145 1343 3212 V.
1359 3144 1402 3212 G.
1423 3144 1522 3212 etiam
1544 3139 1787 3238 Anabaptillis,
1808 3146 1993 3216 Sociniattie

523 3243 581 3316 dte.
597 3239 810 3314 securitatem
824 3237 969 3337 stipulati
986 3237 1070 3310 sunt.
1110 3243 1155 3309 ll.
1185 3238 1222 3310 ld
1238 3235 1347 3335 ipsum
1371 3232 1575 3310 alletendum
1595 3237 1658 3322 est,
1681 3238 1762 3311 ltex
1783 3238 1995 3311 Protellanti·

521 3339 578 3414 bus
600 3365 689 3411 nova
709 3337 860 3433 quaedam
887 3335 1075 3428 exsurgeret
1096 3331 1253 3426 Religio,
1277 3359 1351 3426 que
1372 3358 1431 3405 nec
1456 3361 1533 3406 cum
1554 3335 1744 3428 Augustius
1768 3333 1991 3423 Confelltone,

520 3463 576 3508 nec
592 3461 669 3508 cum
691 3430 963 3506 Reformarotum
987 3432 1248 3503 substantialibus
1275 3428 1447 3500 Dolltinis
1463 3435 1665 3505 conveniret.
1711 3437 1893 3516 Enintvero
1915 3458 1992 3504 cum

520 3535 635 3606 eadem
650 3533 784 3621 Religio
798 3556 863 3601 non
881 3555 1029 3607 maneat,
1047 3529 1069 3600 fi
1091 3525 1355 3600 fundamentales
1370 3530 1501 3599 articuli
1519 3553 1704 3609 mutentur,
1726 3535 1876 3626 adeoque
1894 3530 1994 3600 bene·

520 3629 591 3703 ficia
608 3605 869 3702 Prurellantibus
886 3633 965 3699 Pace
983 3625 1203 3720 Wellpbalica
1220 3621 1365 3697 concello
1382 3651 1447 3695 non
1464 3624 1582 3719 polline
1603 3626 1732 3694 extendi
1755 3627 1794 3695 ad
1812 3650 1930 3696 novam
1947 3648 1995 3696 ta·

520 3730 583 3800 lem
603 3722 858 3806 Profelliouem,
876 3726 917 3796 de
930 3750 995 3820 qua
1010 3749 1075 3795 non
1092 3726 1280 3815 cogitarunt
1298 3717 1515 3802 Paciscentea,
1538 3719 1560 3790 st
1579 3721 1621 3791 de
1635 3722 1724 3797 illius
1740 3723 1911 3793 tolerantia
1927 3719 1995 3800 set·¹

519 3850 575 3898 mo
590 3821 686 3905 ellet,
701 3847 755 3893 tea
770 3822 888 3893 eodem
905 3822 1029 3901 modo,
1053 3844 1089 3892 ut
1105 3845 1197 3901 ante,
1221 3817 1343 3889 scilieet
1363 3842 1424 3913 per
1448 3817 1575 3912 majora
1598 3818 1705 3889 decidi
1729 3819 1838 3892 debet.
1893 3822 1994 3914 Equi·

521 3925 596 3995 dem
617 3942 736 3992 notatu
759 3919 857 4011 digna
874 3917 937 3999 ell,
959 3917 1077 3988 inserta
1100 3914 1401 4012 capitulationibus
1424 3912 1620 3986 Novissima
1640 3917 1752 3988 Caroli
1774 3920 1853 3985 Vll.
1878 3915 1994 3988 ἆΑιι·

521 4016 642 4114 gullill.
662 4018 881 4112 Imperatoris
899 4012 1064 4086 Franeilei
1082 4012 1248 4094 clausula,
1275 4016 1331 4104 (a)
1358 4037 1423 4110 qua
1442 4011 1591 4085 Caesareo
1615 4012 1777 4082 librorum
1804 4008 1996 4084 Commilla·

522 4122 573 4188 rio
592 4115 756 4193 cenluta,
785 4112 970 4208 &Judicio
994 4111 1164 4206 lmpetiali
1191 4109 1313 4194 Aulico
1338 4135 1453 4180 omnes
1477 4107 1645 4196 Procellos
1668 4108 1886 4191 inhibentur,
1910 4103 1997 4189 tibet

522 4233 603 4292 rttue
645 4211 818 4282 Editiones
849 4216 946 4288 ocem
973 4206 1259 4303 llttaltutnlldtttt
1307 4203 1793 4290 Constituis-Quintillae
1826 4206 1993 4278 librorum

522 4309 803 4406 symbolicarum,
823 4303 856 4405 lo
870 4305 911 4398 le
925 4317 1006 4400 uae,
1024 4305 1200 4414 abtt'ttndt
1217 4308 1292 4382 beot
1309 4300 1669 4401 melitianoasstitatn
1689 4297 1791 4398 built·
1808 4319 1994 4396 coartant,

524 4424 625 4498 tttttt,
648 4405 730 4482 abet
754 4401 836 4488 nod)
861 4403 1049 4490 nnnebmen
1066 4412 1223 4493 magian,
1246 4424 1278 4471 at
1296 4426 1334 4469 ex
1357 4425 1397 4471 eo
1413 4426 1478 4470 non
1503 4397 1667 4495 sequitur,
1689 4424 1808 4472 novam
1833 4398 1909 4470 fidei
1924 4394 1994 4469 for·

523 4506 647 4574 mulam
663 4496 829 4571 fabricate
850 4503 1036 4594 cuicunque
1051 4499 1185 4568 demum
1203 4494 1395 4590 permillum
1416 4493 1496 4578 elle,
1521 4495 1574 4566 sed
1597 4519 1744 4578 tantum,
1769 4497 1859 4592 quod
1880 4499 1993 4565 Prote·

522 4597 680 4680 fientibus
697 4598 798 4677 liceat
811 4593 945 4687 insuia,
967 4619 1052 4694 quot
1074 4593 1182 4667 adbuc
1205 4590 1352 4767 liebzo,
1375 4593 1417 4667 de
1440 4615 1590 4673 veterum
1609 4594 1774 4670 librorum
1797 4591 1997 4762 symbolsipg

1332 4714 1351 4787 3
