5017 5592
510 657 586 734 470
770 633 1110 709 DISSERTATIO
1135 631 1439 716 His'ronioe·
1458 631 1727 717 CANONICA

492 812 547 886 'dt
564 807 674 982 amis}
688 764 764 980 pura
779 811 941 896 relliruit,
963 837 1173 913 quapropter
1187 810 1380 887 Calestinua
1396 816 1486 910 Papa
1500 783 1688 932 protundas
1703 817 1914 912 Imperatori
1932 838 2000 911 gri·

512 935 574 984 nas
589 936 651 1009 per
667 937 687 984 o
704 935 763 986 vit·
885 993 888 1004 ,
922 945 924 950 ·

709 1042 828 1107 Baton.
847 1041 889 1107 ad
907 1060 978 1106 nnn.
999 1062 1070 1126 431.
1093 1041 1168 1126 436.

514 1165 593 1256 Qto
607 1161 727 1234 eodem
745 1162 824 1235 telle
843 1164 1039 1235 salutationi
1061 1163 1229 1256 Angelicae
1251 1160 1355 1234 verba
1376 1172 1498 1236 Mater
1523 1168 1585 1235 Dei
1606 1161 1681 1262 poll
1704 1161 1867 1238 voeabula
1891 1171 2009 1258 Sarda,

516 1266 716 1337 MARIA
740 1287 855 1334 contra
877 1261 1029 1332 Ncllorii
1047 1259 1268 1359 blasphemias
1282 1260 1403 1333 inserta
1426 1257 1576 1335 fuerunt.

632 1417 761 1485 XVlll.
796 1418 834 1484 lo
853 1413 1061 1486 Occidentali
1083 1415 1655 1508 imperioVnntrtrittiii'ttvs
1681 1419 1743 1486 111.
1767 1418 1856 1512 Imp.
1879 1417 1997 1487 Laaaii

516 1514 613 1608 Papae
625 1536 744 1604 rogatu
760 1515 961 1605 hortatuque
980 1537 1096 1582 contra
1118 1506 1437 1606 conspurcaiislimos
1451 1515 1657 1585 Manichaeos
1675 1513 1825 1584 Ecclesiae
1835 1512 1996 1586 necessita·

517 1609 604 1682 tibus
622 1606 884 1707 promptissimus
900 1608 1069 1689 subvenit,
1096 1610 1129 1681 ἃ
1144 1612 1280 1678 illorum
1296 1612 1545 1679 Haerericotum
1567 1606 1728 1683 ferociam
1751 1636 1918 1707 pernova
1933 1612 1994 1683 edi·

440 1781 442 1788 ,
518 1703 571 1777 sla
588 1708 730 1804 poenalia
747 1710 895 1802 aliasque
912 1713 1132 1778 co'ercit'iones
1152 1702 1273 1797 fregit,
1300 1733 1336 1776 ac
1352 1710 1501 1801 pacatius
1520 1706 1552 1778 se
1568 1709 1690 1780 habere
1708 1706 1787 1779 fecit
1810 1734 1847 1779 et
1864 1714 1939 1779 Bar.
1958 1710 1993 1780 as

517 1830 588 1876 ann.
605 1833 690 1885 445·
725 1807 842 1876 Eidem
860 1803 1006 1875 Ecclesia
1023 1804 1237 1898 privilegium
1253 1806 1335 1872 Furi
1352 1829 1414 1899 per
1429 1829 1589 1970 tytappos
1607 1802 1797 1878 infeslarum
1813 1831 1849 1876 ac
1863 1805 1993 1903 pessunt·

519 1901 633 1973 datum
651 1900 786 1973 solemni
803 1903 987 1997 diplomate
1003 1904 1081 1973 dato
1094 1901 1259 1995 Aquileja’
1276 1898 1394 1970 oslava
1408 1903 1509 1973 Kalen
1536 1928 1570 1973 as
1587 1903 1771 1986 (lelobres,
1797 1907 1890 2000 quod
1910 1909 1942 1974 in
1960 1913 1990 1976 0.

510 2006 636 2076 Thana.
653 2007 690 2071 de
706 2008 761 2089 Ep.
780 2006 812 2076 io*
831 2006 908 2070 citt.
930 1996 1096 2080 refertur,
1121 1998 1331 2070 confirmavit
1351 2001 1383 2069 di
1402 1998 1554 2070 restituit.
1606 2004 1687 2094 Ejus
1712 2001 1813 2072 chus
1836 2028 1903 2098 pro
1927 2023 1991 2073 vert

389 2099 407 2135 ⁵
518 2100 695 2188 Religione
717 2099 749 2169 di
775 2098 977 2169 authoritate
999 2100 1127 2170 Summi
1148 2093 1317 2168 Pontificis
1337 2101 1438 2168 etiam
1460 2101 1494 2166 in
1517 2099 1694 2172 Orientem
1717 2102 1930 2197 penetravit,
1957 2096 1991 2169 id

518 2194 751 2272 Theodosium
769 2221 858 2268 enim
875 2197 1001 2267 ibidem
1016 2199 1240 2294 imperantem
1254 2198 1343 2266 inter
1360 2193 1423 2265 alia
1440 2192 1581 2292 scripsi:

561 2368 602 2435 A.
617 2362 708 2427 Rom.
728 2362 886 2445 Episcopo
902 2363 934 2425 dc
950 2364 988 2426 ab
1002 2363 1071 2426 aliis
1088 2381 1160 2426 cunt
1173 2382 1215 2425 eo
1230 2382 1275 2442 px
1294 2361 1424 2426 diversa
1444 2364 1620 2446 provinciis
1637 2369 1842 2450 congregatis
1868 2378 1991 2451 rogatui

636 2445 702 2508 suin
720 2445 984 2511 scribereVestrae
1006 2445 1232 2508 Mansuetudini
1252 2447 1292 2507 de
1304 2446 1383 2516 side,
1403 2466 1565 2526 quaecum
1585 2446 1621 2509 lit
1644 2451 1865 2515 conservatrix
1887 2455 1994 2514 aoinit·

542 2571 544 2576 -
635 2546 729 2600 rum,
751 2528 867 2590 dicitur
880 2531 1077 2610 perturbata,
1109 2547 1203 2610 quam
1220 2528 1290 2592 Nos
1307 2548 1324 2588 a
1342 2527 1660 2608 Nostris-hlajotibua
1684 2534 1830 2595 traditam
1851 2536 1993 2596 debanna

636 2631 708 2674 cuin
723 2611 811 2672 omni
832 2613 1026 2693 competenti
1041 2611 1219 2674 devotione
1231 2610 1420 2680 defendere,
1451 2610 1683 2690 &dignitatem
1705 2619 1843 2695 propriae
1863 2615 1994 2682 Venari·

635 2695 737 2759 tionia
761 2693 793 2756 Β.
808 2694 967 2774 Api-›stulo
985 2694 1130 2755 Pisano
1152 2694 1369 2757 intemeratam
1384 2693 1417 2753 dc
1435 2693 1466 2754 in
1486 2692 1600 2756 nostris
1618 2700 1816 2777 temporibus
1834 2699 1995 2760 conserva·

638 2794 691 2848 re,
712 2787 866 2856 quatenus
884 2777 943 2839 llll.
968 2775 1120 2838 Romanae
1138 2774 1288 2838 Ecclelioe
1308 2773 1500 2856 Episcopus,
1534 2779 1586 2837 citi
1611 2783 1819 2859 principatum
1843 2778 1998 2843 sacerdotii

639 2857 729 2939 snper
745 2878 857 2919 omnes
874 2860 1045 2940 antiquitas
1062 2860 1219 2932 contulit,
1242 2858 1351 2920 locum
1367 2856 1500 2928 habeat,
1531 2878 1569 2920 ac
1581 2857 1765 2923 facultatem
1777 2863 1818 2926 de
1832 2861 1899 2927 side
1911 2863 1997 2927 sacen

639 2943 769 3001 dotibus
788 2940 938 3019 judicata.
1772 2949 1776 2956 '

524 3083 610 3152 Haec
624 3076 761 3177 epislnla
778 3075 902 3176 prollar
922 3082 1013 3151 Titui
1032 3106 1066 3150 a.
1090 3086 1153 3154 CC.
1173 3100 1246 3150 ante
1260 3083 1406 3170 synodum
1424 3079 1700 3168 chalcedonensem.

642 3237 733 3305 XlX.
756 3238 1063 3314 ManctnNus,
1088 3232 1147 3326 qui
1163 3233 1197 3302 in
1213 3233 1365 3304 Orientis
1383 3235 1535 3328 Imperio
1552 3229 1768 3315 Theodoso,
1802 3233 1899 3329 cujus
1918 3229 2000 3306 soro·

525 3354 599 3405 rem
624 3333 832 3402 Pulcheriam
853 3328 1034 3422 Augustam
1058 3327 1116 3398 sub
1138 3355 1218 3401 voto
1238 3329 1388 3402 servandi
1412 3333 1816 3426 perpetuamcalliratem
1837 3336 2005 3403 martimo·

444 3445 448 3452 '
527 3430 661 3502 nialirer
688 3429 742 3499 libi
772 3431 966 3525 copulavit,
995 3427 1038 3496 ob
1061 3424 1138 3498 fidei
1160 3424 1376 3498 defendendae
1403 3426 1547 3500 studium
1581 3454 1750 3523 nunquam
1779 3428 2003 3502 intercisumr

527 3531 588 3599 PP.
609 3535 648 3599 (ἶ.
669 3524 942 3599 Chalcedonensis
958 3532 1080 3598 Novus
1095 3524 1345 3605 Constantinus,
1371 3525 1519 3619 Eiusque
1536 3526 1682 3619 Augusta
1699 3529 1853 3620 Conjunx
1870 3530 2002 3598 Pulche·

526 3631 578 3698 ria
597 3632 696 3697 Nova
717 3628 866 3705 l-lelena,
889 3620 1002 3693 stollis
1019 3621 1309 3693 acclamationibus
1325 3620 1516 3693 consalutati
1537 3622 1620 3694 sunt.
1673 3629 1735 3696 Per
1753 3628 1925 3717 egregiam
1940 3628 2003 3719 epi·

527 3723 643 3796 stolam
663 3729 696 3794 S.
713 3730 858 3796 Leonem
876 3727 997 3817 Papam
1021 3724 1201 3815 puffidetein
1216 3726 1329 3791 divine
1338 3723 1413 3810 p‘aai
1439 3730 1613 3814 Episcopatu
1639 3728 1843 3814 principatum
1865 3726 2005 3815 agnovit,

529 3824 745 3917 rogavitque,
774 3845 811 3891 ut
827 3820 865 3888 ad
893 3817 1127 3913 extirpandum
1156 3843 1290 3889 omnem
1307 3821 1341 3886 in
1368 3815 1432 3886 fide
1457 3843 1625 3901 errorem,
1652 3844 1836 3917 pacemque
1860 3816 2004 3891 Ecclena

529 3946 592 4017 pet
618 3922 791 3989 hereticos
812 3916 973 3987 turnultus
996 3914 1161 3984 turbatam
1186 3913 1421 3985 restituendam
1445 3918 1633 3985 Concilium
1654 3943 1807 4008 cogeret,
1833 3919 1926 4014 quod
1953 3940 2004 3986 an·

383 4079 385 4083 ,
501 4042 574 4106 ,no
591 4014 756 4110 sequenti,
779 4013 998 4105 scilicet451.
1031 4013 1242 4083 Chalcedone
1258 4035 1473 4084 convocatum
1489 4012 1551 4093 eil,
1577 4013 1670 4108 eujus
1687 4014 1892 4095 l'anslinnes,
1910 4010 2004 4086 utfir·

530 4118 618 4186 mius
633 4137 843 4192 tenerentur,
866 4112 1002 4182 solemni
1027 4108 1138 4181 edisio
1153 4114 1274 4192 vetuit,
1300 4134 1341 4181 ne
1364 4113 1438 4209 quis
1460 4111 1593 4208 publice
1613 4115 1770 4210 deinceps
1794 4115 1836 4186 de
1859 4111 1926 4216 fide
1948 4104 2006 4182 dis·

430 4207 441 4220 ‘
527 4235 681 4309 putaret,
706 4216 740 4281 in
757 4235 825 4307 quo
842 4217 929 4282 i'iitet
951 4210 1013 4279 alia
1034 4209 1130 4279 dicit:

569 4377 650 4444 Nam
668 4394 745 4440 vete
760 4379 977 4457 impiusatque
990 4374 1219 4457 sacrilegusest,
1238 4376 1291 4457 qni
1305 4377 1433 4458 posttot
1451 4378 1645 4442 sacerdotnm
1664 4380 1848 4445 sententiam
1862 4377 2007 4465 opinioni

649 4459 710 4522 suae
727 4460 841 4538 aliquid
858 4461 1053 4525 tristandum
1072 4461 1240 4539 relinquit:
1264 4473 1417 4523 extremae
1439 4465 1554 4543 qnippe
1574 4464 1741 4526 dementire
1761 4465 1822 4532 est.
1843 4468 1877 4528 in
1902 4465 2005 4528 medio

646 4542 682 4606 dc
705 4543 867 4623 perspicuo
890 4548 941 4606 die
966 4545 1220 4606 commentitium
1236 4544 1343 4605 lumen
1360 4546 1547 4605 accendere:
1569 4549 1621 4624 qni
1646 4548 1730 4608 enim
1747 4549 1816 4630 post
1840 4551 2010 4612 veritatem

645 4636 803 4711 repertam
822 4625 939 4708 aliquid
957 4629 1089 4693 ulterior
1110 4623 1254 4705 discutit,
1278 4626 1476 4691 mendacium
1500 4632 1614 4711 quatit
1638 4673 1648 4694 .
1668 4673 1705 4698 ..
1726 4675 1736 4697 .
1764 4631 1845 4697 Nam
1864 4631 2010 4775 injupiaia

1951 4711 2012 4776 aeit
