5017 5592
568 445 651 576 oit'
663 487 888 573 auctrici
909 487 967 569 iu
987 481 1171 568 rantis
1192 477 1906 570 ceremoniarumque.
1927 501 2002 602 443

494 685 587 772 dap.
615 701 627 750 ι
636 699 669 767 3.
699 697 801 774 tique
822 679 917 748 Deua
945 673 1103 772 precipit
1129 694 1193 769 per
1219 673 1444 752 Murrani
1476 662 1599 763 inferes
1624 673 1741 744 malari
1761 661 1802 745 'se
1821 679 1920 750 medii
1941 681 2002 753 riti.

507 779 883 850 itirrarsaasru
904 778 943 845 de
959 763 1027 864 diff.
1051 776 1210 863 utriusque
1230 774 1309 872 Jar.
1325 773 1350 839 1.
1366 780 1403 846 6.
1421 791 1447 839 c.
1459 793 1495 847 5·
1514 774 1544 840 iii
1554 770 1613 862 fiii.
1635 768 1669 842 di
1692 771 1878 847 Gitone.
1895 779 2006 850 Ri'ra

509 891 736 948 ranutius.
757 878 794 944 dr
816 880 954 945 Asu.
974 883 1048 964 cap.
1068 896 1102 959 3.
1124 876 1224 947 Num.
1248 885 1281 944 8.
1302 865 1349 937 ast
1367 861 1633 939 facinorosorum
1648 871 1843 966 receptione
1857 877 2005 952 maxime

508 967 1008 1044 sufflaminatur'adminillratio
1026 970 1059 1039 di
1081 969 1233 1039 executio
1248 961 1381 1060 justitiae
1399 963 1629 1056 aMagilltatu
1646 961 1819 1042 faciende.
1873 973 2005 1070 Neque¹

509 1070 600 1164 leges
629 1067 900 1166 delinquentibus
927 1069 1208 1165 patrocinantur,
1234 1059 1435 1135 beneficiare
1458 1063 1634 1156 indulgent
1668 1070 1691 1138 i.
1708 1079 1765 1139 26.
1786 1075 1825 1149 ff.
1851 1083 1884 1140 6.
1932 1095 2004 1144 ,eat

509 1171 615 1264 quibas
634 1169 727 1246 caess
743 1172 815 1259 maj.
833 1173 856 1239 l.
874 1195 908 1239 ι.
924 1177 959 1247 l.
978 1191 1011 1253 3.
1029 1165 1062 1256 ff.
1079 1168 1119 1235 ad
1143 1170 1259 1235 Sciam
1280 1165 1543 1233 vomitu.
1571 1159 1628 1232 sed
1649 1166 1858 1238 contrarium
1875 1166 2007 1264 liquide

513 1268 671 1340 evincunt
692 1269 716 1338 l.
737 1282 792 1344 ir.
816 1275 845 1356 §.
869 1291 881 1335 i
908 1265 949 1354 ff.
970 1269 1006 1334 de
1023 1266 1092 1355 jud.
1118 1263 1251 1335 Noveii.
1277 1283 1335 1342 ιι.
1358 1280 1421 1354 cap.
1438 1285 1471 1332 a.
1495 1264 1625 1332 Nives.
1654 1288 1733 1344 ιιι.
1756 1285 1833 1359 cap.
1847 1269 1908 1337 alt.
1934 1264 2006 1348 vid,

513 1365 793 1437 covarruv.
815 1366 850 1434 iri
878 1386 940 1454 cap.
970 1383 1123 1457 pertatem
1142 1379 1225 1450 part.
1253 1384 1284 1429 ι.
1307 1364 1407 1428 Nam.
1428 1385 1459 1436 7.
1475 1359 1512 1426 de
1536 1366 1610 1452 Reg.
1633 1361 1700 1450 jur.
1733 1379 1865 1455 vnaq.
1894 1363 2005 1452 idalii,

512 1460 700 1546 controvers
723 1470 797 1556 Cap.
814 1485 871 1543 ιι.
888 1468 989 1532 Num.
1010 1487 1062 1530 ιι.
1076 1462 1157 1532 item
1179 1460 1317 1530 Mirr
1328 1477 1337 1524 i
1349 1473 1385 1526 u.
1412 1457 1453 1526 Μ
1464 1476 1485 1526 Α
1496 1474 1519 1524 o
1530 1477 1550 1524 u
1561 1475 1595 1526 a.
1615 1459 1652 1526 dt
1667 1461 1777 1528 edrici.
1791 1483 1870 1533 arm.
1887 1486 1951 1556 cap.
1969 1477 2005 1540 t.

513 1567 614 1634 Num.
636 1587 667 1638 7.
690 1561 911 1652 &sequentib
939 1557 971 1627 di
996 1582 1014 1626 a
1038 1555 1111 1630 lube
1134 1557 1293 1625 immunis
1318 1576 1384 1622 non
1406 1549 1583 1636 censetur,
1612 1556 1673 1651 qui
1696 1553 1801 1629 scelus
1826 1557 2005 1658 approbat,

515 1657 681 1736 auxiliove
711 1658 909 1754 opitulatur.
940 1657 1116 1729 Gentio.
1146 1657 1301 1723 Bacii'r
1329 1657 1367 1720 de
1392 1656 1512 1734 lecerit.
1544 1652 1633 1736 Tic(
1658 1666 1717 1729 86.
1779 1660 1856 1726 Ncc
1877 1655 2005 1754 templa

515 1757 605 1829 hunc
622 1757 657 1824 in
672 1751 774 1824 finem
790 1753 950 1827 exstruila
968 1751 1059 1834 sunt,
1083 1774 1119 1823 ut
1135 1751 1299 1852 speluqcrt
1317 1749 1349 1819 dt
1367 1748 1503 1819 latibula
1523 1746 1753 1822 maleficorum
1779 1751 1929 1836 evadant,
1947 1773 2005 1830 aut

478 1935 483 1948 Ι
515 1851 661 1928 Ecclesia
676 1848 714 1923 lit
729 1857 841 1924 nutrix
857 1847 1035 1948 fomesque
1051 1854 1250 1931 eriminum,
1274 1848 1329 1918 l'ed
1347 1848 1491 1921 maxime
1506 1850 1681 1945 expultrix.
1706 1845 1806 1924 Cous.
1835 1855 2006 1925 Mutii!

468 1972 572 2028 ,aa
597 1953 944 2024 Eiiituieaaciide
962 1956 1182 2039 jannuii.
1201 1957 1276 2038 ca„
1295 1972 1326 2024 5.
1350 1947 1383 2031 §.
1406 1972 1460 2019 ιι.
1512 1947 2011 2049 interelldeniqueReipubli.
2104 1947 2113 1962 ‘

514 2073 562 2128 ee
584 2049 712 2128 denuo,
735 2073 776 2119 ne
796 2047 918 2118 scelera
941 2069 1096 2124 maneant
1118 2048 1287 2144 impunita
1309 2048 1333 2118 l.
1349 2069 1410 2128 Ji.
1428 2051 1467 2127 l.
1486 2069 1519 2118 ι.
1539 2044 1575 2137 ff.
1590 2048 1630 2118 eil
1645 2051 1686 2122 L.
1708 2051 1820 2142 Aquis.
1843 2053 1868 2126 l.
1885 2063 1945 2127 τό.
1958 2047 2007 2148 ff.
2139 2089 2144 2094 ·

518 2153 553 2226 dd
578 2173 638 2221 aa.
654 2151 728 2220 cad.
752 2153 789 2219 de
804 2154 908 2243 poeni's.

1169 2267 1204 2356 §-
1253 2231 1356 2335 uti.

639 2399 757 2478 Nullis
772 2389 898 2473 circti'm
924 2395 1080 2496 scriptam
1097 2395 1263 2468 limitibus
1280 2392 1474 2492 potestatem
1490 2397 1655 2495 Principia
1669 2398 1758 2476 circa
1777 2398 1869 2494 leget
1885 2424 2006 2502 rogaui·
2039 2417 2042 2432 '

486 2587 489 2594 ¹
519 2499 606 2582 dat,
631 2498 930 2595 abrogandaaque,
952 2496 1137 2595 prasertim
1163 2492 1185 2567 li
1208 2519 1646 2570 coinmunem‘concernant
1667 2497 1895 2580 utilitatem&
1920 2524 2012 2577 tran·
2117 2579 2121 2584 ³

519 2597 743 2698 quillitatem,
760 2595 824 2669 iiic
840 2595 1088 2668 asseverandum
1111 2591 1176 2675 esl3
1200 2615 1302 2689 prout
1316 2592 1405 2690 (apra
1429 2604 1503 2689 cap.
1525 2622 1554 2668 ι.
1576 2600 1606 2686 §.
1625 2623 1676 2666 ιι.
1696 2618 1785 2691 parre
1800 2604 1894 2695 prior.
1916 2601 2015 2682 audi·¹

515 2713 658 2777 tumus,
685 2695 790 2767 dniiec
816 2696 976 2787 (redeunt
999 2691 1121 2786 verba>
1150 2689 1294 2784 poteslas
1320 2697 1389 2764 nac
1412 2692 1563 2786 legitime
1590 2692 1774 2792 adempta,
1805 2697 1860 2771 vel
1887 2701 2009 2794 quovit

522 2795 626 2868 titulo
648 2792 797 2864 abdicata
821 2791 1051 2886 significatum
1078 2786 1204 2861 amiffio
1226 2813 1338 2861 autem
1361 2814 1437 2862 cum
1463 2786 1590 2863 fabium
1612 2792 1726 2875 dicat,
1748 2819 1816 2866 non
1837 2794 2012 2892 praesumi*

521 2912 598 2973 tur,
620 2889 674 2961 sed
690 2892 853 2989 probetur
867 2886 990 2964 ira-affe
1007 2889 1079 2972 eli,
1101 2886 1236 2984 iusuper
1256 2886 1398 2980 quilibet
1413 2891 1448 2958 in
1466 2886 1659 2986 polleslione
1678 2885 1735 2967 sua
1755 2889 1802 2963 est
1823 2892 2010 2967 defenden-

521 2989 606 3070 dus,
634 2989 668 3062 di
690 2989 825 3060 titulum
841 2985 1042 3086 possessionis
1062 2989 1263 3077 regulariter
1278 3010 1379 3057 nemo
1397 2988 1497 3060 edere
1521 3010 1667 3061 tenetur.
1715 2991 1866 3066 Tamdiu
1883 2993 1938 3065 hic
1955 2991 2014 3066 ad·

505 3083 751 3182 ¹stipulandum
766 3090 831 3158 erit
851 3088 989 3157 domino
1005 3084 1224 3165 territuriali,
1246 3084 1413 3180 quamdiu
1426 3109 1494 3156 non
1515 3086 1727 3168 ostendetur,
1748 3086 1802 3183 jus
1820 3091 1884 3164 lioc
1899 3087 2011 3194 (quod

521 3185 707 3277 Regalibus
729 3187 851 3255 merito
873 3181 1083 3261 accensetur,
1107 3205 1155 3252 uri
1171 3185 1286 3252 omnia
1305 3183 1503 3277 privilegia,
1522 3180 1582 3260 suli
1599 3207 1749 3288 quorum
1771 3186 2009 3264 consideratio.

524 3284 686 3358 ucetiam
713 3286 853 3356 veniunt
873 3275 1122 3378 immunitates)
1143 3274 1240 3358 fuisse
1264 3275 1460 3356 ertinllum.

1160 3492 1196 3576 ς.
1243 3485 1371 3564 Vlll.

645 3625 773 3718 Neque
794 3622 900 3696 ullum
915 3646 1020 3720 porro
1040 3620 1229 3705 vinculum,
1251 3646 1321 3719 quo
1336 3621 1502 3719 Principia
1518 3645 1636 3698 manui
1655 3621 1860 3721 ceteroquin
1881 3617 2014 3700 liberri-

527 3739 594 3790 me
618 3716 791 3812 ligentur,
818 3723 1029 3818 eundemque
1054 3721 1094 3791 ad
1116 3722 1362 3792 immunitatem
1385 3724 1665 3794 manutenendam
1687 3720 1911 3814 adstringant,
1935 3747 2017 3822 prae

528 3816 607 3890 duci
626 3817 753 3914 potest,
777 3821 812 3890 di
828 3818 850 3890 si
865 3816 936 3891 fora
956 3818 1124 3912 quoddam
1140 3814 1202 3889 esse
1218 3817 1350 3896 dicatur
1365 3820 1400 3890 in
1423 3818 1676 3900 Antecessorum
1691 3818 1827 3895 suorum
1844 3843 2015 3896 veterum·

529 3937 599 4010 que
620 3920 734 4012 lmpp.
760 3916 1050 3988 constitutionibus
1069 3912 1170 4011 supra
1194 3917 1345 4008 allegatis
1370 3916 1572 4002 radicatum,
1595 3943 1633 3990 ac
1654 3917 1695 3990 ad
1720 3915 1810 4015 ipsoa
1831 3917 2016 3992 hodiernae

531 4014 691 4083 continua
710 4014 801 4085 velut
820 4012 1048 4086 traditione&
1073 4011 1257 4087 transmilsa
1277 4012 1483 4105 obligatione
1510 4017 1727 4086 devolutum:
1756 4013 1790 4084 id
1811 4012 1887 4086 sane
1911 4021 2017 4107 gratia

532 4105 712 4204 &absque
733 4109 838 4183 solido
859 4107 1076 4183 fundamento
1092 4111 1278 4190 diceretur,
1299 4112 1453 4205 nihilque
1467 4111 1604 4206 prorsus
1619 4110 1810 4183 relevaret:
1837 4137 1912 4183 nam
1932 4138 2018 4209 prat·

560 4207 656 4276 rimis
681 4207 971 4281 conslirutionilius
994 4207 1159 4299 ejusmodi
1178 4207 1437 4300 privilegiariis,
1461 4215 1632 4305 meritique
1647 4212 1765 4302 gratiis
1779 4235 1848 4282 non
1871 4207 2019 4302 obligari

531 4227 732 4376 successores
749 4331 828 4380 noto
850 4308 962 4376 notius
977 4303 1040 4386 eil,
1063 4303 1119 4376 sed
1140 4328 1194 4375 eas
1209 4304 1251 4375 ad
1270 4301 1631 4384 lubitumJevocabilea
1647 4302 1724 4382 esse.
1773 4311 1816 4378 Et
1830 4303 1853 4377 li
1866 4305 2018 4386 transiret

531 4401 689 4495 quaedam
706 4403 801 4474 ualde
820 4428 947 4475 remota
967 4401 1182 4493 obligationis
1205 4400 1348 4495 species,
1371 4401 1441 4473 haec
1461 4408 1597 4501 penitus
1619 4425 1834 4479 enervaretur
1858 4403 2020 4483 suadente

530 4501 743 4574 rouuarium
762 4498 923 4583 felicitate
937 4497 1172 4599 Reipublicae,
1199 4498 1233 4577 di
1249 4497 1340 4573 aliud
1359 4499 1424 4590 jam
1446 4498 1633 4595 pollulante
1655 4511 1849 4605 temporum
1867 4495 2022 4580 rieiffiru·
2046 4531 2052 4536 -

1317 4589 1471 4676 Illtlta
1926 4595 2019 4680 dae·
