5017 5592
432 613 509 733 ue
535 652 798 782 uouonuu
820 599 1205 740 uectustnsuco
1220 705 1230 722 ·
1248 660 1529 743 uornuuu
1553 665 1799 749 corruet.
1824 679 1898 775 65⁷
1976 701 1982 710 ·

531 838 565 909 Si
576 834 669 909 resle
687 838 840 932 intelligo
854 826 1121 925 Lochlleinium,
1139 865 1205 913 non
1219 843 1352 916 videtur
1366 846 1450 917 mihi
1465 845 1527 920 esse
1541 853 1745 938 eontrarium
1771 850 1793 924 s
1806 856 1896 929 enim

409 935 469 1009 hie
485 933 570 1006 bona
585 934 801 1009 Ecclefiarum
815 937 1011 1020 adventitia,
1040 939 1071 1010 ἃ
1089 940 1201 1010 multo
1222 945 1326 1032 magia
1343 942 1428 1014 bona
1451 946 1658 1019 Clericorum
1675 945 1895 1044 patrimonia·

409 1034 457 1106 lia
473 1030 511 1104 ab
525 1031 584 1105 usu
599 1036 815 1105 immunitatis
832 1035 992 1118 excludit,
1015 1043 1152 1108 omnino
1169 1033 1340 1121 assentior,
1366 1036 1443 1112 solia
1458 1045 1547 1114 enim
1563 1043 1657 1116 bonis
1670 1045 1893 1123 Ecclestatum

412 1130 578 1203 dotalibus
595 1134 817 1202 immunitates
834 1128 927 1204 soille
941 1130 1101 1205 concessae
1122 1132 1219 1230 supra
1236 1139 1444 1220 notavimus,
1470 1140 1622 1212 debonis
1640 1142 1804 1216 dotalibus
1825 1171 1893 1218 nott

411 1230 546 1302 videtur
562 1228 618 1301 hic
640 1230 733 1324 loqui
756 1229 876 1300 author
895 1227 1116 1311 doslilstntus,
1142 1234 1223 1327 quin
1246 1240 1360 1328 potius
1388 1259 1450 1330 pro
1465 1237 1529 1308 illia
1552 1236 1613 1311 elle
1636 1240 1786 1325 videtut3
1812 1267 1892 1314 cum

411 1330 503 1400 enirn
520 1328 599 1399 haec
612 1330 727 1397 unicae
742 1352 908 1418 congruae
925 1328 1151 1398 ministrorum
1167 1327 1388 1402 sustentationi
1409 1334 1550 1431 aliisque
1566 1334 1720 1430 impensis
1736 1340 1769 1408 ln
1786 1341 1893 1408 Mini-

410 1423 549 1498 sterium
565 1423 690 1495 sactum
706 1419 864 1495 faciendis
882 1423 940 1497 sint
956 1423 1128 1507 destinata,
1145 1427 1233 1496 nulla
1252 1428 1305 1500 hic
1322 1425 1550 1524 exsuperantia
1567 1436 1746 1525 excogitati
1763 1432 1889 1529 potest,

408 1519 1890 1717 illilus?lllpt‘llltlllll'ltellfflnll‘l‘ll'lrlllllssl‘lff‘ul

453 1755 493 1840 a)
516 1752 596 1822 Part.
618 1772 648 1822 2.
669 1774 697 1821 c.
723 1770 771 1819 12.
794 1751 826 1835 §.
849 1772 879 1844 7.
903 1751 937 1817 δι
959 1771 1008 1825 12.
1143 1855 1145 1862 Ι

1066 1937 1097 2029 5.
1145 1934 1226 2009 LX.

470 2069 472 2074 ’
529 2075 641 2168 Atque
657 2068 739 2141 haec
753 2066 826 2141 sunt
838 2069 971 2163 potiora
984 2063 1058 2152 illa,
1082 2067 1202 2166 quibus
1216 2067 1312 2169 saepe
1328 2069 1479 2147 laudatur
1494 2070 1730 2146 veremundus
1747 2075 1892 2150 atnam

407 2167 497 2246 stein
517 2170 742 2240 immunitates
766 2165 981 2239 Ecclestarum
1002 2168 1203 2264 temporales
1222 2172 1414 2268 impugnat,
1447 2195 1658 2265 argumenta,
1684 2170 1825 2268 quibua,
1849 2193 1890 2248 ut
1991 2179 1994 2186 '

407 2268 496 2343 mihi
518 2269 667 2348 videtur,
699 2261 898 2336 sufficienter
918 2258 1088 2347 refutatis,
1123 2265 1243 2338 ultimo
1264 2293 1351 2341 nune
1372 2271 1506 2344 tandem
1527 2269 1604 2340 loco
1627 2266 1814 2342 definienda
1839 2265 1889 2344 est

375 2411 381 2418 -
408 2363 576 2466 quaellio:
605 2387 688 2436 anne
705 2361 818 2434 saltem
835 2363 868 2433 u
887 2365 920 2434 in
939 2368 1148 2457 quantumin
1163 2361 1236 2440 casu
1252 2363 1714 2467 uccellitatiapublicaebona
1729 2363 1889 2443 Ecclesia·

407 2487 488 2539 rum
505 2462 628 2534 dotalia
649 2458 796 2533 colleslis
812 2457 927 2556 subjici
948 2464 1096 2557 queunt?

394 2663 398 2670 .
512 2591 632 2691 ¹Cujus
652 2592 850 2691 quaestionis
871 2591 1028 2665 resolutio
1050 2592 1134 2665 mihi
1152 2617 1220 2667 noo
1240 2597 1373 2672 videtur
1393 2594 1456 2668 else
1477 2622 1495 2668 a
1516 2594 1701 2692 longinquo
1723 2591 1887 2692 petenda,

406 2694 572 2794 liquidem
586 2696 676 2764 enim
690 2718 728 2764 ex
744 2690 841 2788 supra
857 2687 1008 2763 deduslia
1026 2694 1251 2766 immunitates
1275 2691 1493 2768 Ecclesiarum
1508 2693 1710 2790 temporales
1732 2691 1809 2763 solia
1830 2715 1888 2777 req

408 2795 574 2890 gulatiter
589 2793 779 2886 principum
793 2787 1213 2957 saeculariumpriuilegiia
1230 2792 1435 2867 innituntur.
1462 2794 1494 2861 in
1514 2792 1567 2862 hia
1582 2815 1662 2862 vero
1677 2814 1739 2887 per
1752 2791 1888 2861 notoria

405 2893 494 2994 jutia
517 2885 608 2961 casus
630 2883 822 2958 necessitatis
844 2884 995 2982 publicae
1029 2912 1147 2983 emper
1170 2886 1191 2958 li
1211 2914 1278 2961 oon
1301 2885 1465 2986 expresse,
1492 2886 1606 2962 saltem
1628 2892 1744 2969 tacite,
1770 2884 1816 2959 est
1834 2910 1888 2958 ex·

406 3012 547 3087 ceptus,
574 3009 683 3082 prono
706 2984 783 3055 inde
804 2983 898 3055 alveo
918 2983 1011 3071 fluit,
1045 2983 1132 3061 bona
1156 2986 1373 3065 Ecclestarum
1396 2986 1519 3064 dotalia
1540 2988 1576 3059 io
1597 2983 1673 3060 cusu
1691 2979 1886 3061 necessitati·

406 3077 541 3188 optimo
553 3084 630 3181 jure
645 3079 707 3158 esse
722 3079 950 3157 colleilabilia.

1044 3210 1077 3310 t.
1126 3212 1235 3286 ext.

390 3390 392 3394 ·
524 3359 651 3450 Neque
666 3350 766 3424 etiam
781 3368 928 3443 unquam
943 3341 1105 3418 recusavit
1119 3339 1279 3426 Ecclesia,
1304 3340 1517 3416 contribuere
1533 3344 1573 3415 arl
1589 3347 1755 3419 aerarium
1776 3344 1888 3443 publia·

407 3476 505 3535 eum,
528 3452 585 3524 nbi
605 3452 640 3522 id
655 3443 819 3521 necellitas
835 3467 1009 3536 exegerat,
1037 3443 1071 3513 id
1091 3440 1348 3539 quodomnium
1371 3464 1562 3536 temporum
1586 3441 1741 3516 historiae
1760 3445 1793 3517 u
1811 3441 1885 3518 asle

406 3548 744 3653 publicalueulentcr
764 3541 934 3618 testantur.
984 3545 1070 3613 Cum
1092 3566 1174 3612 vero
1192 3540 1364 3636 principes
1381 3537 1564 3613 saeculares
1583 3543 1616 3612 in
1639 3539 1884 3615 conscribendia

406 3649 672 3744 colligendiaque
688 3642 775 3716 hisce
790 3640 922 3714 tributis
941 3641 1081 3711 nimium
1105 3638 1201 3735 saepe
1219 3635 1377 3708 Ecclesiae
1400 3634 1602 3735 presserunt,
1628 3637 1709 3710 haee
1731 3641 1884 3724 tandem,

377 3757 383 3764 '
405 3751 460 3822 uti
477 3751 509 3820 iu
524 3772 595 3843 cap.
613 3769 647 3833 7,
662 3738 816 3814 aduersus
832 3739 872 3810 Χ.
891 3737 932 3809 de
950 3739 1117 3808 immunit.
1135 3737 1276 3828 legitur,
1302 3735 1487 3806 aconeilio
1506 3733 1715 3808 Lateranenst
1733 3735 1790 3807 sub
1808 3737 1885 3810 Ale·
2033 3789 2039 3798 .

406 3844 534 3922 xandro
545 3834 977 3915 lll.emanavitconllitutio
992 3838 1025 3906 in
1040 3832 1167 3906 verbis:
1191 3837 1354 3928 Siquando
1364 3834 1449 3922 fatte
1467 3836 1620 3929 Episcopus
1633 3835 1720 3920 fimul
1734 3859 1798 3905 cum
1818 3838 1887 3907 cle·

407 3947 479 4020 r'iru
493 3964 612 4016 tuntum
626 3940 821 4032 ueteffitutem
837 3939 871 4012 ὅ
886 3939 1052 4006 insilientem
1063 3933 1263 4032 perspexerit,
1280 3950 1315 4001 ut
1328 3931 1437 4024 ubsque
1454 3935 1514 4001 ulia
1528 3939 1675 4002 counione
1686 3936 1727 4001 ud
1742 3937 1886 4006 relevan-

406 4045 467 4116 dus
481 4046 632 4112 utilitates
645 4042 701 4109 vel
715 4036 894 4129 neceffituter
907 4056 1089 4113 communes,
1114 4034 1162 4100 ubi
1184 4034 1326 4100 luiturum
1341 4054 1399 4099 uun
1411 4031 1571 4124 suppetunt
1580 4031 1765 4122 facultates,
1788 4030 1886 4120 substa

406 4144 462 4215 diu
477 4143 619 4211 duxerint
635 4135 832 4228 conserenda,
855 4135 998 4222 praesidi
1015 4134 1100 4201 Luiti
1115 4129 1321 4202 humiliter&
1336 4131 1449 4199 deuote
1468 4135 1612 4222 recipiant
1632 4151 1697 4198 cum
1707 4134 1885 4220 gratiarum

406 4242 544 4313 uiiiunet
569 4257 687 4328 propter
703 4234 935 4325 imprudentium
950 4253 1050 4298 tumen
1063 4231 1251 4320 quarundam
1267 4233 1419 4298 Romanus
1434 4227 1582 4316 Pontifex
1593 4231 1678 4325 prius
1692 4224 1883 4326 consulatur,

406 4339 494 4430 cujus
508 4333 650 4426 interest,
675 4331 874 4403 communibus
888 4327 1073 4400 utilitatibus
1083 4328 1258 4421 providete.

1043 4522 1074 4612 a.
1127 4515 1259 4592 tht.

526 4665 697 4734 Canonetn
716 4659 806 4738 hunc
820 4659 869 4737 ita
881 4655 1105 4742 communiter
1121 4653 1385 4740 interpretantur
1397 4649 1647 4728 immunitatum
1658 4627 1885 4730 ecclesiastica·

462 4758 591 4844 Tamus
615 4754 664 4839 V.
776 4761 778 4768 '
1151 4751 1219 4826 00
1243 4771 1301 4822 oo
1804 4763 1884 4822 runt
