5017 5592
505 656 579 730 etc
949 638 1525 760 otssaarnrto
1610 623 1613 628 ⁴

623 826 796 899 Permitto
817 822 990 908 Secundo,
1015 848 1072 897 eos
1094 824 1345 896 Imnrunitatem
1364 821 1586 898 Personarum
1606 818 1928 902 Ecclelioslieerum,
1951 818 1979 894 dr

439 1013 444 1018 ¹
502 950 567 1028 per
582 923 786 1021 consequens
798 926 898 998 etiem
912 948 1044 1005 rerum,
1060 946 1136 994 eum
1149 924 1240 1017 juxta
1250 919 1341 1015 ipsos
1353 920 1526 996 accessoria
1540 920 1689 1021 personae
1705 919 1843 1018 semper
1851 917 1978 1016 sequen·

504 1050 562 1099 rur
579 1025 806 1097 conditionem
847 1019 988 1101 essone,
1013 1025 1046 1091 in
1061 1016 1134 1114 ipso
1149 1021 1230 1115 Jore
1246 1025 1371 1093 Divino
1386 1018 1546 1102 fundare,
1573 1021 1781 1101 &tandem,
1808 1042 1848 1090 ut
1865 1043 1907 1089 eo
1921 1042 1979 1090 tua·

502 1124 612 1221 jurem
628 1118 796 1194 diuorum
811 1045 949 1190 Iltorum
965 1121 1186 1190 reverentiam
1202 1119 1298 1190 nobis
1312 1121 1490 1202 incutiant,
1516 1117 1711 1192 Pontificem
1734 1121 1772 1189 in
1795 1115 1978 1190 turbatores

502 1221 730 1295 immunitatis
746 1213 973 1289 Ecclefiassicae
990 1212 1147 1287 dirissima
1170 1220 1428 1289 comminantem
1448 1214 1591 1291 fulmina
1611 1214 1790 1315 proferre3
1817 1238 1859 1288 ur
1878 1217 1980 1312 iraque
2020 1257 2022 1298 ς

420 1379 425 1386 .
503 1318 589 1391 nihil
606 1317 694 1389 aliud
709 1312 873 1412 superesse
887 1315 1056 1397 videatur,
1083 1339 1185 1410 quam
1201 1315 1292 1410 quod
1309 1318 1424 1388 Azorii
1441 1315 1585 1410 vestigiis
1600 1315 1733 1412 publice
1754 1339 1824 1386 non
1848 1310 1979 1385 insistant
2020 1315 2022 1390 ἶ

503 1415 614 1490 studio
633 1418 779 1512 partium
800 1414 883 1485 adeo
906 1409 1046 1494 addIili,
1071 1436 1109 1483 ut
1129 1416 1226 1508 Papae
1246 1414 1467 1511 temporalem
1485 1419 1585 1488 etiam
1607 1414 1640 1487 dt
1663 1415 1786 1485 laicam
1808 1412 1979 1508 superiori·
2020 1441 2022 1494 ς

505 1538 607 1587 retent
623 1517 657 1584 in
674 1535 746 1585 toto
761 1512 904 1594 mundo,
930 1510 964 1583 dc
1010 1509 1123 1583 uidem
1145 1511 1327 1606 majorem,
1352 1537 1453 1608 quam
1476 1514 1576 1585 habet
1598 1518 1813 1610 Imperator,
1839 1513 1978 1582 etismio

504 1611 618 1709 Ipsum
631 1616 896 1708 Imperatorem,
915 1536 1130 1691 attribueret,
1154 1634 1257 1705 quem
1273 1631 1402 1693 tamen,
1427 1637 1504 1684 curn
1521 1615 1555 1683 in
1578 1612 1666 1682 hunc
1685 1609 1793 1682 finem
1813 1608 1860 1680 ad
1883 1611 1979 1681 Erue·
2020 1635 2022 1702 ;

504 1734 581 1804 vag.
636 1717 735 1783 Unam
749 1709 880 1796 {andam
899 1710 961 1782 &a
978 1710 1016 1775 de
1035 1710 1338 1797 lilriorir.&obed.
1363 1713 1443 1782 item
1468 1710 1509 1782 ad
1531 1709 1694 1781 Saeculum
1713 1704 1899 1788 aaaron,
1925 1728 1979 1804 quo
2020 1711 2022 1794 ζ

503 1810 693 1906 Imperium
715 1833 733 1877 a
761 1807 889 1877 Grecis
910 1804 951 1876 ad
975 1805 1183 1885 Germanos,
1215 1803 1399 1892 beneficio,
1430 1832 1468 1881 ut
1486 1810 1617 1903 inquit,
1647 1811 1748 1903 Papae
1774 1805 1980 1885 tranrsatoto,

504 1909 589 1981 item
612 1905 653 1977 ad
673 1902 758 1980 Asia
778 1906 865 1974 inter
886 1906 1057 1974 Innocent.
1070 1905 1132 1976 IV.
1154 1903 1187 1975 dt
1209 1905 1421 1977 Fridericum
1441 1910 1486 1979 II.
1504 1927 1681 2001 provocet,
1706 1903 1756 1975 nil
1771 1927 1914 1984 moror,
1933 1899 1978 1975 sed

504 2005 622 2105 potius
635 2028 713 2074 cum
728 1997 912 2075 dosliffimo
925 2005 1058 2075 Melior
1073 1997 1255 2098 scriptore,
1279 2001 1479 2101 Apostoliee
1491 2004 1585 2075 SedIs
1598 1997 1889 2085 reverentislimo,
1909 2000 1979 2082 lsroe
2019 1999 2022 2068 l

388 2183 390 2188 ,
505 2123 587 2178 vere
602 2101 808 2175 Catholicam
824 2098 1017 2173 sententiam
1031 2099 1197 2196 intrepide
1212 2122 1329 2181 tueor,
1353 2098 1518 2174 summum
1532 2098 1729 2173 Pontificem
1743 2122 1922 2195 nunquam
1935 2099 1979 2170 ha·
2018 2135 2022 2148 ·

505 2196 610 2272 buisse
631 2223 754 2272 tantam
777 2201 810 2268 in
832 2195 1072 2296 temporalibus
1098 2196 1394 2295 Jurisdisiionem,
1424 2222 1461 2271 ut
1481 2198 1518 2271 fit
1539 2201 1705 2270 Dominus
1725 2196 1863 2279 Orbis,
1889 2218 1980 2294 aquo
2020 2247 2022 2258 ·

504 2300 679 2395 Principes
694 2293 891 2394 potestatem
908 2293 998 2367 suam
1013 2291 1165 2371 derivare
1177 2294 1462 2396 debeant,neque
1473 2295 1668 2371 Pontificem
1679 2296 1763 2370 dare
1773 2294 1831 2370 tel
1845 2294 1979 2369 adlmtrt

504 2390 617 2495 polle,
635 2396 727 2494 qood
743 2392 815 2493 ipse
830 2420 897 2467 non
914 2392 1027 2469 habet.

628 2545 672 2614 Et
696 2543 848 2640 quamvis
865 2538 1044 2616 secundum
1065 2540 1236 2636 vulgarem
1256 2537 1443 2615 doslrinam
1462 2541 1723 2636 Tlteologorum
1745 2539 1781 2612 dt
1803 2533 1982 2613 Canonillt·

506 2664 602 2725 rum,
629 2640 670 2713 ad
694 2666 815 2714 munus
837 2637 957 2713 summi
983 2637 1152 2713 Pontificio
1173 2642 1346 2738 pertinere
1369 2641 1516 2723 dicatur,
1546 2645 1697 2734 exigente
1720 2635 1842 2711 salutis
1865 2659 1980 2712 eterne
2006 2655 2022 2774 p

409 2827 411 2832 ,
508 2737 622 2824 causa,
652 2763 758 2837 eaque
780 2739 960 2811 admodum
983 2744 1076 2833 gravi
1096 2744 1273 2821 declarare,
1309 2739 1399 2835 quod
1422 2736 1544 2811 subditi
1568 2743 1601 2810 in
1624 2734 1768 2833 passibus
1791 2737 1839 2808 ad
1863 2739 1979 2808 ruiotn
2018 2779 2022 2876 p

481 2855 483 2860 '
508 2837 621 2914 salutis
637 2841 823 2910 animarum
834 2838 1083 2934 pertinentibus
1097 2862 1114 2909 a
1130 2836 1264 2909 vinculo
1278 2834 1476 2910 obedientiae
1497 2839 1690 2931 Principum
1708 2837 1917 2930 Laieorum,
1939 2853 1979 2903 ot·
2020 2881 2022 2918 ÷

505 2932 1454 3128 ,IsiIIlIIIILIIssdltllsnl'tlsssl{Issa
1472 2926 1979 3129 llllssss‘n‘z‘sssstsssssll

508 3129 560 3200 di:
589 3128 669 3200 tales
684 3130 790 3210 enim,
816 3132 1028 3223 quantumvis
1043 3132 1076 3200 in
1094 3127 1234 3225 persona
1250 3125 1306 3200 sua
1321 3130 1504 3216 cuminos,
1532 3155 1587 3201 aut
1603 3132 1774 3211 heretici,
1802 3127 1828 3200 st
1845 3128 1977 3201 subditos

507 3235 575 3300 'etna
593 3223 688 3297 stmul
711 3252 778 3298 non
802 3225 982 3322 trahantin
1002 3229 1134 3298 ruinam
1154 3225 1382 3323 spiritualem,
1408 3255 1474 3301 non
1495 3225 1627 3326 possunt
1645 3253 1662 3298 a
1677 3226 1814 3300 summo
1832 3221 1979 3300 Pontifiet
2020 3219 2022 3230 '

508 3321 672 3426 poteslste
695 3324 729 3394 in
750 3322 899 3396 subditos
920 3324 1133 3398 obedientiali
1156 3328 1294 3422 privari.
1355 3331 1388 3398 S.
1408 3329 1507 3399 Petro
1529 3335 1561 3399 itt
1576 3330 1668 3421 Epist.
1688 3354 1716 3395 ι.
1736 3335 1816 3420 cap.
1830 3354 1863 3397 2.
1877 3352 1914 3399 aa
1935 3339 1978 3401 tI·
2019 3315 2022 3360 ¹

508 3449 576 3496 non
594 3418 714 3493 srullra
733 3445 904 3495 monente:
932 3425 1026 3494 Servi
1045 3421 1165 3495 subditi
1184 3421 1287 3495 ellote
1310 3427 1466 3497 Dominis
1484 3452 1550 3498 non
1574 3447 1700 3496 tantum
1717 3425 1804 3493 bonis
1831 3421 1887 3494 sed
1903 3423 1980 3493 dcli·

509 3521 606 3607 stolis.
658 3519 733 3616 Ipse
744 3521 899 3592 Salvator
913 3521 993 3593 dare
1008 3521 1128 3593 Cassri
1145 3520 1288 3615 (gentili
1302 3526 1424 3613 crient)
1442 3549 1515 3619 quse
1532 3522 1605 3595 sunt
1625 3519 1785 3603 Caesaris,
1816 3519 1977 3618 precepit.

507 3612 685 3700 Profeslo,
698 3642 774 3690 eum
790 3622 1002 3691 Innocentius
1012 3624 1070 3690 IV.
1085 3621 1349 3690 FridericumII.
1366 3621 1406 3692 ab
1420 3625 1512 3693 omni
1526 3624 1656 3694 honore
1670 3624 1820 3715 ImperIi
1837 3621 1871 3693 dt
1886 3616 1977 3710 Regni

508 3717 713 3815 deponeret,
739 3716 773 3786 id
786 3724 986 3808 quantumvis
998 3721 1159 3810 prehabito
1174 3725 1319 3789 Fratrum
1336 3722 1371 3794 ss
1388 3726 1514 3791 Consilii
1530 3725 1683 3814 generalis
1707 3708 1976 3791 deliberetienrss·

509 3811 601 3885 sium
615 3812 704 3887 esset.
742 3823 775 3885 (I.
793 3841 825 3886 ι.
841 3819 878 3885 dr
890 3814 966 3899 sent.
984 3819 1019 3891 Is
1034 3842 1066 3887 re
1077 3821 1145 3906 jad.
1162 3821 1194 3886 in
1212 3830 1244 3888 ό.
1270 3817 1440 3915 Principes
1456 3821 1598 3915 Imperii
1620 3818 1802 3909 egerrime
1825 3817 1974 3890 tulerunn

509 3912 544 3985 dc
567 3910 766 3983 turbulentis
789 3917 941 3985 Ladoniti
962 3920 1086 3986 Bavari
1112 3911 1320 4009 temporibus
1343 3915 1426 3987 hanc
1447 3914 1599 3989 Pontifici
1620 3912 1826 4011 potestatem
1848 3904 1976 4012 express

507 4010 727 4103 denegarunt.
779 4013 947 4081 Herwart.
966 4017 997 4081 in
1017 4017 1142 4085 Ludoo.
1157 4021 1242 4083 Bao.
1262 4014 1379 4102 defenso
1396 4014 1598 4089 Adlzreiter.
1614 4014 1705 4086 Ain.
1725 4017 1795 4103 Boi.
1813 4038 1847 4108 p.
1865 4042 1895 4085 r.
1914 4017 1934 4079 t.
1949 4034 1973 4099 3.

507 4133 539 4180 n.
557 4128 612 4195 38.
630 4108 746 4179 eadem
764 4106 876 4179 saltem
892 4108 1068 4190 tnodellia,
1095 4135 1159 4200 qua
1174 4134 1252 4199 erga
1265 4108 1516 4186 Constantinum
1527 4118 1579 4184 M.
1595 4113 1738 4203 negotiis
1755 4106 1973 4183 Ecclesiastico

506 4202 540 4276 se
555 4210 761 4296 ingerentem
776 4204 898 4277 Hostus
913 4207 1132 4278 Cordubensis
1149 4209 1318 4302 quondam
1334 4207 1409 4281 usus
1425 4208 1490 4296 est,
1516 4213 1687 4304 Principes
1704 4208 1878 4280 Catholici
1893 4213 1973 4300 Pape

504 4326 673 4397 reponere
690 4300 835 4395 possunt:
869 4308 935 4375 Tibi
951 4316 1034 4375 Deus
1049 4311 1207 4393 Etrlelt'nn
1221 4310 1382 4397 commiste,
1407 4313 1506 4390 nobis,
1530 4335 1592 4401 que
1601 4307 1676 4398 [urit
1690 4313 1823 4398 Imperii
1839 4326 1970 4400 tempore

503 4405 544 4571 pis
562 4406 761 4513 concredidit,
787 4426 880 4493 neque
889 4404 943 4492 fes
959 4405 1000 4495 eli
1015 4407 1096 4475 nolis
1112 4407 1290 4498 potestatem
1301 4409 1507 4500 spiritualiter
1529 4410 1655 4488 habere,
1677 4430 1777 4498 neque
1803 4428 1842 4479 tre
1856 4412 1886 4478 iit
1899 4402 1972 4476 tertis

526 4521 669 4596 inperium
684 4519 777 4569 tenes.

620 4632 764 4707 Veniam
781 4628 873 4704 dabis
892 4630 1015 4708 Lesior
1030 4633 1208 4722 benevole,
1237 4634 1330 4733 quod
1345 4660 1363 4710 a
1378 4633 1479 4735 scopo
1502 4634 1718 4714 dissertationi
1739 4659 1830 4714 tneae
1852 4629 1974 4738 presto

1909 4753 1976 4834 pau·
