5017 5592
466 407 473 492 Ι
569 411 573 426 .

705 559 1197 713 oaJuaacaasauao
1215 615 1821 740 tarnautauutrtuacun.
1917 609 2023 726 ψ’

521 821 657 875 arantur.
723 769 839 893 Hujus
871 795 1038 870 sententiae
1070 796 1315 894 anteltgnanum
1342 823 1486 873 veneror
1517 802 1737 896 Magnificum
1767 809 1985 902 Barabelium,

517 923 627 970 meum
649 897 818 993 quondam
842 891 1062 968 Profellorem
1077 899 1109 967 itt
1127 922 1233 968 aevum
1259 890 1651 996 rolendilltmum,'cujus
1669 929 1745 977 cum
1768 908 1907 1002 collegia
1923 937 1988 1008 pur·

515 995 597 1068 blica
617 999 819 1102 privataque
838 996 924 1064 inter
945 994 1129 1065 multorum
1150 995 1342 1067 auditurum
1367 1020 1558 1068 exterorum
1582 999 1613 1069 dt
1638 1002 1868 1093 indigenarum
1890 1033 2002 1081 coro·-

511 1117 670 1264 llil?
685 1089 1331 1261 blilbmbrllssiababli‘1⁰
1344 1092 1988 1269 '¹3:⁸23tl‘lllll‘llsl‘s‘lfflmff‘
2039 1223 2043 1232 ·

510 1245 728 1361 fundamenta
751 1285 822 1381 ejus
845 1290 1019 1381 capiantur
1040 1284 1250 1370 dillinllius,
1270 1214 1440 1383 imbbimis
1469 1288 1628 1362 adnotare
1649 1224 1987 1394 convenilfpillb:

550 1388 753 1458 imariarum
773 1408 911 1480 precum
927 1385 1037 1478 quoad
1064 1381 1276 1455 substantiam
1296 1408 1488 1479 acceptum,
1512 1384 1633 1458 Caesari
1651 1413 1895 1485 competentem
1910 1419 1987 1491 per·

510 1412 604 1556 {aaa
628 1482 766 1554 idoneas
784 1480 824 1550 ad
856 1478 1064 1553 beneficiam
1089 1482 1240 1578 Imperio
1260 1488 1407 1555 vacantia
1433 1478 1532 1554 semel
1557 1482 1773 1578 praesentandi
1796 1485 1987 1568 facultatem

510 1582 703 1674 indigitari,
725 1576 749 1650 li
772 1601 853 1649 vcro
874 1578 984 1673 quoad
1012 1579 1170 1660 modum,
1198 1603 1266 1673 quo
1286 1603 1475 1661 exercetur,
1501 1579 1686 1675 spelletur,
1714 1586 1797 1657 nihil
1819 1587 1908 1660 aliud
1931 1594 1985 1661 itt·

511 1678 639 1771 telligi,
665 1700 766 1772 quam
786 1675 876 1769 quod
905 1673 1048 1746 Caesares
1070 1675 1273 1747 nominando
1294 1673 1450 1769 personas
1471 1678 1511 1747 ad
1534 1677 1692 1750 beneficia
1706 1685 1808 1754 etiam
1831 1709 1986 1761 vacatura
2045 1749 2048 1754 .

511 1771 747 1872 exspeclanms
771 1774 875 1853 dare,
906 1771 939 1843 dt
960 1797 1152 1845 executores
1176 1769 1406 1845 ecclefiasticos
1428 1770 1626 1846 constituere
1647 1800 1787 1872 queant,
1803 1784 1861 1874 qui
1882 1785 1985 1858 etiam

510 1876 616 1968 paenis
634 1870 669 1941 dt
690 1868 835 1942 censuris
858 1867 1078 1940 eccleliallicis
1101 1865 1314 1941 refraliarios
1339 1868 1545 1953 Collarorei,
1564 1869 1627 1943 suae
1650 1872 1871 1948 'urisdilliorti
1894 1880 1984 1954 haud

509 1969 697 2066 iubjestm,
720 1969 759 2038 ad
776 1963 936 2038 beneficia
959 1965 1109 2063 precillis
1130 1964 1334 2039 conferenda
1354 1965 1558 2062 compellere
1597 1900 1710 2041 olllnr:
1736 1974 1863 2071 hacque
1880 1975 1984 2072 expli·
2009 2047 2013 2054 ,

511 2069 605 2139 caudi
627 2067 758 2136 rarione
773 2060 952 2161 prtemilla,
976 2088 1143 2161 quotquot
1159 2065 1259 2159 hujus
1274 2062 1346 2135 lunt
1359 2066 1545 2161 opinionis,
1562 1993 1628 2137 lise
1645 2072 1818 2141 veritatem
1832 2070 1984 2164 attigill'e,

513 2164 542 2237 dr
565 2166 747 2258 utriusque
766 2166 801 2245 ξ.
815 2165 909 2231 Vlll.
931 2161 962 2231 dr
985 2165 1042 2231 ΙΧ.
1066 2158 1215 2233 addullae
1237 2159 1403 2232 sententia
1425 2166 1628 2252 argumentis
1650 2160 1758 2236 fecille
1782 2165 1857 2240 saris
1878 2169 1984 2244 crilli-
2044 2165 2051 2199 '

513 2284 622 2334 mant:
646 2260 677 2330 dr
697 2259 832 2355 quidem
846 2258 937 2354 quod
952 2257 1007 2354 jus
1021 2261 1259 2366 primariorum
1275 2281 1413 2352 precum
1436 2258 1545 2352 quoad
1570 2258 1777 2332 lubllanriam
1799 2262 1983 2359 speciatum

512 2362 648 2442 attinet,
672 2354 755 2425 illud
781 2359 921 2436 auriane
944 2356 1171 2425 conluerudini
1188 2355 1343 2423 duntaxat
1358 2356 1470 2436 inniti,
1489 2351 1587 2426 facile
1608 2360 1762 2430 evincunt
1783 2385 1854 2430 rum
1875 2387 1914 2433 ex
1930 2389 1983 2437 ve·

514 2454 602 2527 tuliis
621 2453 657 2525 dt
679 2451 921 2524 recentioribus
937 2450 1103 2523 Caesarum
1130 2448 1368 2547 diplomatibus
1386 2475 1524 2545 precum
1547 2477 1585 2522 ex
1607 2454 1843 2528 consuetudine
1859 2458 1914 2552 jus
1931 2458 1983 2534 ill·

513 2553 574 2624 boc
593 2547 840 2629 derivantibus,
862 2574 937 2619 cum
953 2573 990 2619 ex
1012 2548 1084 2617 aliis
1106 2549 1303 2628 momentis,
1324 2572 1397 2641 quae
1418 2556 1450 2632 §.
1468 2552 1527 2620 tx.
1546 2549 1642 2621 allata
1660 2545 1813 2625 fuerunt:
1837 2557 1983 2629 undeea·
2043 2547 2047 2557 ’
2132 2551 2137 2564 '

514 2648 586 2720 dem
602 2647 661 2718 sabi
684 2645 940 2741 haudquaquam
959 2643 1142 2727 adversari,
1158 2642 1213 2716 scd
1228 2647 1340 2740 por'tua
1358 2669 1421 2737 pro
1438 2642 1469 2715 se
1484 2647 1643 2728 militare,
1665 2650 1800 2721 indubie
1815 2651 1982 2746 judicant:
2020 2725 2026 2738 ,

514 2744 716 2911 trdumssjux
736 2744 818 2813 illud
841 2742 951 2838 quoad
975 2742 1112 2812 modum
1136 2747 1316 2838 accipitur,
1337 2740 1462 2835 absque
1490 2742 1619 2840 indulto
1643 2743 1811 2815 Pontificis
1834 2755 1983 2823 exerceri

513 2866 640 3012 liiii
654 2835 1120 3017 balbi?llllllz'l
1133 2840 1783 3033 ''illibi-flii}iiiiii?,lxxiiii
1799 2846 1984 3017 {bill}

513 3032 751 3109 beneficiorum
771 3030 984 3105 refrablarios
1006 3032 1063 3103 fibi
1083 3057 1293 3128 nequaquam
1315 3030 1477 3125 subjellos
1494 3033 1695 3129 compellere
1716 3061 1854 3131 queant,
1872 3044 1983 3138 lmpe·

513 3138 612 3206 ratori
635 3153 793 3226 tanquam
815 3131 901 3201 laico
923 3132 1047 3223 absque
1070 3131 1272 3200 authoritate
1301 3126 1490 3223 Apostolica
1513 3156 1578 3199 non
1602 3155 1787 3226 competat,
1811 3162 1876 3231 qua
1891 3143 1982 3211 enim

461 3298 462 3302 ,
514 3235 642 3302 ratione
670 3225 813 3299 Calates
836 3226 1064 3298 ecclesxasticos
1085 3228 1126 3297 ad
1153 3223 1300 3295 officium
1319 3250 1531 3297 executurum
1551 3232 1583 3295 in
1609 3226 1640 3298 se
1671 3228 1748 3301 sulci
1779 3233 1982 3317 iendum,fi

513 3327 663 3408 nollent,
683 3348 804 3416 cogere
825 3322 975 3421 pollent?
998 3348 1054 3394 aut
1076 3326 1133 3417 qui
1152 3324 1185 3394 bi
1208 3348 1269 3394 ceu
1286 3346 1478 3394 executores
1504 3322 1671 3396 constituti
1690 3256 1840 3400 cenlbras
1857 3337 1890 3400 in
1914 3358 1982 3404 non

512 3421 660 3496 subditos
678 3422 854 3493 collatores
872 3418 1002 3495 ferendi
1022 3418 1226 3517 potellatem,
1239 3415 1416 3501 haberent,
1436 3418 1494 3491 nili
1514 3446 1531 3491 a
1551 3422 1626 3493 lede
1645 3422 1836 3519 Apollolica
1855 3432 1982 3524 accipe.

512 3545 600 3604 teuc,
621 3541 715 3592 cette
730 3543 748 3589 a
768 3517 896 3590 Cael'ate
910 3519 1000 3590 illam
1017 3519 1152 3588 haurite
1171 3542 1351 3614 nequeunt.
1377 3521 1423 3591 11.
1439 3543 1549 3597 exeo,
1567 3519 1655 3608 quod
1673 3524 1896 3616 imperatores
1908 3524 1982 3620 post

513 3617 709 3691 concordata
729 3640 791 3713 per
809 3616 935 3687 indulta
952 3612 1123 3686 Pontificia
1147 3615 1238 3684 illam
1264 3638 1455 3685 executores
1479 3611 1706 3686 ecclesiasticos
1723 3642 1763 3688 eo
1787 3621 2006 3691 modorum·

513 3714 665 3788 lliruendi
686 3708 876 3784 facultatem
895 3716 1092 3809 acceperint.
1127 3716 1190 3785 lll.
1206 3710 1314 3806 quod,
1335 3735 1409 3780 cum
1426 3707 1651 3805 exspeblarivae
1667 3714 1701 3781 in
1719 3740 1756 3785 re
1773 3714 1983 3791 beneficiarie

466 3823 468 3828 '
514 3817 606 3887 ass,
628 3810 820 3883 canonibus
843 3808 901 3880 lmt
920 3806 1131 3905 reprobarae,
1159 3835 1212 3878 eas
1234 3806 1367 3887 Calas,
1395 3806 1452 3876 nist
1477 3807 1640 3879 indultum
1662 3809 1829 3883 Pontificis
1854 3815 1982 3899 babeat,

514 3910 587 3982 dare
606 3929 769 4006 nequeat:
798 3928 896 4003 atque
919 3906 979 3976 hac
1001 3906 1185 3999 exponendi
1208 3904 1368 3976 methodo
1390 3908 1592 3997 argumentis
1615 3911 1782 4001 opinionis
1800 3937 1836 3979 cx
1853 3913 1983 3988 indulto

515 4006 621 4106 Papali
633 4005 689 4103 jus
711 4002 935 4078 Caesarearum
950 4012 1089 4101 precum
1106 4006 1288 4100 repetentis
1304 4005 1437 4099 penitus
1456 4000 1629 4088 satisfieri,
1648 4002 1706 4076 fibi
1725 4004 1934 4100 persuadent.

1172 4232 1202 4321 ς.
1250 4228 1318 4302 xt.

622 4380 758 4458 Etiamsi
776 4382 845 4455 bec
861 4377 1018 4454 sententia
1034 4376 1250 4476 plausrbiliter
1265 4372 1399 4450 defendi
1416 4398 1531 4473 queat,
1548 4400 1584 4447 ac
1593 4378 1734 4475 propius
1750 4379 1984 4453 ceteriaomni·

510 4478 567 4556 bus
585 4481 628 4555 ad
656 4485 834 4555 veritatem
859 4478 1009 4559 accedat,
1034 4477 1193 4572 quasdam
1210 4498 1319 4547 tamen
1350 4474 1457 4572 (quod
1477 4498 1559 4571 pace
1580 4476 1715 4548 illorum
1737 4474 1910 4547 nullorum
1935 4475 1984 4547 di·

510 4578 598 4658 lium
612 4579 711 4676 eolo)
738 4573 1036 4654 animadverfionea
1050 4577 1085 4648 iu
1103 4574 1309 4747 contrarium
1333 4573 1397 4647 hue
1423 4595 1605 4669 congerere
1621 4600 1687 4650 non
1711 4576 1827 4649 inutile
1847 4577 1922 4646 erir.
1953 4576 1984 4646 Ι.

1285 4694 1304 4766 3
1890 4688 1982 4742 netu·
