5017 5592
537 619 609 698 oa
625 603 889 692 nononuti
914 611 1330 691 acetasrns'rico·
1348 551 1633 696 norntt'mu
1655 619 1901 706 conarer.
1925 638 1992 733 ⁶31

1167 801 1199 891 a.
1249 789 1383 869 xxii.

632 939 784 1006 T⁰¹¹1¹¹⁰¹
805 930 905 1001 etiam
921 924 1027 1011 Μ,
1054 954 1091 1002 ut
1111 927 1252 1002 Ecclesia
1272 931 1324 1002 vel
1340 931 1443 1004 ullam
1464 957 1611 1030 unquam
1634 937 1816 1031 antiquitus
1839 943 1997 1017 immuni.

515 1055 619 1110 tatem
635 1059 653 1103 a
669 1030 801 1103 tributis
821 1025 879 1098 sibi
895 1023 1083 1112 asseruerit,
1110 1053 1146 1101 ut
1164 1027 1230 1126 ipsa
1241 1033 1354 1124 potius
1371 1028 1461 1101 suam
1475 1032 1514 1101 ad
1530 1033 1646 1104 eadem
1662 1036 1857 1109 exsolvenda
1871 1025 1998 1136 obliga·

511 1137 642 1207 tionem
660 1127 776 1226 sponte
793 1122 896 1197 fuerit
912 1121 1068 1200 eonfella.
1117 1125 1247 1220 lnsrgne
1263 1128 1362 1224 hujus
1377 1133 1426 1202 rei
1448 1126 1672 1201 testimonium
1691 1135 1848 1228 perhibet
1864 1136 1996 1214 santius

511 1227 730 1305 Ambrofius.
758 1228 835 1321 qui,
862 1249 937 1296 eum
956 1228 1147 1321 Imperator
1167 1226 1420 1299 Valentinianus
1440 1228 1555 1323 junior
1568 1227 1738 1302 Basilicam
1760 1235 1904 1308 Arianae
1919 1235 1994 1313 suae

511 1330 626 1402 Uxori
648 1324 794 1421 Jullinae
813 1323 897 1394 tradi
922 1322 1129 1418 exposceret,
1156 1322 1328 1421 respondit
1343 1326 1393 1416 a).
1443 1333 1476 1399 Si
1497 1329 1645 1398 tributam
1671 1336 1750 1422 petit
1770 1331 1907 1423 ctefirr,
1937 1351 2001 1410 „021

514 1451 679 1523 negamus,
704 1429 771 1516 agri
789 1422 934 1512 Ecclefiae
949 1426 1078 1513 solatum
1100 1426 1263 1505 tributum,
1289 1422 1454 1511 solvimus,
1479 1449 1555 1516 quae
1574 1431 1645 1508 lant
1665 1430 1819 1514 caeſsaris,
1856 1435 1998 1520 eumq,

515 1531 553 1605 Β
577 1550 654 1619 qm
675 1530 745 1611 lant
769 1525 844 1599 Del,
871 1529 949 1591 Dea.
1019 1522 1181 1600 Tribatuoi
1200 1520 1336 1607 Caesaris
1358 1522 1416 1608 ess,
1444 1548 1502 1593 nort
1527 1546 1674 1614 negatur,
1700 1531 1829 1616 Ecclessa
1855 1538 1915 1601 Dei
1937 1536 1997 1622 ess,
2029 1561 2033 1568 ·

516 1624 644 1711 Caesari
665 1645 734 1714 ergo
750 1644 808 1689 nort
823 1619 1043 1690 debetaddiri:
1068 1642 1168 1714 atque
1182 1620 1233 1690 his
1251 1623 1362 1712 magni
1377 1616 1468 1690 illius
1489 1618 1649 1692 Dolloris
1663 1624 1774 1697 verbis
1796 1627 1993 1725 correspon-

513 1722 573 1795 det
588 1724 687 1794 etiam
705 1710 890 1813 expressum
908 1716 990 1788 illud
1011 1716 1170 1790 Ecclefiae
1184 1740 1420 1816 praeceptum:
1439 1717 1475 1816 b)
1501 1727 1543 1791 Ut
1568 1725 1710 1792 nimirum
1757 1731 1837 1816 qvod
1858 1730 1999 1814 tanlIitrt·

513 1843 582 1895 Μ’
601 1819 643 1906 ‘ll
660 1821 831 1908 antiquitus
844 1839 897 1909 prr
915 1841 987 1910 pace
1010 1821 1045 1891 ὅ
1058 1821 1176 1910 quiete,
1203 1842 1264 1912 qua
1287 1823 1489 1893 nostrati&
1513 1819 1671 1912 defensare
1687 1823 1812 1909 delent,
1832 1832 1998 1924 Imperare.

514 1922 600 1994 ribus
612 1918 652 2007 fit
665 1915 861 2007 [eluendam.

553 2091 595 2172 a)
616 2108 645 2154 e.
666 2104 717 2169 ²7·
745 2079 826 2147 etus.
854 2097 902 2147 tr.
925 2098 956 2164 q.
978 2099 1006 2146 1.
1028 2080 1106 2147 item
1127 2101 1155 2144 c.
1176 2098 1227 2146 21.
1252 2080 1334 2148 caus.
1357 2042 1412 2166 23..
1432 2101 1462 2168 q.
1485 2094 1516 2160 8.

558 2208 597 2292 d)
619 2227 647 2274 e.
665 2223 717 2271 22.
737 2201 820 2268 cans.
841 2220 893 2285 23.
915 2220 945 2284 q.
967 2211 998 2277 8.
1041 2198 1170 2267 Confer.
1196 2199 1303 2264 Franc.
1318 2198 1402 2267 Flor.
1422 2199 1520 2267 Tom.
1535 2218 1564 2268 2.
1583 2221 1614 2284 p.
1630 2220 1683 2286 34.

1137 2385 1172 2470 §.
1218 2378 1373 2455 XXlll.

632 2499 775 2593 litterim
802 2539 883 2591 vero
904 2536 981 2586 tum
1008 2511 1161 2586 viderent
1181 2515 1304 2610 optimi
1327 2516 1435 2587 Prinei
1464 2538 1516 2598 es,
1550 2516 1743 2608 Congruam
1765 2516 1998 2598 ministrorum

516 2643 583 2721 per
597 2618 782 2693 exustiones
799 2614 948 2714 publicas
964 2636 1030 2682 non
1073 2636 1166 2683 arum
1183 2614 1357 2695 imminui,
1383 2616 1418 2711 ip
1434 2637 1511 2710 tque
1525 2613 1658 2686 tandem
1676 2615 1779 2688 cultui
1797 2641 1834 2688 ac
1849 2617 1998 2694 minille·

515 2723 572 2793 rio
590 2718 785 2790 divinonon
799 2718 955 2806 exignum
968 2637 1175 2782 conldcntive
1190 2710 1348 2783 damnum
1361 2735 1460 2807 atque
1475 2711 1754 2809 impedimentum
1771 2713 1849 2787 inde
1863 2712 1997 2806 inferri,
2017 2783 2021 2790 ,

513 2819 626 2892 variar
642 2839 766 2911 easque
785 2809 925 2904 insignes
945 2808 1041 2878 bonis
1057 2805 1279 2881 ecclesiasticis
1299 2813 1528 2882 immunitates
1543 2808 1762 2884 indulserunt.

635 2951 767 3040 Primus
787 2950 881 3042 isque
907 2939 1148 3017 liberalissimus
1172 2948 1328 3016 omnium
1347 2968 1420 3018 erat
1440 2941 1672 3016 Conllantinua
1696 2968 1853 3040 magnust
1885 2946 1998 3021 nulloa

515 3054 574 3127 lrie
590 3047 666 3123 suae¹
681 3068 759 3138 erga
776 3042 951 3117 Ecclefiam
967 3040 1213 3115 munificentiae
1235 3047 1397 3116 terminos
1414 3040 1542 3142 posuit,
1565 3042 1637 3126 sed,
1661 3047 1709 3115 uti
1729 3068 1803 3115 eam
1819 3042 1914 3116 bonis
1929 3069 1999 3117 am·

544 3145 669 3220 llffimlS
683 3144 752 3240 lflm
774 3165 849 3214 ³⁰¹²
864 3142 1063 3220 dosstverflt,
1089 3144 1134 3212 ira
1150 3141 1182 3213 dt
1201 3143 1283 3214 haec
1299 3167 1362 3238 pro
1383 3143 1631 3240 complemento
1655 3140 1811 3216 bonitatis
1833 3141 1874 3215 ab
1890 3147 1999 3216 omni·

517 3177 582 3324 lua
599 3244 731 3318 tandem
748 3239 881 3313 tributis
899 3241 1029 3310 exemit.
1045 3234 1085 3332 a)

635 3381 722 3450 Cum
739 3398 819 3447 vero
832 3372 921 3442 illios
936 3375 968 3442 in
985 3371 1133 3465 Imperio
1149 3372 1301 3441 Romano
1316 3365 1509 3442 suecelsores
1525 3366 1825 3442 tantrmbonorum
1844 3371 1999 3451 ecclelia'a

515 3474 678 3552 llicorum
701 3475 945 3543 immunitatem
968 3467 1063 3540 Fisco
1085 3492 1183 3565 atque
1213 3470 1342 3540 aerario
1365 3466 1501 3565 publico
1528 3490 1746 3564 praegravem
1775 3471 1873 3539 nimia
1896 3493 1998 3567 atque

516 3573 672 3648 nocivam
690 3567 753 3642 else
774 3567 830 3641 sibi
851 3565 1092 3666 persuasissent,
1111 3592 1183 3638 eam
1202 3567 1241 3636 ad
1260 3563 1327 3636 sola
1343 3591 1443 3640 onera
1459 3562 1677 3661 Reipublicae
1691 3567 1999 3658 extraordinarias)

514 3670 775 3749 restrinxerunt,
800 3665 953 3763 bonaque
967 3664 1176 3738 ecclesiastica
1190 3663 1230 3737 ab
1243 3664 1295 3736 his
1312 3665 1489 3763 equidem,
1512 3688 1578 3736 non
1594 3685 1706 3736 autem
1721 3661 1761 3735 ab
1775 3663 1954 3737 ordinariis
1967 3673 1996 3758 t)

515 3772 683 3847 immunia
700 3764 763 3839 elle
778 3765 1041 3838 declaraverunt.

557 3943 596 4024 a)
619 3941 640 4005 l.
660 3958 688 4003 1.
710 3937 744 4002 C.
760 3935 887 4000 Theod.
902 3933 942 3995 de
960 3950 1075 3996 annon.
1096 3930 1130 3994 de
1146 3930 1217 3995 trib.
1234 3936 1358 4013 praeter
1377 3930 1518 4011 privatae
1539 3948 1589 3992 rea
1602 3928 1723 3992 nostras
1737 3928 1771 3992 dt
1786 3929 1927 4013 Ectlrfiar
1939 3931 2000 3996 Ca·

636 4022 760 4084 tholirar
787 4037 884 4081 nemo
911 4037 954 4078 ex
976 4016 1079 4077 nostra
1096 4014 1232 4095 jusfione
1253 4014 1429 4096 praecipuis
1452 4013 1678 4076 emolumentis
1698 4012 1848 4077 famliaria
1867 4014 2001 4095 juvetur
2136 4059 2143 4068 ·

641 4102 842 4174 substantiae,
864 4120 974 4162 omnes
989 4097 1141 4180 penlitare
1159 4097 1328 4160 debebunt.

560 4225 598 4308 b)
618 4223 722 4288 Onera
741 4218 991 4284 extraordinaria
1006 4216 1190 4277 dicebantur
1202 4215 1297 4278 etiam
1312 4211 1450 4278 sordida,
1474 4220 1626 4290 erantque
1643 4213 1765 4273 munire
1783 4213 1853 4275 vias
1872 4211 1906 4276 dc
1918 4234 2002 4297 pon·

638 4319 707 4376 tes,
730 4319 785 4366 aut
806 4303 844 4364 ad
862 4301 916 4364 ilia
937 4317 1033 4377 opera
1048 4299 1174 4377 publica
1192 4298 1386 4379 suppeditare
1400 4293 1538 4363 calcent,
1561 4311 1688 4360 currus.
1711 4297 1879 4370 carbonen,
1902 4298 2001 4378 ligna,
2059 4297 2072 4320 ‘

639 4389 805 4457 animalia,
825 4383 958 4451 farinas,
982 4398 1098 4461 panea,
1122 4379 1249 4446 suanos.
1272 4376 1423 4456 praestare
1446 4394 1559 4455 operas
1584 4377 1726 4456 angarias
1747 4376 1781 4440 de
1801 4384 2001 4460 parangarias

637 4472 795 4550 aliasque,
830 4487 907 4549 quas
931 4463 1108 4525 describunt
1128 4461 1197 4525 Van
1226 4459 1326 4540 Espen
1353 4471 1432 4540 part.
1453 4477 1483 4521 2.
1507 4459 1556 4521 tit.
1571 4476 1622 4539 35.
1645 4478 1672 4523 c.
1695 4477 1722 4522 1.
1745 4479 1776 4525 n.
1796 4480 1844 4526 11.
1867 4463 1901 4523 dt
1917 4461 2001 4543 seqq.

636 4554 714 4619 item
729 4547 890 4614 Thomall.
911 4560 989 4628 part.
1011 4564 1041 4626 3.
1062 4545 1113 4608 lib.
1132 4565 1158 4608 1.
1175 4566 1202 4606 c.
1225 4563 1276 4624 33.
1300 4560 1330 4604 n.
1351 4561 1381 4622 5.

704 4670 813 4753 Atque
831 4668 869 4736 ab
891 4665 942 4731 hia
958 4664 1042 4732 bona
1057 4661 1266 4728 Eccleliarutn
1281 4660 1466 4766 eximuntur
1482 4657 1516 4722 in
1531 4655 1621 4726 Nov.
1640 4677 1712 4743 131.
1729 4680 1758 4725 c.
1775 4675 1807 4742 5.
1825 4660 1860 4724 in
1875 4657 2004 4806 verbipp
