5017 5592
378 593 387 604 ’
496 591 567 734 oe
589 653 656 730 ao
673 645 1042 755 QUODJUSTUM
1062 648 1321 728 raretum
1343 603 1753 735 aununtiate.
1829 666 1900 762 693
1977 761 1980 766 .

420 789 627 919 riadiflioni,
650 833 855 909 resolvantur
870 860 906 908 ac
920 856 1070 933 pereant.
1121 839 1205 907 Sane
1219 836 1285 904 Vir
1300 831 1534 907 eruditissimus
1564 837 1596 908 a
1614 835 1742 935 scriptis
1758 815 1902 912 Hillori.

417 933 609 1012 eia-Clariis.
627 935 706 1007 dum
722 934 817 1005 nobis
833 931 899 1005 fata
913 935 1132 1005 immunitatis
1149 930 1375 1006 Ecclesiasticae
1409 931 1689 1007 &vicislitudincs
1712 942 1745 1006 in
1765 938 1902 1010 liillorio

418 1031 654 1114 suarecenset,
688 1031 757 1128 ipse
780 1032 989 1103 nobiaarma
1012 1028 1177 1123 suggerit,
1217 1056 1291 1125 que
1311 1055 1565 1124 retorqueamus
1588 1037 1622 1104 in
1638 1034 1724 1105 liunt
1743 1038 1899 1107 modum:
1932 1055 1943 1076 ⁸
2078 1115 2088 1124 ‚

417 1129 564 1206 Potestas
581 1131 713 1227 politica
728 1155 766 1201 ex
783 1128 866 1225 llylo
881 1133 941 1201 aevi
958 1132 1153 1201 recentioris
1171 1127 1458 1224 l'emperEcclestis
1471 1128 1598 1226 aliquid
1609 1130 1802 1229 decerpens,
1813 1159 1899 1204 nun·

418 1255 521 1328 quam
538 1251 639 1301 novas
662 1224 826 1308 fundans,
853 1231 1004 1299 omnium
1029 1224 1142 1299 sensim
1166 1224 1385 1298 Ecclestarum
1409 1226 1544 1297 domina
1567 1224 1672 1300 fieret.
1745 1231 1899 1325 Qtid'ad

414 1330 482 1402 hoc
496 1324 711 1399 Adversarii?
736 1324 950 1397 Paciscamur.
1009 1332 1077 1397 Lex
1096 1327 1340 1400 antarrizrrioiris
1351 1324 1508 1415 justtest:
1558 1326 1708 1397 Addant:
1735 1352 1802 1398 tam
1819 1334 1901 1400 Pan·

417 1429 509 1520 elficit
530 1425 689 1515 consensui
710 1424 1054 1496 Nonerimusinviti.
1113 1427 1205 1518 Qiot
1221 1417 1357 1491 familiae
1377 1445 1447 1492 rum
1470 1419 1630 1505 illustres,
1665 1446 1736 1496 tum
1761 1427 1899 1519 privatae
1966 1457 1969 1462 ·

416 1525 595 1621 acquirunt
617 1521 742 1605 libere;
768 1520 923 1616 acquisita
947 1543 1032 1591 nexu
1055 1515 1298 1591 fideicommissi
1319 1519 1492 1612 gentilitii,
1525 1542 1562 1589 ut
1577 1545 1713 1603 rorant,
1747 1523 1896 1613 illigant;

415 1619 564 1695 neutra
585 1615 745 1690 familiam
765 1621 899 1691 alienari
922 1614 1058 1713 possint,
1083 1614 1222 1688 sollicite
1244 1640 1384 1697 carent,
1417 1642 1483 1687 non
1508 1641 1713 1716 magnopere
1735 1619 1899 1692 reluflan·

416 1720 507 1792 tibus
524 1714 762 1788 Adversariis?
786 1741 845 1787 eur
861 1715 974 1788 uon&
995 1716 1047 1786 liic
1063 1737 1217 1789 metuunt
1231 1717 1411 1800 continuo,
1431 1739 1472 1784 ne
1496 1720 1647 1787 omnium
1670 1717 1897 1796 immobilium

414 1814 498 1889 fiant
515 1816 683 1887 dominae?
733 1818 804 1885 Cur
819 1817 928 1910 prima
943 1811 1074 1910 semper
1088 1808 1229 1885 fulmina
1252 1836 1272 1884 e
1293 1812 1377 1884 coelo
1391 1813 1532 1883 Politico
1553 1818 1764 1888 excutiuntur
1785 1820 1819 1886 in
1836 1821 1897 1889 Ec·

414 1913 570 1989 clefiam?
623 1912 753 1985 Scilicet
767 1909 789 1982 li
805 1914 970 2009 pernicies
995 1914 1081 2009 reip.
1099 1914 1253 1990 timetur,
1283 1910 1373 1981 illius
1396 1908 1489 1981 causa
1509 1915 1665 2008 protinus
1686 1919 1717 1985 irr
1738 1916 1896 2002 nottestan

411 2007 621 2086 refunditur.
671 2010 966 2095 Ecclefiaerationes
983 2005 1187 2090 domesticae,
1213 2003 1327 2088 fundi,
1360 2004 1491 2088 census,
1524 2009 1676 2102 redditus
1703 2014 1737 2082 in
1757 2010 1895 2086 catastre

412 2108 635 2202 rediguntur,
661 2104 893 2203 specificantur
908 2105 1091 2199 sigillatimf,
1121 2105 1154 2178 dt
1180 2106 1220 2176 ad
1242 2106 1351 2200 apices
1369 2103 1624 2198 dispunguntur.
1682 2113 1753 2180 Cur
1774 2109 1895 2186 eodem

413 2209 530 2303 rigore
545 2206 796 2287 mathematico,
823 2230 892 2301 quo
908 2208 942 2306 in
957 2201 1126 2287 Ecclesiae,
1142 2229 1209 2275 non
1225 2206 1352 2274 utimur
1370 2209 1404 2275 in
1418 2199 1560 2274 familias
1582 2208 1681 2277 etiam
1700 2210 1871 2314 privatas?

460 2359 465 2366 ’
533 2360 581 2432 11.
613 2354 752 2429 luterell
776 2357 861 2453 reip,
883 2356 1007 2430 multos
1024 2353 1146 2429 fundos
1169 2355 1383 2439 tributarios,
1416 2354 1600 2439 censuales,
1635 2356 1894 2434 &commercio

412 2453 566 2528 humano
579 2454 741 2553 expositus
758 2454 891 2528 habere.
940 2455 1005 2528 Sed
1023 2480 1097 2528 cum
1117 2454 1241 2550 pradia
1256 2453 1329 2526 sunt
1344 2456 1385 2525 ad
1403 2452 1560 2526 Ecclesiae
1577 2457 1750 2539 translata,
1778 2453 1891 2532 fumea

411 2551 466 2626 isti
480 2555 628 2651 pecunie
646 2551 786 2650 publicae
804 2551 1005 2626 excrescunt.
1048 2553 1187 2625 Addunt
1201 2551 1276 2622 alii:
1303 2554 1494 2624 Cavendum
1511 2556 1649 2624 omnino
1664 2557 1811 2650 Principi
1828 2554 1889 2627 esl:

411 2675 455 2724 ne
474 2675 551 2724 eum
571 2651 765 2748 Chilperico
781 2655 947 2734 Franciae,
973 2655 1065 2744 Rege
1080 2651 1192 2722 dicere
1208 2645 1331 2721 necesse
1352 2649 1404 2722 fit:
1433 2659 1507 2721 Ecce
1522 2675 1631 2743 pauper
1647 2654 1789 2740 remandi
1801 2654 1891 2742 fiscus

409 2749 521 2840 noster.
559 2755 633 2820 Ecce
648 2751 764 2821 divitie
786 2750 887 2838 nolite
903 2754 943 2821 ad
958 2750 1100 2835 Ecclessas
1118 2750 1187 2833 fitur
1201 2754 1355 2820 translate
1367 2774 1375 2818 ε
1389 2754 1450 2820 soti
1468 2748 1597 2841 Episcopi
1615 2768 1753 2841 regnant.
1782 2752 1890 2842 Greg.

409 2850 547 2918 Turon.
562 2846 585 2916 l.
603 2855 634 2918 6.
651 2871 680 2919 c.
698 2854 758 2932 46.
808 2867 843 2916 u.
871 2851 981 2941 Quam
997 2871 1075 2919 vera
1092 2844 1137 2918 ell
1157 2846 1286 2939 major,
1320 2870 1387 2918 tam
1411 2842 1488 2916 falsa
1506 2842 1551 2915 esl
1574 2850 1686 2915 minor
1706 2870 1743 2918 ex
1767 2851 1890 2943 Hypo·

410 2941 494 3016 thesi
513 2946 572 3013 VI.
589 2945 688 3038 paulo
704 2967 777 3015 ante
795 2943 947 3017 dedufla.
996 2949 1078 3037 Agri
1088 2944 1216 3029 Ecclessae
1229 2943 1357 3030 solvunt
1376 2948 1538 3015 tributam:
1565 2939 1728 3015 verissime
1743 2945 1887 3030 diceret,
1967 2999 1970 3003 -

409 3037 435 3113 si
456 3039 666 3114 revivisceret
678 3039 889 3128 Ambrosius3
917 3042 1001 3113 nihil
1017 3044 1127 3139 itaque
1145 3066 1205 3137 per
1222 3037 1411 3114 facultatem
1440 3040 1572 3114 emendi
1596 3042 1721 3137 praedia
1740 3042 1891 3138 decerpi·

411 3160 468 3210 tur
481 3135 569 3210 fisco.
589 3138 783 3237 Chilperico
799 3146 1002 3235 opponimus
1018 3141 1177 3211 Carolum
1193 3145 1244 3211 M.
1262 3141 1468 3212 Ludovicum
1484 3141 1592 3220 Pium,
1608 3136 1784 3237 ipsumque
1805 3142 1890 3214 adeo
1932 3223 1938 3232 ¹

410 3236 649 3318 Clodovaeum,
674 3240 750 3332 qui,
783 3237 862 3307 dum
888 3262 988 3308 novas
1008 3260 1090 3329 quot
1113 3241 1205 3304 annis
1227 3233 1431 3308 exslruerent
1446 3236 1603 3307 Ecclefas
1626 3261 1748 3330 easque
1768 3241 1890 3311 eximia

408 3331 607 3407 liberalitate
624 3333 793 3414 durarent,
816 3357 883 3429 quo
899 3334 995 3430 plura
1010 3355 1208 3424 erogarunt,
1234 3356 1274 3401 eo
1297 3333 1392 3426 plora
1417 3336 1449 3400 in
1473 3335 1627 3402 ararium
1648 3334 1818 3425 publicum
1841 3330 1888 3404 af·

407 3429 516 3508 fluere
542 3429 685 3513 sensere,
714 3432 1016 3526 &chilpericum
1041 3453 1079 3500 ut
1099 3431 1222 3527 pietate
1239 3452 1276 3500 ac
1300 3428 1500 3503 liberalitate
1520 3430 1553 3499 in
1577 3432 1706 3513 Dcum,
1746 3433 1793 3502 ita
1815 3432 1886 3529 opi·

407 3526 489 3614 bus,
511 3525 680 3611 vifloriia,
705 3525 862 3601 felicitate
884 3527 1094 3624 superarunt.

525 3666 588 3736 Ill.
615 3659 759 3734 Potestas
773 3661 991 3734 Ecclesiastica
1009 3666 1041 3732 in
1058 3662 1229 3734 materiam
1249 3658 1419 3755 poteslatia
1437 3658 1542 3731 civilia
1559 3659 1707 3733 involare
1721 3685 1787 3732 non
1812 3683 1885 3755 pot·

404 3756 472 3844 esl3
491 3783 581 3852 ergo
598 3763 769 3854 Principes
785 3762 917 3832 Politici
934 3759 1184 3831 constitutiones
1208 3763 1400 3841 canonicas,
1438 3757 1459 3828 si
1487 3785 1559 3854 quae
1582 3759 1798 3831 adversantur
1819 3760 1886 3852 legi

404 3862 690 3939 amortizationia,
717 3860 884 3928 moderari
901 3885 936 3931 ac
951 3858 1070 3929 tollere
1086 3855 1232 3954 possunt,
1259 3883 1334 3928 cum
1352 3857 1428 3929 inde
1452 3860 1485 3927 in
1509 3882 1616 3950 remp.
1641 3882 1741 3948 grave
1761 3859 1885 3928 redun-

403 3956 489 4028 dare
514 3955 763 4026 incommodum
788 3982 850 4049 per
874 3961 1110 4052 experientiam
1131 3955 1411 4047 deprehendatur.
1472 3960 1520 4025 lta
1538 3959 1715 4025 Recentior
1734 3956 1885 4051 quidam,

402 4058 466 4151 qui
483 4050 542 4124 sub
563 4057 694 4124 initium
719 4049 969 4135 dissertationis,
996 4079 1095 4150 quam
1119 4049 1243 4123 fatetur
1264 4056 1367 4122 inviro
1388 4051 1513 4123 Clariis.
1532 4050 1668 4123 Praefide
1690 4050 1764 4132 suo,
1796 4050 1885 4142 sum·

402 4176 470 4223 mae
487 4152 685 4221 eruditionis
704 4153 734 4220 a
754 4154 843 4246 paris
864 4153 1076 4221 humanitatis
1097 4156 1197 4231 Viro,
1224 4151 1363 4243 publica
1380 4151 1443 4221 luci
1466 4152 1594 4228 datam,
1627 4152 1786 4244 graphice
1809 4175 1884 4222 cau·
2013 4223 2018 4242 ‚

400 4247 446 4323 ste
460 4246 618 4343 justitiam
637 4247 830 4345 depillurue
843 4254 904 4320 ait:
939 4256 1087 4340 Prrnttprs
1102 4256 1202 4319 eadem
1219 4251 1378 4336 initialia,
1410 4275 1469 4340 qua
1485 4251 1588 4332 Hostis
1607 4251 1798 4338 Cordubenfis
1812 4273 1884 4342 erga

400 4348 635 4438 Constantinum
653 4358 711 4419 M.
732 4353 858 4440 negotiis
877 4348 1081 4436 Ecclefirlitcis
1096 4347 1130 4436 se
1146 4357 1327 4438 ingerentem
1342 4357 1410 4436 ujus
1425 4347 1484 4436 est,
1516 4345 1631 4438 poffunr
1652 4372 1789 4440 reponere
1806 4353 1884 4416 l’on·

398 4448 498 4535 tifici:
529 4448 698 4516 tuturus
722 4448 877 4535 Ettltfirm
895 4447 1055 4533 (trimiſse,
1081 4448 1179 4525 nobis,
1197 4470 1257 4533 quc
1277 4450 1350 4533 sant
1374 4449 1488 4532 inipetii
1509 4447 1697 4537 temporalis,
1732 4447 1882 4515 rotundi·

398 4549 472 4618 diri·
496 4567 591 4638 neque
606 4549 655 4628 {as
671 4545 711 4628 ed
726 4546 807 4611 nolis
821 4545 995 4632 patestatem
1011 4548 1218 4632 spiritualium
1235 4547 1363 4622 ialam
1399 4567 1490 4632 nique
1511 4564 1544 4611 ru
1567 4549 1597 4610 in
1618 4547 1707 4610 terris
1727 4548 1883 4634 imperium

398 4665 501 4721 terres.
553 4663 591 4731 tr.
619 4634 1152 4738 QiaVirErudituafatetur§.
1176 4667 1210 4732 4.
1233 4635 1365 4710 Diss‘ert.
1386 4636 1418 4713 se
1439 4636 1588 4716 nonelse
1609 4643 1780 4736 primum,
1823 4637 1883 4807 pul
1978 4649 1986 4658 ’·

1075 4828 1077 4832 ¹
1156 4741 1220 4812 'Sa
1246 4760 1337 4834 ⁸⁸³
1841 4756 1882 4808 ua
