5017 5592
560 590 633 666 nii
649 586 912 662 innotuit
933 547 1630 661 aeclesiastico-norneiui'i
1651 585 1897 694 cloiiucr.
1926 547 1995 695 aa,

515 767 707 858 tur,'quod
724 791 901 864 propterea
918 764 1099 834 notandum
1114 762 1177 844 cll,
1205 767 1282 859 quia
1298 761 1439 858 speciem
1455 770 1554 859 Legis
1572 770 1616 836 ita
1640 767 1748 840 dietae
1771 777 1993 848 Amortizario·

511 882 562 943 nis
580 894 617 940 ea
637 890 741 937 aetate
755 866 821 959 juin
837 865 993 934 continet.
1043 871 1140 931 Anno
1162 889 1265 952 1377·
1283 867 1487 943 Tremoiiia,
1513 861 1743 956 ¹Qutttttlrnb,
1769 894 1785 936 a
1804 876 1910 938 Caroli
1929 878 1991 944 IV.

515 967 733 1064 privilegium
750 964 910 1041 obtinuit,
938 984 973 1029 ut
989 958 1198 1030 Ecclelinllici
1222 985 1326 1054 aeque
1347 987 1387 1030 ac·
1406 965 1495 1032 Laici
1520 988 1557 1031 eii
1581 963 1674 1031 bonis
1699 964 1763 1033 suia
1789 966 1912 1038 tributa
1931 964 1996 1038 sol·

515 1090 650 1139 verani.
704 1063 836 1152 Eslinga
853 1085 940 1130 annu
959 1084 1061 1150 ¹345·
1082 1058 1296 1156 privilegium
1312 1065 1454 1157 accepit,
1481 1085 1516 1133 ut
1535 1058 1643 1158 siquae
1665 1060 1749 1134 bona
1773 1062 1905 1134 triburia
1922 1061 1995 1137 sub·

515 1161 606 1263 jesia
623 1163 664 1232 ad
684 1157 922 1233 Ecclefiaslicos
937 1161 1166 1254 pervenirent,
1185 1158 1300 1229 eadem
1316 1183 1452 1254 quoque
1468 1186 1572 1256 porro
1587 1161 1809 1241 exsolverent,
1825 1161 1882 1234 nifi
1898 1161 1993 1237 fibo·
2025 1195 2041 1234 s

517 1289 560 1334 na
576 1266 697 1332 civium
710 1262 804 1328 venia
821 1258 938 1326 iisdem
956 1260 1189 1352 eximerentur.
1241 1264 1339 1326 Anno
1362 1268 1462 1350 1346.
1481 1260 1569 1329 idern
1586 1257 1768 1332 concessum
1784 1257 1996 1337 fuitCivitati

516 1355 782 1450 Friedbergenfi.
810 1343 1044 1454 ¹Heilbionna
1067 1379 1152 1424 anno
1174 1381 1184 1421 i
1196 1379 1278 1446 359.
1301 1356 1478 1448 privilegio
1501 1358 1599 1450 hujus
1622 1364 1746 1429 tenoris
1766 1333 1886 1432 dtinata
1908 1357 1992 1446 fuit,

512 1484 553 1531 ut
571 1458 591 1528 si
611 1453 818 1550 Ecclesiaslici
836 1457 912 1525 NB.
938 1449 1130 1521 lucricausa
1153 1455 1267 1522 vinum
1280 1449 1491 1546 frumentum
1513 1452 1694 1546 aut-simile
1716 1457 1796 1552 quid
1821 1482 1990 1542 emerent,

513 1557 618 1655 idque
634 1557 666 1625 in
681 1545 947 1624 aedibus'civ'iuni
964 1548 1143 1646 repositum
1156 1549 1333 1632 haberent,
1348 1552 1463 1623 eadern
1479 1555 1612 1624 acc'ives
1626 1551 1748 1651 reliqui
1764 1555 1992 1630 erindeonera

490 1652 606 1731 'ferte
623 1676 827 1727 tenerentur.
877 1647 953 1719 Alia
969 1649 1044 1720 vide
1058 1647 1122 1720 loc.
1137 1650 1193 1720 cit.

633 1793 688 1860 Aa
704 1791 734 1878 §.
749 1792 880 1859 XLIII.
906 1781 1005 1879 Qtod
1023 1781 1196 1875 hicinquit
1211 1776 1340 1853 Auklor
1353 1779 1394 1852 de
1410 1781 1530 1868 Manfii
1546 1781 1708 1858 Ecclesiae
1721 1747 1878 1882 tanquam
1894 1789 1994 1860 unica
2101 1873 2106 1879 .
2130 1853 2133 1858 ,

511 1888 586 1983 ejua
604 1886 681 1959 dote
697 1888 905 1956 immunitate
922 1882 1060 1961 donato,
1087 1880 1120 1950 id
1143 1884 1281 1950 omnino
1306 1881 1561 1975 temperandum
1582 1879 1629 1952 est
1644 1907 1682 1954 eit
1705 1885 1876 1981 iis,quae
1890 1884 2016 1958 habet·
2144 1897 2148 1912 ·

510 1990 698 2059 Ennaeas
723 1989 755 2053 in
775 1981 854 2073 Diff.
869 1985 1044 2073 degentiam
1060 1981 1225 2049 Libertatis
1242 1979 1443 2065 Ecclefiaram
1459 1981 1683 2070 fundamento,
1718 1987 1848 2056 Wrcel.
1870 2011 1990 2066 1774„

514 2108 659 2162 numero
694 2080 907 2177 praecedenti
935 2075 1037 2148 relata
1060 2078 1093 2145 in
1112 2077 1174 2148 hoe
1198 2081 1315 2146 Tonio
1335 2074 1502 2148 Thesauri
1526 2075 1646 2159 nostri,
1672 2082 1700 2168 §.
1717 2082 1791 2152 XV.
1809 2079 1865 2151 ubi
1882 2079 1991 2152 oslen-
2098 2111 2101 2118 ·

520 2184 572 2253 dit
594 2183 676 2252 hanc
700 2180 943 2249 immunitatem
968 2173 1078 2270 quoad
1104 2171 1258 2244 Ecclesias
1282 2170 1513 2270 Episcopales,
1541 2175 1759 2266 Collegiatas,
1784 2177 1991 2253 Monasteria

513 2282 557 2355 ad
576 2303 679 2352 unum
697 2301 733 2350 ut
747 2300 834 2349 aetas
852 2275 907 2345 illa
921 2273 1109 2369 inquiebat,
1135 2273 1290 2362 lllansitm
1307 2275 1445 2343 mininie
1460 2270 1643 2343 restriclain
1664 2270 1781 2378 fuisse,

510 2419 512 2424 '
628 2416 683 2484 Ad
701 2413 737 2498 ξ.
754 2416 848 2482 Llll.
903 2408 1116 2499 Argumenta
1130 2405 1294 2497 generali,
1321 2408 1412 2503 quod
1431 2407 1492 2477 hic
1506 2407 1641 2479 adducit
1663 2405 1790 2478 Auslor
1806 2429 1921 2480 contra
1941 2434 1992 2481 ar·

509 2509 686 2584 bitrariani
709 2510 954 2580 revocationem
978 2504 1146 2600 privilegii
1171 2507 1388 2576 immunitatis
1408 2504 1634 2601 cujuscunque
1660 2503 1809 2578 Ecclesia
1831 2505 1986 2594 concessi,

511 2608 664 2681 addenda
678 2633 763 2677 nunc
779 2604 852 2676 sunt
875 2603 1026 2699 specialia
1048 2628 1112 2698 pro
1132 2606 1314 2675 Germania
1329 2629 1434 2697 caque
1454 2613 1633 2699 propterea
1656 2601 1821 2685 firmiora,
1847 2607 1988 2700 quaein

509 2702 595 2778 Dils.
610 2729 704 2775 antea
718 2708 770 2774 cit.
799 2704 848 2774 Cl.
870 2707 932 2773 Etr
944 2721 1059 2773 nnus
1081 2700 1156 2774 data
1173 2725 1278 2799 opera
1294 2700 1579 2787 demonstrantur,
1601 2726 1704 2802 quare
1721 2703 1841 2776 iisdem
1855 2704 1916 2774 hie.
1928 2702 1985 2776 ad·

512 2800 909 2897 dendissupersedeinusi
976 2809 978 2814 '
1155 2811 1158 2818 '
1339 2805 1344 2812 '
1497 2807 1502 2818 '
1698 2829 1701 2834 ·

627 2938 684 3006 Ad
699 2935 734 3014 ξ.
750 2937 861 3005 LXII.
877 2932 956 3027 seqq.
1009 2938 1062 3007 De
1083 2937 1145 3022 iis,
1172 2960 1257 3034 quae
1277 2934 1332 3005 hic
1357 2930 1456 3006 habet
1479 2930 1626 3015 Aullnr,
1652 2931 1734 3030 quid
1755 2936 1914 3007 nimirum
1938 2960 1990 3010 re·

511 3034 683 3131 quiratur,
710 3029 732 3101 li
752 3030 899 3127 quaestio
915 3031 951 3103 lit
967 3032 1008 3104 de
1023 3031 1191 3106 exallione
1208 3040 1307 3106 etiam
1322 3059 1405 3103 nova
1422 3033 1516 3102 bonis
1530 3030 1750 3103 Eccleliarurn
1772 3034 1987 3128 imperanda,

511 3131 561 3201 nil
578 3126 640 3210 est,
667 3131 758 3225 quod
779 3130 885 3199 dicain
907 3155 1098 3225 praeterea,
1128 3159 1213 3227 quae
1236 3135 1345 3202 denuo
1368 3129 1533 3202 habentur
1555 3135 1587 3202 in
1611 3127 1690 3200 Diss
1713 3131 1779 3223 jani
1807 3132 1987 3227 aliquoties

509 3228 659 3299 laudata:
683 3237 899 3319 cerre,‘quae
916 3226 959 3296 ibi
976 3227 1272 3298 deconditionibus
1288 3232 1350 3297 hoc
1367 3231 1398 3295 in
1411 3227 1483 3298 casu
1499 3227 1661 3322 requisitis
1673 3229 1771 3298 habet
1788 3233 1985 3312 Enniana,

511 3350 579 3398 earu
595 3322 666 3395 sunt
681 3327 839 3420 aequitati
856 3319 1062 3405 conformia,
1078 3348 1113 3395 ut
1125 3328 1308 3400 neminem,
1327 3350 1346 3391 n
1363 3321 1450 3418 siqui
1465 3349 1599 3394 omnem
1615 3329 1858 3393 immunitatem
1876 3327 1987 3396 Eccle-

508 3420 667 3496 fiaslicani
683 3417 833 3492 funditus
848 3445 999 3494 evertere
1015 3445 1172 3503 conatur,
1200 3419 1442 3494 reluclattirunt
1457 3416 1519 3491 elle
1535 3419 1698 3490 arbitrer:
1721 3444 1806 3513 quae
1824 3445 1903 3494 vero
1920 3425 1985 3492 Ca·

509 3513 658 3594 nonistae
673 3521 809 3614 quidarn
826 3521 1029 3614 antiquiores
1046 3545 1083 3590 eit
1100 3523 1275 3616 principiis
1290 3515 1403 3615 pallini
1418 3516 1474 3591 sua
1485 3540 1589 3588 aetate
1605 3518 1787 3613 adoptatis,
1814 3523 1912 3615 atqu'e
1927 3515 1987 3591 ubi

510 3619 624 3691 nullus
650 3619 735 3687 ultra
757 3616 984 3690 Antecellores
1010 3614 1083 3689 suos
1115 3617 1231 3714 sapere
1252 3615 1346 3690 ausus
1373 3612 1454 3699 fuir,
1482 3617 1523 3687 de
1544 3615 1604 3688 hac
1626 3642 1663 3688 rc
1686 3617 1857 3712 inquiunt,
1884 3616 1985 3690 hodie

508 3713 625 3789 saltem
639 3712 792 3786 oninilius
809 3714 956 3788 tribuere
970 3720 1067 3812 plane
1082 3720 1234 3814 iniquuin
1255 3714 1319 3798 est,
1342 3740 1442 3812 atque
1461 3739 1499 3788 cii
1519 3714 1593 3789 telis
1611 3716 1656 3787 ita
1670 3715 1806 3788 retortia
1820 3711 1982 3790 Ecclesiae

509 3810 612 3913 ipsius
629 3811 805 3890 uuirerfinr
818 3815 895 3909 jura
910 3840 1089 3913 appetere,
1113 3840 1147 3890 et
1160 3819 1374 3914 impugnare.
