5017 5592
498 557 570 688 s36

611 839 722 905 nitatis
744 833 933 897 audientiam
949 848 1009 912 pro
1033 839 1120 910 parte
1137 825 1375 888 honorabilium
1399 824 1638 903 Praelatorum,
1663 827 1921 904 Canonicomm,
1941 831 1979 909 ¹‚dr

612 922 810 985 clericorum
828 912 994 976 illinrlenfis
1010 911 1160 974 Civitatis
1184 907 1219 970 dr
1241 905 1403 970 Dioecefis
1419 909 1630 976 infinuatiude
1646 912 1815 992 querulosa
1834 911 1978 996 supplici·

612 1013 663 1067 ter
679 999 722 1065 est
737 997 925 1068 deduttom,
965 994 1053 1074 quod
1069 991 1252 1056 Saeculares
1269 989 1394 1070 quidam
1411 990 1442 1054 in
1457 989 1665 1056 potestatibus
1686 992 1719 1057 dr
1733 993 1863 1058 Officiis
1888 996 1981 1076 publi·

616 1087 663 1150 cis
685 1080 868 1153 constituti,
891 1077 1044 1140 videlicet
1058 1074 1183 1145 Duces,
1206 1072 1370 1144 Comites,
1389 1071 1551 1146 Berones,
1573 1075 1715 1148 lllilires,
1736 1075 1773 1139 ὁὶ
1788 1075 1979 1150 sculteti&

613 1167 669 1231 alii
683 1163 813 1228 Domini
827 1158 1042 1241 temporales,
1063 1176 1122 1230 nep
1141 1174 1206 1217 non
1228 1151 1382 1216 Consules
1401 1153 1599 1230 Civitatum,
1632 1157 1858 1240 Oppidorum,
1887 1157 1979 1224 Villa·

614 1267 703 1317 rum,
726 1244 761 1307 dr
774 1246 919 1308 locorum
933 1238 1086 1304 Resiores
1102 1236 1265 1301 Dioecefis
1281 1234 1473 1317 praediilae,
1496 1237 1569 1302 DEI
1585 1241 1701 1304 timore
1714 1239 1914 1324 postpofito,
1928 1240 1980 1305 lia·

614 1339 685 1394 tnta
700 1326 883 1408 lingulsria,
919 1323 1042 1404 iniquas
1062 1320 1281 1383 ordinationes
1303 1331 1395 1381 motu
1421 1323 1609 1417 propriore
1630 1324 1812 1396 temeritate
1830 1323 1980 1407 praesuu-

614 1409 729 1497 ptuosa
743 1411 781 1472 de
795 1403 881 1471 racto
898 1419 1009 1466 contra
1023 1402 1170 1485 personas
1186 1398 1427 1474 ecclesiasticas,
1459 1399 1668 1466 Lccleliarum
1691 1403 1727 1468 dr
1745 1405 1901 1470 locorum
1918 1407 1982 1471 reli-

614 1493 778 1577 giosornm
796 1490 956 1552 libertates
971 1483 1005 1548 u
1019 1485 1186 1568 privilegia
1207 1482 1434 1556 condiderunt,
1451 1482 1659 1557 (incendunt,
1688 1488 1879 1574 eisdemque
1891 1489 1986 1572 publi·

615 1596 655 1640 ce
670 1576 703 1638 dr
723 1574 762 1635 de
776 1569 862 1634 sacto
880 1568 1015 1632 inlistere
1037 1565 1304 1650 praesumpserunt
1317 1564 1392 1625 ausu
1411 1570 1580 1629 temerario
1601 1567 1635 1631 dt
1649 1568 1807 1644 nefando,
1844 1571 1983 1654 quotidie

616 1667 729 1722 contra
746 1654 904 1735 legitimas
929 1651 1042 1714 civiles
1059 1646 1278 1710 &canonicas
1297 1644 1500 1722 Saniiiones,
1525 1663 1561 1712 ut
1580 1660 1676 1732 pota,
1697 1653 1787 1732 quod
1808 1653 1915 1718 mults
1932 1655 1985 1716 bo-

615 1759 658 1804 na
677 1735 865 1817 temporalia
882 1735 914 1796 in
928 1731 1115 1815 potestatem
1130 1728 1367 1792 eccleliallicam
1383 1731 1632 1807 transferantur,
1665 1751 1750 1798 neve
1766 1735 1887 1799 Clerici
1903 1739 1933 1800 in
1945 1735 1985 1798 ss·

617 1823 680 1887 cris
697 1812 861 1882 constituti
877 1813 916 1876 ad
938 1813 1094 1896 agendum
1122 1811 1189 1874 live
1209 1810 1437 1874 testificandum
1456 1813 1488 1875 in
1503 1816 1651 1879 civilibus
1670 1812 1705 1876 dt
1718 1819 1867 1882 maxime
1881 1819 1915 1882 in
1931 1819 1983 1901 piis

496 1929 503 1946 ,
616 1902 718 1967 causis
741 1901 940 1980 aliquatenus
956 1896 1181 1966 admittantur,
1202 1896 1353 1974 quodque
1367 1897 1640 1962 excommunicati
1655 1897 1726 1962 laici
1742 1897 1778 1962 dt
1794 1901 1918 1981 publici
1935 1901 1984 1964 ds·

616 1984 756 2049 nuntiati
772 1984 805 2045 in
826 1979 914 2042 civili
928 1977 1002 2040 soro
1022 1977 1152 2040 minime
1170 1975 1385 2057 repellantur,
1408 1993 1467 2037 nec
1489 1979 1521 2039 in
1542 1999 1654 2042 eornm
1669 1977 1868 2046 Consulatus
1881 1981 1985 2052 officio

617 2065 654 2130 dt
673 2065 743 2128 aliis
765 2061 886 2127 astibus
899 2058 1106 2122 saecularibus
1124 2060 1297 2121 evitentur.
1355 2055 1437 2121 ltem
1454 2059 1603 2140 praedisti
1624 2061 1756 2126 Domini
1775 2066 1984 2149 temporales,

617 2147 792 2220 Consules,
814 2139 986 2216 Rettores,
1009 2159 1065 2224 per
1080 2141 1267 2204 saecularem
1284 2137 1473 2220 potestatem
1487 2140 1643 2207 Ecclessas
1662 2143 1697 2206 dr
1714 2144 1873 2226 personas
1888 2147 1985 2213 eucle-

618 2229 755 2298 fiasticas
772 2229 918 2309 capiunt,
943 2221 977 2286 dr
994 2225 1061 2306 capi
1081 2231 1268 2306 procurant,
1290 2221 1387 2284 res&
1403 2223 1486 2284 bona
1501 2223 1694 2289 clericorum
1713 2240 1883 2312 occupant
1895 2229 1927 2294 dr
1939 2247 1984 2294 ar-

619 2311 757 2385 restsnt,
786 2309 967 2372 oblationes
985 2303 1126 2368 fidelium
1147 2306 1325 2369 diminuunt
1341 2300 1374 2365 dc
1389 2303 1598 2386 restringunt,
1629 2309 1820 2375 exustiones
1838 2309 1876 2376 δι
1892 2311 1982 2377 tslllss

617 2394 777 2460 indebitas
793 2390 940 2454 debonis
962 2386 996 2450 dt
1016 2389 1168 2450 reditibus
1182 2385 1389 2449 Eccleliarum
1402 2387 1539 2468 exigunt
1554 2387 1588 2452 dr
1604 2403 1819 2474 extorquent,
1841 2395 1985 2460 stationes

617 2475 844 2543 immoderatas
858 2479 929 2534 curn
943 2469 1145 2532 multitudine
1163 2468 1318 2531 nobilium
1342 2469 1374 2530 in
1396 2468 1490 2531 bonis
1504 2467 1712 2536 Ecclelisrom
1730 2473 1767 2537 dr
1789 2479 1924 2558 piorum
1937 2477 2003 2542 lo·.

619 2577 734 2624 corum
751 2555 873 2619 iaciunt
883 2596 893 2628 ,
914 2551 1061 2616 vectura·
1073 2570 1220 2616 curruum
1240 2549 1275 2613 dt
1290 2548 1458 2614 vectiones
1477 2552 1669 2652 multiplices
1686 2557 1783 2621 bonis
1796 2557 1875 2642 iplis
1889 2561 1986 2642 impo-

620 2652 702 2705 nnnt
716 2647 827 2702 contra
850 2635 1086 2699 ecclefialticam
1105 2634 1301 2706 libertatem,
1333 2629 1536 2715 poileffiones
1556 2635 1764 2702 bccleliarum
1786 2639 1821 2703 dt
1840 2640 1987 2706 Persona·

619 2741 691 2789 rum
710 2718 993 2784 Ecclefiasticarum
1012 2717 1177 2780 devastant
1197 2713 1350 2781 incendiis
1369 2711 1404 2776 dr
1424 2717 1558 2796 rapinis,
1588 2720 1773 2785 contrst'rus
1790 2724 1879 2787 iuter
1896 2723 1987 2789 Cleri·

621 2826 681 2872 coa
699 2804 733 2869 dr
745 2803 859 2867 Laicoa
878 2802 1022 2882 legitime
1034 2799 1139 2863 latios
1158 2800 1197 2861 ad
1211 2799 1310 2862 libros
1327 2799 1511 2873 civitatum,
1536 2799 1705 2877 villarum,
1726 2804 1762 2866 dt
1779 2804 1932 2871 locorum
1944 2826 1986 2870 re·

621 2887 732 2952 colant
758 2885 921 2948 inscribere
939 2893 976 2944 bc
999 2881 1154 2964 ligillare,
1188 2881 1306 2943 donata
1334 2877 1368 2942 &
1391 2878 1494 2961 legata
1515 2882 1553 2943 ad
1570 2881 1702 2947 fabricas
1725 2885 1985 2952 Eccleliarumdt

621 2969 793 3034 llrusiuras
808 2976 918 3028 contra
936 2964 1137 3025 voluntatem
1155 2962 1368 3024 Praelatorurn
1386 2961 1421 3021 ὰ
1438 2963 1583 3036 aliorum,
1595 2985 1729 3048 quorum
1745 2969 1890 3046 interest,
1903 2989 1984 3054 prae·

622 3051 750 3116 sumunt
767 3047 912 3144 usurpare
929 3056 1040 3106 contra
1054 3043 1228 3124 justitiam,
1261 3045 1293 3105 in
1312 3041 1452 3105 fraudem
1477 3041 1511 3106 dr
1531 3047 1640 3109 odium
1662 3049 1863 3115 clericorum
1879 3051 1984 3116 conlo

623 3134 750 3215 gientes
770 3130 806 3190 ad
822 3126 997 3195 Eccleliss,
1022 3125 1238 3199 Coemeteria,
1263 3122 1297 3186 ilc
1313 3125 1349 3186 ad
1364 3125 1435 3188 locs
1449 3126 1602 3193 libertatis
1618 3128 1830 3198 Ecclesiarum
1842 3135 1918 3200 inde
1928 3155 1983 3200 ex·

622 3214 750 3279 trahere
764 3225 875 3274 contra
888 3207 1075 3273 sanctiones
1087 3207 1271 3292 imperiales
1288 3206 1497 3290 praesumunt.

683 3308 764 3373 Cum
786 3309 884 3389 igitur
897 3307 975 3370 haec
992 3308 1100 3370 omnia
1117 3304 1150 3369 δι
1169 3305 1291 3400 lingula
1308 3307 1341 3368 dt
1355 3306 1488 3387 quaevis
1500 3305 1561 3369 alia
1575 3307 1707 3381 srmilia,
1732 3325 1877 3374 necnon
1899 3329 1986 3393 quae·

520 3359 522 3364 Ι
567 3391 570 3396 ’
622 3410 750 3473 cunque
769 3390 872 3454 secuta
894 3390 980 3462 sunt,
1004 3390 1037 3452 dr
1058 3390 1141 3469 sequi
1163 3388 1306 3469 poliunt,
1326 3410 1367 3450 ex
1382 3389 1491 3450 iisdem
1509 3388 1567 3450 srnt
1585 3391 1618 3452 dr
1635 3390 1752 3453 suerint
1773 3392 1878 3458 solurn
1893 3392 1987 3458 dels-

624 3476 680 3540 ἃο
697 3495 734 3537 ac
748 3484 869 3536 temere
884 3482 1039 3535 attentata
1056 3490 1160 3555 seper
1175 3471 1412 3540 sacrasciviles,
1435 3490 1471 3530 ac
1487 3470 1662 3535 Canonicss
1678 3470 1871 3538 Santiiones
1884 3494 1988 3558 repro-

623 3561 697 3624 bata
714 3552 865 3638 expresse.
908 3554 978 3618 Nos
1001 3575 1038 3614 ea
1055 3554 1163 3616 omnis
1182 3553 1215 3614 d:
1231 3552 1351 3634 lingula
1376 3554 1415 3613 de
1438 3551 1636 3636 Principum.
1656 3554 1898 3632 Dominorum,
1926 3557 1987 3620 Cu·

624 3640 761 3709 mitum,
785 3636 942 3699 Beronum
959 3680 967 3706 ,
989 3635 1193 3716 fideliumque
1216 3635 1395 3697 nostrorum
1412 3633 1552 3710 Conlilio
1568 3658 1610 3700 ex
1625 3647 1710 3699 certa
1725 3637 1856 3702 scientia
1876 3649 1988 3703 tenore

622 3720 832 3806 praesentium
845 3720 879 3781 dr
894 3718 1100 3781 Authoritate
1117 3717 1275 3799 imperiali
1292 3715 1460 3792 cassamus,
1483 3718 1660 3788 irritamus,
1678 3720 1902 3796 annullamus,
1926 3720 1988 3785 cas-

624 3805 740 3886 saque,
760 3802 864 3874 irrita,
894 3801 928 3862 dt
942 3800 1059 3863 nullius
1073 3797 1134 3862 esse
1151 3801 1306 3863 momenti
1322 3801 1447 3880 penitus
1466 3801 1680 3874 declaramus,
1706 3802 1843 3866 dicimus
1862 3803 1898 3867 δι
1913 3823 1990 3867 nun·

625 3889 765 3957 ciamus,
787 3882 929 3965 exprelie
943 3884 1094 3964 praesenti
1113 3882 1227 3946 Edicto
1240 3892 1400 3965 perpetuo.
1410 3882 1570 3955 valituro,
1591 3883 1733 3956 seriosius
1745 3884 1940 3960 inhibentes,
1952 3907 1989 3949 ue

625 3966 813 4051 hujusmodi
826 3976 880 4028 aut
899 3984 1009 4027 eorum
1026 3965 1134 4027 similia
1156 3966 1195 4028 de
1213 3976 1345 4028 coetero
1365 3961 1439 4027 dicti
1464 3965 1593 4028 Domini
1616 3968 1809 4049 temporales
1834 3979 1990 4042 attentare

625 4050 843 4132 praesumant,
879 4048 1106 4128 prachpieutes
1137 4047 1343 4109 nihilominus
1374 4046 1427 4109 sub
1452 4048 1669 4128 indignatione
1695 4049 1875 4130 imperialis
1894 4051 1990 4114 Banni

625 4131 781 4195 uuiverl'rs
796 4128 828 4191 dt
843 4130 971 4208 singulis
995 4129 1140 4191 Dominis
1157 4126 1190 4190 δι
1205 4128 1376 4201 lllilitibus,
1408 4128 1616 4203 Consulibus,
1648 4130 1884 4210 Potestatibus,
1911 4133 1992 4196 Offi-

629 4216 736 4283 ciatis,
769 4211 801 4274 dt
820 4214 850 4276 in
863 4204 979 4275 officiis
1002 4212 1133 4294 publicis
1152 4211 1354 4280 constitutis,
1385 4225 1539 4290 quatenus
1559 4233 1638 4276 mox
1655 4214 1729 4276 vilis
1745 4223 1800 4275 ant
1816 4215 1990 4280 intellciiis

652 4293 840 4358 raesenribus
857 4293 936 4359 dicta
957 4313 1066 4357 eorum
1089 4293 1202 4356 statuta
1220 4293 1254 4355 dr
1274 4297 1490 4357 ordinationes
1507 4295 1584 4356 licut
1597 4297 1628 4356 in
1644 4295 1874 4374 praejudicium
1892 4299 1991 4362 eccle·

626 4313 764 4441 istricae
784 4375 935 4441 libertatis
954 4380 1035 4440 edita
1057 4375 1142 4446 sunt,
1168 4379 1300 4438 omnino
1314 4387 1489 4445 revocent,
1514 4375 1548 4438 dc
1570 4377 1610 4438 de
1629 4378 1699 4440 luce
1719 4379 1861 4454 tollant,
1892 4381 1992 4464 quod·

627 4476 691 4540 que
703 4455 868 4519 secundum
883 4480 918 4522 ea
937 4479 1001 4521 non
1015 4459 1157 4540 judicent
1176 4460 1329 4540 amplius,
1359 4477 1417 4520 nec
1442 4457 1609 4521 sententias
1626 4460 1761 4533 ditient,
1800 4475 1859 4524 aut
1874 4466 1991 4526 eisdem

627 4538 796 4621 injudicio
812 4539 866 4605 vel
882 4551 973 4607 extra
990 4541 1235 4628 quomodolibet
1246 4562 1303 4627 per
1321 4541 1351 4607 se
1370 4540 1404 4606 dr
1422 4553 1535 4605 contra
1556 4541 1792 4609 eccleliasticsm
1810 4543 1994 4611 libertatem

624 4624 802 4712 potiffitlis's

1913 4708 1996 4779 Item

779 562 1119 652 nrsssnrssro
1173 557 1728 641 cnuourcosusnrcs·
1786 533 1790 540 ’
1924 607 1928 612 .
2018 581 2020 670 5

611 759 804 824 enervatur,
822 747 856 812 dt
868 744 953 829 quali
969 695 1009 809 ad
1023 743 1156 809 nibilum
1177 741 1345 824 redigitur.
1385 741 1493 807 Minus
1513 743 1595 825 julie
1612 695 1684 809 ssne
1695 746 1735 810 ad
1749 745 1980 820 nolttaeSers·
