5017 5592
650 573 659 612 l

763 641 837 728 oo
875 645 1056 730 oouots
1096 649 1499 732 occuostnsotcts.
1557 761 1562 768 Ι
1617 649 1622 658 ·
1723 757 1728 764 ,
1813 657 1889 760 sor
2144 629 2153 640 “

993 865 1027 968 n.
1074 862 1301 956 cxxxix.

527 999 595 1076 Sub
620 997 878 1094 Carolingorum
898 1000 1050 1099 Imperio
1076 1003 1246 1097 antiquam
1274 997 1456 1077 Elesiionis
1480 999 1674 1080 libertatem
1700 1003 1886 1104 loquuntur
2018 999 2022 1008 ’

411 1097 817 1196 capitulatiacatoliM.
836 1099 977 1172 deanno
995 1113 1074 1200 803.
1142 1107 1300 1173 Sacrorum
1324 1111 1479 1176 canonum
1492 1125 1552 1174 non
1566 1109 1684 1197 ignari,
1707 1129 1742 1174 ut
1754 1113 1786 1174 in
1803 1109 1885 1178 DEI
2038 1191 2045 1198 ¹

408 1203 528 1270 nomine
540 1198 644 1288 [anso
660 1197 786 1284 Ecclefia
794 1197 849 1289 suc
868 1199 988 1270 liberius
1001 1204 1151 1290 potiretur
1171 1207 1297 1278 bonore,
1319 1201 1474 1286 asseriani
1487 1206 1586 1271 ordini
1604 1201 1800 1292 Ecclefiastico
1813 1223 1886 1296 pre·
2032 1197 2036 1202 ’

411 1297 546 1384 suimus,
571 1319 608 1366 ut
623 1293 691 1368 scil.
711 1290 868 1392 Episcopi
883 1318 945 1392 per
958 1291 1164 1372 Eleslioocm
1179 1297 1290 1378 Cleri,
1316 1296 1348 1366 dt
1367 1287 1484 1390 Populi
1499 1295 1678 1369 secundum
1692 1295 1810 1368 statute
1823 1303 1887 1378 Ca·
2040 1323 2043 1328 ·

409 1396 593 1463 nouumde
604 1395 724 1488 propria
738 1395 863 1476 Diores
874 1399 1036 1492 eligantur.
1094 1396 1173 1468 Fuit
1193 1396 1295 1465 etiam
1319 1389 1534 1466 Pontificibus
1557 1393 1693 1468 summe
1710 1419 1816 1476 eurae,
1846 1416 1886 1468 ut

409 1491 639 1584 Imperatores
660 1489 701 1561 ad
717 1486 958 1576 observantiam
977 1495 1152 1564 Canooum
1169 1493 1373 1572 animarent,
1407 1517 1451 1564 oe
1474 1494 1555 1586 quid
1578 1496 1721 1591 tutiquae
1740 1489 1888 1564 ulettiu·

409 1588 465 1657 nis
480 1585 707 1660 consuetudini
724 1587 923 1680 derogetur:
948 1594 1025 1682 qnia'
1035 1615 1187 1682 nunqnam
1203 1615 1257 1660 nos
1270 1596 1301 1659 in
1317 1592 1450 1682 quolibet
1464 1595 1614 1663 Eleslione
1627 1598 1819 1674 invenimus,
1833 1613 1887 1662 nec

409 1687 553 1756 inuenire
567 1687 724 1769 babemus,
740 1690 897 1778 latineque
914 1686 1051 1775 vestrm
1068 1691 1282 1758 Excellentiant
1299 1710 1435 1780 optamus
1456 1694 1548 1758 talem
1568 1714 1630 1759 rem
1648 1691 1824 1761 incumbere.
1846 1688 1887 1780 a)

408 1781 466 1852 De
488 1781 657 1854 Ludovito
677 1779 801 1888 qonllat
824 1807 862 1856 ex
883 1784 1093 1874 Eginbardo,
1133 1783 1225 1880 quod
1248 1789 1446 1876 Drogouem
1464 1784 1606 1857 Meteost
1630 1783 1779 1858 Ecclesrae
1798 1790 1887 1880 clerc

411 1881 544 1974 ejusdem
559 1885 759 1965 consentiente
767 1876 983 2047 profecerit,
996 1885 1033 1966 b)
1059 1907 1118 1952 nec
1134 1883 1199 1954 alio
1217 1883 1320 1958 modo
1336 1880 1428 1952 urbis
1446 1880 1487 1952 ab
1502 1887 1714 1978 Imperatore
1728 1877 1889 1980 pientissi-

410 1976 528 2056 moad
546 1974 752 2047 Pontificiam
782 1977 876 2048 edem
895 1976 1043 2050 Ecclclie
1060 1981 1229 2060 Senoniae
1245 1975 1379 2051 cuculus
1398 1976 1454 2051 est.
1479 1977 1514 2074 t)
1552 1983 1594 2052 Et
1612 1978 1634 2050 fi
1651 1981 1793 2052 aliorum
1812 2003 1887 2054 tum

410 2071 513 2168 hujus
520 2071 626 2156 ,‘tum
643 2074 781 2146 alterius
800 2071 910 2171 stirpis
924 2078 1170 2172 imperatorum
1183 2080 1426 2148 nominationes
1443 2074 1527 2148 bene
1549 2080 1807 2160 examinaveris,
1831 2078 1887 2148 vix
1969 2101 1972 2106 ⁴

413 2193 482 2243 ooo
495 2167 627 2267 semper
640 2173 816 2242 maximam
831 2173 940 2252 Cleri,
986 2173 1149 2270 opulique
1164 2176 1327 2245 rationem
1343 2172 1490 2244 habitam
1510 2168 1606 2245 fuisse
1622 2174 1821 2270 perspicies,
1843 2172 1892 2254 li·.,
1915 2259 1928 2276 Ι,

412 2287 468 2341 cet
482 2271 553 2363 ejus
570 2295 635 2340 non
651 2271 810 2341 continuo
830 2197 983 2365 expressap
990 2295 1118 2342 menno
1135 2269 1204 2349 fiat.
1253 2267 1889 2366 AliquotiestumeisinEcclefiaGrae·
2014 2291 2034 2344 ·.

368 2385 376 2393 ’
410 2389 452 2437 ee
470 2363 653 2460 praesertim
676 2371 902 2462 Imperatores
922 2365 1138 2440 iconoclastas
1163 2393 1275 2464 teque,
1319 2393 1356 2439 ac
1379 2372 1412 2438 in
1433 2369 1617 2440 Occidente
1635 2373 1776 2442 nimiunn
1793 2373 1827 2442 io
1843 2392 1887 2443 eo

411 2459 472 2534 sibi
492 2459 674 2556 arrogasse,
699 2463 787 2535 houd
802 2459 980 2534 difficulter
994 2465 1225 2548 concedimus;
1257 2463 1314 2536 sed
1332 2487 1466 2537 caveant
1480 2463 1537 2537 sibi
1558 2465 1768 2552 Adversarii,
1792 2489 1889 2540 neex
1934 2555 1943 2562 ,

413 2584 482 2632 ono
498 2561 644 2633 alterove
666 2561 820 2654 exemplo
838 2584 1071 2653 argumentum
1095 2558 1263 2645 formcut;
1288 2563 1353 2632 hoc
1372 2564 1461 2632 enim
1486 2560 1509 2634 li
1529 2559 1724 2656 stringeret,
1756 2562 1887 2664 queso,
1944 2561 1952 2568 ’

413 2681 488 2756 que
499 2657 575 2753 jura
591 2657 648 2729 stbi
662 2660 696 2728 io
715 2660 867 2730 Romano
884 2662 1033 2757 Imperio
1047 2659 1251 2732 vindicarent
1271 2655 1470 2732 Pontifices?

454 2824 491 2903 o)
510 2825 583 2891 viu.
598 2823 729 2909 Epistol.
742 2825 780 2888 ob
795 2825 920 2891 Adrion.
931 2826 970 2890 ad
984 2825 1089 2893 Coros.
1106 2827 1149 2894 M.
1160 2836 1301 2894 extritae
1317 2826 1399 2914 apud
1410 2825 1525 2898 Batou.
1538 2831 1577 2900 ad
1589 2847 1639 2898 au.
1653 2845 1726 2918 774.
1768 2791 1777 2800 ’

456 2943 494 3028 b)
514 2943 564 3008 Ad
578 2963 627 3008 tn.
643 2957 715 3028 823.

453 3053 486 3134 r)
506 3057 614 3143 Lupus
629 3061 735 3128 Abbae
750 3055 930 3129 Ferretieus.
948 3060 1044 3148 Epist.
1061 3082 1112 3148 29.

1055 3265 1084 3344 n.
1134 3250 1254 3326 CXL.

532 3384 804 3480 Maimbourgiua
829 3387 1022 3476 (CXXIV.)
1039 3391 1166 3484 citatus
1182 3387 1321 3458 omnino
1337 3406 1452 3458 eontra
1475 3380 1690 3458 historiarum
1711 3381 1815 3461 fidem
1831 3386 1891 3462 du·

409 3504 489 3569 eet,
511 3483 593 3580 olim
612 3484 854 3582 Episcoporum
874 3484 1125 3558 consttutiones
1146 3511 1165 3555 a
1183 3485 1378 3580 Principum
1397 3506 1481 3555 uutu
1501 3480 1712 3576 dependisse,
1733 3486 1890 3581 probabi·¹
1954 3577 1957 3581 ‚

362 3601 364 3606 ⁴
409 3584 455 3654 lis
477 3604 586 3653 tameo
609 3581 699 3653 illtua
720 3583 911 3680 conjeaura
935 3582 998 3665 esi,
1022 3581 1114 3680 quod
1134 3582 1189 3678 jus
1212 3585 1379 3674 regiuma
1406 3578 1605 3675 quibusdam
1626 3581 1825 3678 praetensum
1848 3606 1889 3657 ex

407 3679 490 3778 jure
507 3679 690 3751 clientelari
705 3681 794 3753 luam
810 3683 940 3753 duxerit
954 3685 1132 3773 originem.
1182 3682 1270 3751 Cum
1288 3680 1376 3750 enim
1397 3680 1562 3751 Dominus
1584 3677 1731 3750 dire'slus
1749 3703 1888 3754 mortuo

409 3774 537 3852 vasallo
549 3777 603 3872 jus
617 3774 775 3860 habebat,
789 3780 883 3850 alteri
900 3775 1038 3850 seudum
1051 3773 1264 3857 conferendi,
1280 3771 1378 3848 facile
1393 3774 1590 3872 quibusdam
1607 3773 1797 3871 persuasum
1809 3773 1888 3862 suit,

411 3873 506 3972 quod
534 3897 668 3946 mortuo
689 3874 855 3976 Episcopo
875 3873 994 3948 vasallo
1016 3873 1093 3973 apsis
1107 3875 1161 3971 jus
1181 3895 1365 3970 competat,
1390 3874 1494 3944 alium
1515 3871 1735 3948 constituendi
1754 3872 1889 3969 Episco-

407 3995 495 4070 pum
517 3969 698 4057 vasallum,
724 3972 758 4045 ἀ
780 3998 897 4046 caeteta
920 3973 1056 4046 demum
1078 3968 1237 4046 beneficia
1261 3966 1483 4053 conferendi,
1512 3994 1588 4042 cum
1614 3969 1684 4043 hec
1703 3969 1888 4063 potestasa

407 4071 587 4142 canonum
601 4071 843 4168 interpretibus
862 4075 950 4144 iotet
969 4067 1099 4143 sruslua
1117 4066 1343 4151 recenseatur,
1369 4063 1500 4141 sruslut
1517 4091 1628 4140 autem
1643 4069 1683 4139 ad
1697 4071 1886 4144 Dominum

409 4163 578 4245 diteslutn
588 4165 800 4266 pertinuisse,
812 4169 1030 4244 donetnovus
1044 4168 1182 4243 vasallus
1195 4159 1335 4247 seudum
1344 4166 1529 4268 occeperit,
1542 4165 1863 4265 exploratijurisest.

1030 4400 1066 4485 s.
1112 4390 1258 4468 extr.

528 4527 716 4603 Videbatur
736 4528 807 4602 hec
828 4524 979 4603 doslrina
994 4552 1031 4601 ex
1048 4526 1125 4624 ipfis
1143 4533 1316 4600 canonum
1330 4522 1461 4623 placitis
1478 4547 1697 4621 promanare,
1714 4523 1769 4600 sed
1783 4547 1886 4622 quem

407 4627 596 4726 utoagrue
620 4629 700 4710 inde
726 4629 810 4704 hooc
830 4625 1027 4728 potestatem
1049 4628 1292 4712 derivaverint,
1314 4627 1446 4723 liquet,
1469 4627 1549 4723 quio
1563 4628 1619 4704 cit.
1636 4625 1731 4724 ΜΛ
1749 4622 1789 4699 ad
1810 4647 1886 4719 cap.

1025 4727 1263 4823 Ggggga
1818 4743 1886 4800 run
