5017 5592
609 671 672 751 198
837 589 841 598 Ι
1047 649 1612 733 utssssttrarto

596 834 671 905 ciali
688 829 842 906 duntaxat
856 831 1004 925 Eccleflar
1021 831 1139 905 llatuto
1155 835 1206 908 vel
1222 831 1458 906 consuetudine
1474 835 1724 930 requireretur,
1750 818 1793 903 id
1808 830 1933 930 absque
1947 857 1986 907 ea
2002 861 2083 926 con·

580 931 687 1026 ‚sequi
707 929 834 1026 pollet?
862 939 945 1004 Nun
964 932 1045 1002 nulli
1067 930 1242 1004 adfirmant
1258 933 1296 1021 a)
1322 929 1511 1004 distitantes
1527 930 1759 1027 hujuscemodi
1775 928 1900 1003 statutis
1918 936 1951 1002 in
1966 935 2081 1008 indul·

515 1035 522 1053 ‘
598 1033 640 1100 tis
663 1031 898 1122 primariorum
914 1054 1052 1127 precum
1067 1055 1084 1100 a
1101 1027 1176 1102 sede
1201 1028 1394 1126 Apolloliea
1415 1027 1479 1099 ede
1500 1031 1717 1121 derogatum,
1738 1053 1775 1099 ac
1799 1030 1876 1101 ideo
1899 1056 1960 1127 per
1973 1056 2015 1103 ea
2030 1057 2083 1106 re·

596 1124 790 1223 quifitarum
805 1128 1000 1224 qualitatum
1011 1124 1160 1220 deseslqs
1172 1127 1317 1224 precistae
1335 1127 1591 1223 haudquaquam
1606 1124 1736 1198 obllare
1747 1123 1854 1221 polle,
1869 1127 2082 1223 hujusetiam

597 1230 649 1295 rei
669 1222 902 1297 confirmandae
924 1249 1006 1317 ergo
1029 1226 1234 1297 inmedaum
1263 1227 1477 1320 producunt,
1503 1223 1642 1295 Nobilis
1669 1221 1819 1295 Ecclefiae
1849 1228 2083 1321 Capitulum

597 1322 810 1394 Fordinando
824 1327 870 1395 ll.
893 1328 1099 1394 nominatum
1125 1321 1299 1418 precistam
1324 1321 1497 1394 nobilitate
1518 1344 1684 1396 carentem
1702 1326 1734 1389 in
1760 1326 1997 1395 canonicorum
2020 1352 2084 1398 nu·

598 1422 904 1587 {lgsulls‘sl‘f‘f‘
925 1419 1227 1586 tapdemdeoaslum
1244 1419 1320 1588 ¹qllp
1356 1420 1575 1586 Vetumsaliil
1582 1470 1591 1500 ,
1611 1422 1669 1511 qui
1680 1441 1827 1532 negant,
1845 1417 1883 1516 l)
1908 1421 2006 1514 longe
2033 1422 2082 1494 so·

598 1542 715 1694 aas}
734 1542 820 1685 'alsia
835 1539 1079 1697 ”illisas
1104 1540 2086 1711 sssstaia'l‘zdifflatasltttss’sllltdsltl:

600 1732 735 1791 tuntut,
760 1713 1023 1806 Capitulationea
1039 1714 1222 1793 Caesareas,
1246 1715 1279 1781 vi
1296 1709 1576 1807 quotumcaesar·
1593 1711 1728 1793 statuta,
1751 1711 1783 1781 dt
1806 1711 1986 1785 laudabiles
2004 1741 2085 1787 con·

602 1805 792 1879 suetudines
810 1807 1025 1881 Ecolefiarum
1049 1811 1327 1883 Germanicarum
1341 1812 1430 1879 tueri
1448 1831 1597 1889 tenetur,
1622 1808 1653 1878 dt
1671 1807 1807 1878 demum
1821 1807 2084 1884 Inslrumentum

601 1907 640 1978 P.
656 1911 710 1978 W.
728 1912 803 1983 Art.
816 1912 859 1976 V.
883 1911 984 1996 §.18⁸
1006 1905 1063 1978 ubi
1088 1929 1226 2002 precum
1248 1903 1373 1976 effeslu
1398 1905 1554 1977 duntaxat
1578 1906 1724 1997 gaudere
1741 1902 1834 2005 posse
1860 1907 2001 1993 dicitur,
2022 1911 2087 2010 qui

604 2001 647 2073 ad
661 2027 816 2075 normam
831 1999 1048 2088 statutorum,
1072 2005 1105 2077 dt
1127 2003 1343 2076 observantie
1359 2003 1498 2075 idoneus
1514 2001 1668 2077 habetur.

645 2173 682 2251 o)
709 2169 867 2238 Wiestner
886 2173 936 2237 tit.
951 2173 991 2236 de
1003 2171 1160 2271 praebend.
1173 2170 1207 2235 dt
1220 2173 1307 2253 dign.
1327 2188 1358 2234 o.
1376 2189 1445 2255 170.
1469 2167 1610 2233 Chokiet
1628 2166 1700 2233 sest.
1715 2169 1770 2233 cte
1784 2167 1824 2238 V.
1847 2167 1898 2232 Aa
1908 2167 2085 2252 secundm

719 2254 857 2337 Pithiog.
870 2274 900 2317 n.
911 2266 983 2336 382.
1002 2275 1036 2318 ro
1052 2254 1125 2318 fine.
1137 2252 1172 2317 dt
1185 2251 1396 2336 Wagneteck.
1409 2253 1482 2336 §.p
1496 2263 1622 2315 extens.
1640 2271 1669 2332 4.
1685 2252 1800 2314 sedhic
1816 2269 1905 2314 error
1919 2253 1993 2316 inde
2006 2271 2086 2336 pro·

719 2335 874 2420 pullulare
893 2337 1039 2410 videtur,
1070 2337 1155 2418 qood
1173 2336 1206 2398 hi
1228 2356 1264 2398 ac
1294 2334 1453 2416 ejusmodi
1478 2333 1610 2397 instituti
1627 2333 1793 2417 scriptores
1807 2354 1850 2395 ex
1875 2334 1972 2396 nimia
1990 2355 2086 2398 reve-

719 2421 821 2482 tentia
834 2420 866 2481 io
890 2418 1134 2481 constitutiones
1154 2417 1375 2499 Apostolioas,
1398 2417 1538 2479 etiamid
1560 2418 1689 2478 materia
1709 2414 1879 2498 disciplinae
1899 2416 1939 2478 de
1956 2415 2084 2486 sever-

720 2501 835 2571 sutilia,
857 2500 963 2563 verbis
977 2518 1084 2564 earum
1108 2501 1216 2583 potios
1240 2499 1431 2570 inhaereant,
1450 2515 1544 2578 qoam
1562 2499 1653 2579 praxi
1672 2497 1818 2579 Imperii,
1842 2516 1902 2560 nec
1922 2516 1988 2560 non
2002 2500 2088 2580 jutl-

720 2582 800 2653 bua,
827 2580 859 2645 dt
878 2582 1212 2646 statutis-inveteratis
1233 2578 1442 2643 Ecclafiarnna
1462 2579 1738 2642 Germanicarum:
1763 2600 1806 2643 eae
1832 2598 1898 2662 qno
1912 2599 1978 2643 non
1995 2582 2088 2646 levia

722 2663 755 2728 in
775 2664 833 2727 has
852 2664 1041 2746 quandoque
1061 2663 1174 2727 damna
1193 2663 1388 2736 redundare,
1404 2663 1437 2725 io
1457 2662 1566 2744 aprico
1580 2660 1634 2726 est.

383 2796 385 2802 '
508 2841 510 2846 .
645 2779 981 2867 t)1tat³teffingeaua
1002 2784 1034 2844 in
1052 2780 1182 2848 Vitriat.
1203 2779 1311 2844 illustr.
1332 2777 1534 2844 Stoecltenina
1550 2782 1583 2844 io
1603 2777 1726 2844 Differt.
1748 2778 1788 2842 de
1809 2779 1963 2863 ptlmatila
1983 2780 2088 2863 preri-

724 2865 784 2929 bua
804 2865 1008 2942 Imperatoria
1025 2864 1131 2943 quaest.
1145 2860 1202 2926 lx.
1224 2883 1255 2927 u,
1273 2860 1373 2946 Lvu„
1393 2861 1560 2927 Fritschioa
1576 2861 1698 2944 dejure
1720 2862 1844 2944 primae.
1864 2881 1947 2946 pree.
1967 2883 2037 2945 cap.
2052 2880 2085 2945 5.

724 2963 758 3022 n.
774 2964 801 3008 1.
832 2943 1057 3008 Reinhatthius
1070 2948 1102 3008 in
1121 2942 1243 3009 Dissett.
1266 2946 1305 3007 de
1325 2944 1481 3030 potestate
1529 2943 1648 3008 tecistae
1669 2963 1779 3026 preces
1800 2942 2004 3024 Imperatoria
2030 2962 2088 3026 per

730 3026 901 3090 cessionem
919 3027 949 3089 io
966 3027 1062 3088 alium
1083 3026 1300 3089 transferendi.
1327 3029 1360 3111 S.
1378 3025 1467 3093 Vlll.
1502 2965 1590 3090 stater
1603 3026 1665 3087 hoa
1683 3044 1793 3088 omnes
1808 3036 1912 3088 tamen
1928 3025 2090 3089 boehme-

725 3125 780 3170 rus
799 3106 825 3180 J.
839 3105 875 3168 E.
896 3107 927 3171 P.
941 3109 990 3171 tit.
1005 3109 1044 3169 de
1059 3111 1153 3190 praeb.
1170 3108 1204 3170 dc
1221 3107 1333 3190 dignit.
1354 3109 1380 3188 ἦ.
1393 3107 1492 3175 CXV.
1514 3109 1702 3172 nominatim
1720 3099 1887 3174 Wiellneri
1898 3109 2088 3190 opinionem

719 3182 873 3251 ‘'consutat
886 3188 935 3252 hia
955 3191 1078 3253 verbis:
1100 3190 1282 3271 “Equidem
1304 3189 1462 3255 Wiellner
1475 3190 1514 3251 ad
1530 3190 1564 3255 h.
1577 3203 1599 3253 t.
1618 3208 1648 3254 o.
1667 3209 1736 3273 170.
1754 3190 1837 3254 inter
1852 3190 2020 3272 qualitates
2026 3188 2089 3334 iqo·

609 3305 612 3312 ·
725 3270 770 3335 ris
787 3273 984 3340 communis,
1009 3271 1094 3333 vela
1111 3269 1297 3334 fundatione
1311 3272 1541 3355 dependentes,
1561 3271 1595 3334 dr
1607 3273 1690 3335 inter
1703 3291 1774 3342 eas,
1791 3290 1863 3352 quae
1886 3272 2010 3356 speciali
2053 3292 2088 3334 a·

726 3359 801 3414 toto
819 3349 854 3415 dt
877 3351 1104 3415 consuetudine
1118 3351 1349 3425 desiderantur,
1368 3354 1554 3436 distinguit,
1574 3366 1610 3416 ut
1625 3354 1688 3416 illae
1728 3352 1848 3427 uidem,
1870 3373 1935 3416 non
1954 3353 2005 3416 hae
2025 3355 2089 3417 ob·

610 3475 615 3484 ,
725 3432 843 3498 servati
859 3435 992 3534 debeant
1003 3475 1017 3533 ,1
1033 3433 1257 3534 &lic-harum
1274 3433 1416 3499 desettua
1435 3434 1574 3534 precillae
1585 3434 1708 3499 obstate
1745 3436 1804 3497 aud
1817 3436 1946 3498 debente
1963 3434 2016 3534 sed
2026 3436 2088 3500 vix

727 3516 789 3592 est,
810 3525 847 3578 ot
861 3515 934 3579 huto
950 3516 1141 3580 distantttom
1157 3514 1289 3579 assensus
1303 3519 1333 3581 in
1354 3536 1445 3596 praxi
1464 3519 1648 3600 praebeatur.
1692 3515 1804 3580 Solent
1816 3518 1914 3581 hodie
1929 3516 2089 3599 Capttnla,

727 3608 826 3682 prout
848 3596 935 3682 supra
953 3599 1139 3670 observavi,
1163 3597 1343 3681 gravissime
1357 3599 1451 3680 Papae
1462 3598 1612 3680 obloqui,
1635 3597 1740 3662 fiillia
1762 3601 1949 3662 canonicum
1972 3602 2089 3662 obtru-

728 3684 802 3743 dere
816 3682 967 3752 intendit,
989 3683 1042 3764 qui
1056 3681 1169 3744 debitia
1187 3701 1229 3744 ex
1248 3681 1366 3744 statuto
1382 3682 1585 3765 qualitatibus
1605 3699 1670 3741 non
1691 3680 1734 3742 est
1754 3679 1941 3745 insttusloa:
1965 3693 2090 3763 quanto

728 3761 1854 3911 attissat‘tlszssts‘stltltbstl‘zlstblltlaql
1869 3809 1905 3926 ‘a'
1921 3763 2091 3919 ’,ῗέἕῖἷί

644 3947 646 3951 ·
729 3928 835 4002 trariae
850 3915 1008 3987 assertioni
1025 3945 1099 4008 tepo
1148 3867 1308 3997 atsubills
1323 3927 1448 3990 demum
1463 3927 1606 4007 precibus
1628 3866 1813 4005 tluju'smodl
1832 3891 1895 3990 fsui
1907 3891 1998 4012 posse
2011 3926 2094 3992 dici·

729 4017 799 4085 tur,
821 4009 873 4091 qui
888 4007 1082 4072 adnormam
1120 4017 1284 4072 atutorum
1304 4007 1338 4071 dt
1362 4008 1573 4074 observantior
1586 4008 1721 4073 idoneus
1741 4008 1794 4074 est.
1804 4050 1842 4084 „,

1274 4210 1304 4295 a.
1354 4199 1430 4278 tu.

633 4399 638 4408 ,
732 4333 839 4402 Porro
856 4329 1058 4406 discutienda
1072 4332 1118 4406 est
1134 4329 1270 4429 questio
1280 4387 1291 4421 ,
1311 4357 1442 4415 utrum,
1459 4332 1551 4405 ficati
1569 4357 1685 4430 preces
1698 4357 1765 4422 non
1780 4326 1943 4413 afficiunt,
1956 4326 2023 4399 nifi
2035 4325 2094 4402 be·

618 4421 734 4499 neficia
753 4430 838 4498 intra
858 4424 938 4499 fines
956 4436 1095 4528 Imperii
1116 4430 1191 4513 lita,
1212 4434 1258 4502 ita
1279 4456 1395 4528 preces
1410 4432 1561 4502 obtinere
1580 4426 1793 4502 solummodo
1807 4450 1930 4523 queant
1951 4429 2096 4499 Germa·

618 4527 673 4610 ni,
697 4523 919 4615 &indigenae
970 4530 1023 4598 Ad
1045 4556 1144 4625 quarn
1165 4533 1228 4602 rite
1244 4527 1479 4602 dilsolvendom
1497 4529 1589 4624 juvat
1603 4528 1883 4605 animadvertere,
1901 4526 1995 4606 olim,
2009 4523 2095 4595 dum

619 4620 796 4699 Pontifices
815 4622 980 4698 mandatis
997 4624 1039 4701 de
1058 4627 1289 4727 providendo,
1301 4625 1344 4726 ‚dt
1373 4623 1651 4715 reservationibus
1674 4648 1846 4701 extraneos
1866 4622 1908 4696 ad
1931 4618 2095 4791 benqqida

559 4731 564 4742 '
1306 4745 1309 4750 ·
2041 4741 2094 4792 en·
