5017 5592
581 605 1220 744 nuoutotuuruouuusst1‚
1248 653 1316 727 er
1341 644 1546 752 Juntuus
1567 653 1895 737 couroutsae.
1937 673 1995 755 η
2056 635 2059 644 ’

1181 825 1211 912 l·
1261 821 1328 895 lX·
1393 903 1397 910 .

630 961 714 1029 Haec
731 982 795 1054 pro
808 956 947 1029 modulo
964 955 995 1029 dr
1013 960 1195 1054 temporis,
1221 982 1288 1053 quo
1303 959 1526 1051 impedimur,
1552 956 1709 1049 angustiis
1728 955 1901 1034 festinante
1916 969 1994 1063 Ty·
2076 1029 2079 1034 .
2128 963 2132 969 ⁴

524 1079 563 1153 pn
576 1052 738 1127 annotalse
753 1050 907 1137 sufficiat,
934 1060 1080 1126 mareriae
1098 1057 1235 1152 quidem
1256 1057 1415 1146 dignitate
1442 1082 1537 1126 curas
1563 1058 1762 1153 prolixiores
1785 1061 1991 1157 exposcente.

526 1158 621 1225 Porro
636 1151 830 1250 praesentem
847 1154 1005 1251 Opellam
1024 1154 1156 1250 publico
1173 1158 1311 1224 minime
1327 1158 1520 1249 exponimus
1537 1155 1639 1226 veluti
1658 1154 1868 1243 Censorium,
1890 1159 1943 1234 sed
1955 1185 1994 1237 ut
2049 1211 2061 1228 ,

522 1275 597 1348 pure
611 1252 851 1334 academicam
904 1255 1011 1323 rivaro
1025 1278 1169 1348 namque
1183 1251 1311 1322 cnlamo
1332 1253 1473 1323 ulterius
1495 1253 1649 1324 meditari
1665 1279 1730 1325 non
1757 1256 1854 1339 licet,
1880 1285 1921 1333 ne
1942 1286 1994 1334 rc·
2112 1274 2123 1294 '

524 1350 605 1441 gulas
628 1345 764 1446 spiritus
790 1278 918 1446 pacidci
943 1346 1117 1429 exceffille,
1143 1349 1410 1446 methodumquc
1434 1347 1655 1447 scriptilandi.
1682 1377 1751 1451 quo
1774 1361 1880 1431 utitur
1902 1367 1994 1442 nan

523 1471 652 1544 aymus,
686 1447 739 1519 vel
753 1451 882 1520 eminus
902 1451 1025 1520 imitari
1043 1448 1207 1521 videatur.

961 1667 963 1671 -
1091 1609 1411 1704 ³5&ss

758 1894 1736 2016 A'nimadversionesEditoris,
1891 1903 1895 1910 ’

520 2036 813 2212 lucubrationes
830 2135 1033 2209 recentiores
1051 2140 1122 2212 Cel.
1146 2144 1332 2212 Mosuur
1355 2140 1470 2213 dehac
1486 2140 1624 2210 materia
1644 2135 1711 2232 jam
1735 2137 1870 2209 recitavi
1886 2140 1991 2214 Toni.

520 2238 569 2309 lv.
584 2242 619 2307 in
634 2237 792 2307 Animad.
810 2235 849 2306 ad
868 2231 945 2305 Dill.
962 2239 999 2306 de
1014 2244 1119 2308 Modo
1134 2244 1244 2329 agendi
1261 2246 1291 2307 in
1307 2242 1418 2322 trufis,
1444 2245 1474 2307 in
1493 2243 1597 2327 quibas
1622 2247 1727 2307 Status
1744 2242 1774 2305 in
1798 2240 1873 2305 duas
1890 2257 1992 2327 parret

520 2357 596 2416 caat,
622 2340 670 2412 N.
689 2338 727 2406 Χ
730 2341 826 2407 VIII.
843 2333 1035 2431 ibidemque
1052 2360 1115 2429 pro
1132 2332 1197 2405 fine
1213 2359 1312 2431 atque
1328 2334 1426 2431 scopo
1443 2359 1519 2404 meo
1535 2333 1576 2404 de
1592 2330 1686 2402 sensis
1704 2330 1874 2430 scriptoris
1891 2332 1990 2427 hujus

520 2429 655 2504 breviter
672 2456 819 2502 mentem
831 2454 943 2520 meam
960 2431 1113 2527 expoliti3
1142 2432 1339 2527 subjungere
1356 2459 1441 2505 nune
1453 2433 1560 2522 iuvat,
1586 2456 1671 2526 quae
1685 2430 1726 2500 ad
1737 2428 1825 2501 diua
1841 2429 1996 2524 ejusdem

520 2531 646 2600 dutnris
666 2528 709 2600 de
738 2529 801 2599 hoc
829 2529 947 2598 eodem
969 2550 1166 2622 argumento
1194 2535 1226 2602 in
1248 2528 1366 2602 Trall.
1385 2554 1502 2602 recens
1523 2529 1615 2600 edito
1630 2547 1709 2605 uon
1722 2532 1787 2605 ber
1810 2525 1991 2618 teutldlm

519 2622 974 2725 Religioneaverfassunu
996 2654 1101 2721 1774·
1158 2629 1326 2723 zweytca
1344 2627 1454 2722 bod)
1472 2647 1549 2704 uon
1569 2634 1685 2704 brnen
1697 2624 1999 2726 lKtaanetelt‘sebeu·

521 2722 794 2811 itabasonoete.
813 2755 845 2799 4.
863 2736 937 2818 cap.
982 2725 1080 2814 von
1094 2730 1210 2803 beaten
1224 2724 1518 2826 lRttartueu'l‘eban
1547 2722 1839 2817 dietmastdnben
1860 2727 1920 2805 ais
1942 2726 1990 2804 eu

522 2841 591 2902 dem
603 2825 759 2923 tigrum
774 2819 1098 2919 Stantesddtpet
1110 2850 1139 2918 p.
1151 2843 1233 2913 338·
1246 2826 1330 2918 seqq.
1341 2828 1482 2896 notanda
1498 2846 1691 2896 occurrunt.

627 2980 663 3068 ι)
691 2976 848 3049 Membra
870 2982 1023 3075 corporis
1046 2980 1144 3071 hujus
1169 2977 1316 3051 conllanr
1340 3005 1378 3051 ex
1405 2977 1549 3051 Statibus
1579 2982 1717 3074 Imperii
1745 2975 1988 3052 Protellanticis

521 3097 577 3148 tum
595 3078 810 3147 Luthetanae
826 3099 896 3146 tum
912 3081 945 3145 in
961 3075 1068 3172 speeie
1087 3073 1300 3150 Reformatae
1326 3081 1371 3147 ita
1387 3077 1494 3148 dierat·
1515 3082 1718 3170 Reigionis3
1747 3076 1908 3170 fingulare
1930 3076 1987 3161 eil,

519 3175 688 3267 quodDux
712 3171 1141 3268 Holl'ato-Gottorpienlrs
1175 3177 1379 3255 hodiernus,
1412 3181 1543 3248 Haeres
1576 3174 1668 3246 fimul
1693 3181 1830 3272 Imperii
1856 3172 1987 3256 Rulstci,

489 3281 493 3292 '
521 3274 656 3344 Graecae
680 3272 763 3342 ltcet·
780 3272 947 3363 Religioni
979 3269 1129 3343 addtllus
1152 3275 1297 3370 Corpori
1329 3274 1405 3344 huic
1423 3273 1616 3346 adhaereat:
1644 3277 1813 3370 Principes
1838 3274 1919 3345 olim
1946 3274 1988 3344 ad

518 3373 696 3442 catholicos
718 3368 857 3449 reuerfi,
884 3374 931 3440 titi
955 3368 1091 3439 E'eilnr
1109 3371 1274 3440 Palatinus
1292 3366 1355 3440 sea
1375 3377 1526 3466 Corpore
1546 3374 1608 3441 boc
1625 3369 1859 3463 segregarunt,
1886 3372 1988 3443 hodie

517 3463 558 3538 sua
578 3474 706 3539 ratione
724 3468 779 3537 alii
802 3466 911 3538 eidem
933 3468 1100 3559 adgregati
1118 3493 1271 3553 manent,
1298 3473 1345 3538 uti
1366 3469 1498 3541 E‘ellur
1520 3475 1620 3550 Suro,
1659 3470 1986 3561 Wurtembergieus,

518 3564 628 3637 Halsn·
646 3563 854 3646 casselanus,
879 3566 1272 3661 Palatino-Bipontinus,
1300 3570 1404 3637 immo
1428 3593 1507 3639 vero
1526 3567 1603 3640 telle
1629 3573 1805 3637 Mz-suu
1842 3567 1859 3636 l.
1878 3570 1935 3640 cit.
1951 3568 1986 3648 ξ,

519 3671 544 3737 6.
590 3662 814 3736 Protellnntes
835 3664 1074 3759 praetendunt,
1102 3689 1177 3734 vota
1199 3668 1377 3735 territoriis
1403 3662 1496 3735 affixa
1516 3664 1594 3745 elle,
1620 3690 1704 3757 quae
1726 3687 1801 3733 curn
1821 3663 1911 3758 juxta
1933 3688 1986 3733 an·

516 3786 582 3834 uum
595 3761 783 3836 normalem
803 3771 897 3847 1624
953 3759 1185 3833 Protestantiea
1204 3787 1339 3831 manere
1353 3762 1515 3840 debeant,
1543 3763 1718 3833 catholico
1736 3762 1865 3832 cuidam
1881 3765 1987 3833 Statui

477 3939 480 3944 ¹
515 3854 964 3957 nequidemintegrumelle,
990 3858 1589 3953 ducellumabhocCorporemoliri:
1615 3858 1986 3954 ateniminprimissub·
2054 3901 2060 3906 ·

470 3893 474 4038 l
515 3956 563 4029 diti
578 3971 791 4052 integrorum
806 3959 1055 4027 territoriorum
1071 3983 1171 4051 atque
1191 3962 1233 4029 ita
1249 3963 1397 4049 integrae
1422 3965 1630 4055 provinciae,
1657 3985 1731 4029 cnm
1756 3958 1907 4029 libertate
1923 3961 1988 4030 Re-

470 4053 472 4094 *
514 4053 633 4148 ligionis
649 4058 834 4149 gaudeant,
857 4053 921 4124 fine
938 4055 1040 4125 dubio
1058 4057 1097 4125 ad
1114 4060 1304 4127 Catholicos
1323 4083 1421 4152 quam
1445 4058 1613 4128 liberrime
1631 4058 1740 4127 redire
1756 4053 1904 4149 pollunt3
1931 4082 1986 4129 aut

470 4187 471 4234 3
515 4158 699 4247 praetendet
718 4150 861 4225 fortassis
880 4157 1012 4249 Corpus
1031 4155 1324 4245 Euangelieorum,
1352 4159 1455 4225 avitos
1475 4157 1528 4226 hic
1546 4159 1724 4247 inquilinos
1739 4157 1982 4234 etiaminvitos,

470 4273 471 4278 ’
513 4256 598 4324 etiam
620 4252 681 4324 sub
704 4256 857 4322 Domino
880 4249 947 4343 jam
972 4253 1145 4321 catholico
1167 4252 1379 4345 expellendos
1403 4250 1483 4334 effe,
1507 4251 1684 4323 substitutis
1704 4251 1985 4323 Protellantibus?
2112 4336 2118 4340 ,

512 4354 580 4443 quid
595 4378 677 4428 reto
693 4350 734 4420 de
751 4348 916 4445 ejusmodi
935 4347 1158 4443 praetenlione
1177 4349 1311 4418 demum
1329 4350 1504 4420 dicendum
1521 4354 1607 4423 erit'?
1645 4358 1732 4421 Vota
1760 4353 1834 4419 dein
1852 4353 1986 4421 territo·

511 4453 553 4520 tio
577 4454 778 4530 cohaerent,
806 4448 839 4518 id
864 4442 927 4524 est,
955 4445 1103 4539 ejusdem
1130 4442 1285 4540 polieiior
1305 4447 1379 4540 jure
1404 4470 1471 4518 vou
1497 4450 1760 4522 oltterritorium
1780 4450 1918 4540 gaudet,
1943 4447 1985 4515 de

510 4569 577 4618 toro
593 4571 778 4645 propterea
796 4568 852 4616 aut
872 4541 1107 4615 Protellantico
1122 4539 1299 4613 necessario
1316 4568 1372 4614 aut
1386 4543 1559 4616 Catholieo
1572 4548 1617 4616 nil
1631 4575 1668 4616 ex
1684 4548 1827 4639 Legibus
1845 4546 1983 4638 Imperii

508 4648 716 4721 retunderer:
743 4650 893 4717 Demum
910 4646 1067 4716 unionem
1083 4642 1175 4714 illam
1192 4644 1280 4712 inter
1297 4641 1515 4717 Protestantea
1531 4645 1656 4719 liberae
1673 4642 1871 4717 allocutioni
1886 4640 1970 4711 debe

1249 4743 1282 4808 D
1310 4766 1326 4809 2
1950 4740 1981 4808 ri
2120 4757 2123 4762 ·
