5017 5592
566 584 637 664 oe
657 582 722 711 sp
740 565 889 683 Quot)
905 533 1110 679 Josruu
1130 579 1390 657 rsrctttcn
1413 579 1801 664 annuntiantur.
1818 585 1888 666 aa.
1923 597 1991 691 σῃ

514 766 658 868 publice
674 762 811 844 salutem
827 762 1116 837 voluntatelibeta
1132 759 1377 835 submittebant.
1414 765 1569 846 Sinone,
1595 760 1912 842 Lesborbenevole!
1936 745 1996 843 sla·
2066 743 2089 862 f

494 883 496 888 ’
513 892 587 943 tum
601 867 689 936 hunc
705 863 836 935 civilem
854 861 1110 956 perlustramus,
1133 861 1283 956 jamnon
1299 887 1401 958 pauca
1416 860 1589 948 derebus,
1617 863 1658 932 ad
1673 861 1824 938 solennes
1841 873 1994 941 Deorum

513 966 624 1040 cultus
643 967 732 1059 (pet
750 985 895 1057 quorum
919 959 1129 1032 adorationes
1153 960 1230 1032 lieet
1252 955 1380 1030 summe
1400 984 1574 1042 erroneas,
1601 956 1716 1036 saltem
1741 963 1877 1046 inhoc,
1902 968 1995 1063 quod

513 1061 726 1156 Majeslatem
742 1061 887 1153 aliquam
904 1062 1060 1128 Divinam
1076 1056 1174 1155 supra
1191 1055 1223 1130 se
1236 1056 1468 1149 agnoscerent,
1495 1084 1560 1130 non
1577 1063 1797 1156 erraverant)
1812 1061 1992 1147 destinatis,

514 1161 650 1252 vestigia
664 1156 915 1325 deprehendes,
942 1154 1012 1228 &st
1035 1151 1141 1238 forte,
1166 1153 1290 1228 Leuior
1313 1154 1524 1229 Christiane!
1556 1181 1610 1230 res
1635 1154 1693 1227 bas
1718 1159 1770 1228 vel
1793 1163 1911 1244 (attus,
1938 1161 1994 1234 vel
2124 1237 2129 1250 ,

509 1260 652 1352 fiansiat,
669 1281 708 1328 ve
735 1256 885 1348 religiosas
900 1256 1011 1326 dicere
1024 1260 1187 1335 verearis,
1203 1252 1318 1329 saltem
1332 1254 1408 1326 illos
1423 1255 1597 1337 homines,
1609 1254 1730 1332 licetin
1744 1252 1827 1328 statu
1844 1256 1996 1331 tenebra·

515 1379 594 1430 rutn
614 1356 790 1448 degentes,
801 1353 945 1445 fitetur&
964 1358 1114 1444 religiosae
1135 1377 1256 1425 vorare
1277 1377 1344 1423 non
1361 1351 1495 1435 dubita,
1515 1354 1635 1449 majori
1656 1358 1838 1426 enimcum
1858 1351 2015 1431 fervore·

516 1458 596 1549 (pro
610 1454 726 1545 dolor)
750 1456 865 1543 ignoto
881 1455 954 1522 Deo
971 1449 1171 1534 serviebant,
1195 1474 1297 1547 quant
1322 1453 1488 1526 innumeri
1505 1451 1585 1534 alii,
1606 1451 1645 1522 ad
1667 1475 1753 1547 quos
1775 1474 1885 1524 tamen
1910 1454 1995 1547 legit
2071 1537 2077 1550 ,
2129 1553 2132 1560 Ι

513 1556 646 1624 Divina
660 1556 802 1623 revelate
813 1551 924 1619 radius
935 1570 1131 1645 penetravit.
1180 1548 1244 1620 Sed
1261 1549 1455 1646 propiusad
1468 1545 1579 1620 sontes
1596 1549 1807 1633 accedamus,
1824 1551 1996 1642 legiaMo·

512 1649 606 1729 saieae
623 1672 777 1744 tempora
795 1645 1053 1743 perscrutando,
1078 1644 1123 1718 ibi
1140 1651 1229 1718 enirn
1247 1671 1314 1717 non
1330 1668 1459 1718 tantum
1471 1648 1603 1742 potestas
1621 1652 1700 1718 eirea
1720 1649 1822 1734 sacra,
1851 1649 1997 1749 &jada

514 1756 593 1824 tittrn
610 1748 797 1841 (apertaafis
814 1752 987 1839 religionem
1005 1749 1264 1828 concernentibus,
1278 1741 1473 1841 apeteliote
1487 1746 1574 1818 civilt
1591 1741 1811 1840 separataesh
1827 1743 1994 1844 sedetiam

511 1871 569 1942 pes
585 1871 650 1916 non
666 1869 779 1943 paucae
800 1849 841 1915 aas
856 1849 969 1915 cultant
985 1849 1139 1916 Divinare
1153 1846 1328 1916 immediate
1342 1843 1493 1935 sassinate
1517 1842 1551 1920 dt
1575 1842 1616 1916 ab
1637 1847 1730 1915 omni
1744 1847 1830 1944 Jute
1851 1841 1994 1944 politice

511 1966 670 2037 exempta,
686 1955 897 2038 'quarumque
915 1938 1132 2038 praenuntio
1145 1940 1198 2016 vel
1211 1964 1292 2013 eura
1302 1942 1399 2012 unice
1414 1938 1456 2016 ad
1470 1943 1665 2015 Sacerdotes
1680 1943 1869 2040 pertinebat
1895 1946 1944 2035 (r.
1957 1967 1995 2040 g.
2102 1955 2106 1962 '

512 2041 765 2122 Sarsinatium,
786 2064 877 2120 arca,
897 2037 972 2110 vasa
985 2040 1071 2111 saera
1089 2039 1172 2131 stc.)
1201 2035 1519 2135 deprehenduntur,
1539 2042 1586 2117 ita
1602 2039 1759 2143 quidem,
1775 2064 1813 2116 ut
1826 2046 1861 2116 itt
1873 2066 1993 2120 tuum

512 2140 695 2257 violatores
711 2138 751 2210 ab
767 2133 838 2235 ipso
856 2141 931 2224 Deo
948 2128 1134 2232 gravissunt
1161 2132 1427 2212 animadversum
1440 2132 1489 2214 lit.

629 2297 682 2367 Sic
694 2296 814 2366 Oziam
829 2294 955 2384 Regem
970 2291 1139 2366 incensum
1154 2289 1465 2366 adolerevolentem
1479 2287 1617 2368 eordate
1633 2288 1857 2368 admonebant
1872 2296 1991 2367 Sacer-

513 2392 628 2475 dotes,
645 2419 703 2464 nan
720 2393 762 2483 est
779 2399 824 2462 rai
838 2393 942 2479 offitii,
966 2398 1065 2469 Ozias
1079 2413 1114 2464 at
1128 2396 1249 2464 adoleat
1262 2390 1411 2481 incensant
1427 2396 1577 2471 Darnina,
1592 2391 1650 2480 [aa
1662 2394 1859 2470 sacertotem
1876 2390 1994 2485 barus.

511 2495 644 2584 filiatam
660 2493 790 2569 Aaron,
815 2498 866 2582 qai
880 2499 1043 2579 consecrati
1057 2493 1130 2582 [ant
1145 2494 1187 2564 aas
1206 2487 1415 2586 baiasrernrdi
1427 2490 1643 2580 ministeriam,
1665 2493 1807 2583 egredere
1822 2495 1859 2563 de
1880 2496 1992 2565 SAN·
2062 2569 2073 2580 g

466 2627 468 2632 ·
514 2596 738 2669 OTUARIO,
760 2612 811 2657 net
826 2588 1052 2680 contempserit,
1078 2595 1149 2681 qaia
1166 2614 1222 2660 nan
1238 2589 1427 2684 reputabirar
1442 2590 1496 2662 ribi
1507 2589 1680 2680 ingloriam
1695 2612 1715 2659 a
1729 2595 1874 2666 Domina.
1922 2592 1993 2659 ita·

512 2710 566 2760 tus
584 2686 740 2781 equidem
755 2688 854 2755 Ozias
867 2683 1063 2781 contempsit
1080 2683 1220 2759 salutare
1237 2686 1301 2760 boe
1318 2687 1501 2767 monitum,
1523 2683 1780 2780 minabaturque
1801 2685 1992 2764 Sacerdoti·

511 2782 597 2864 bus,
614 2780 670 2857 sed
685 2805 761 2854 mor
775 2786 886 2855 Deum
909 2785 1074 2857 vindicem
1093 2781 1169 2856 satis
1179 2786 1331 2876 graviter
1346 2805 1520 2882 expertus,
1538 2777 1617 2854 telle
1640 2787 1827 2877 Paraltpam,
1840 2812 1872 2856 a.
1887 2810 1914 2858 e.
1931 2796 1991 2856 26.

510 2891 550 2954 tr.
572 2898 626 2960 ra.
663 2883 843 2951 Notandum
857 2902 977 2952 tranen:
1002 2881 1080 2955 licet
1101 2882 1270 2978 quondam
1287 2905 1378 2977 panes
1397 2882 1599 2975 prrptstirnia
1624 2881 1721 2954 unlee
1739 2881 1782 2954 a'tl
1800 2894 1870 2975 altar
1886 2889 1991 2957 Seter-
2130 2927 2135 2934 -

512 2983 631 3150 rutiles
651 2974 891 3076 pertinuerint,
911 2983 1037 3080 Regem
1051 2981 1216 3058 Davidem
1232 3003 1292 3059 eos
1307 2983 1342 3057 in
1355 2975 1430 3055 casu
1451 2974 1646 3056 oeeeffitatia
1661 2985 1779 3086 inpune
1799 2979 1992 3067 comedisse,

520 3105 550 3152 r.
596 3103 642 3173 eg,
662 3101 798 3173 rapat,
1621 3099 1624 3104 '

629 3216 667 3284 ln
683 3213 757 3303 lege
778 3209 965 3299 Evangelii,
984 3208 1074 3305 quod
1096 3207 1266 3305 potelletis
1281 3211 1368 3284 eirea
1389 3208 1496 3297 litera,
1515 3208 1680 3301 &causas
1697 3212 1871 3307 religionis
1888 3181 1991 3292 iared
2012 3241 2015 3248 ’

511 3330 572 3385 ⁸⁸⁸
589 3334 607 3380 ⁸
624 3305 1529 3496 russasltl‘ffi‘jffliffl.s‘lftl‘nzi‘slr
1547 3332 1602 3477 ἱὲἔ
1617 3306 1989 3482 bisbiniulsi‘rfs

509 3431 650 3588 :pppuvre
667 3433 709 3575 ad
723 3451 924 3599 posteritlres
938 3428 1319 3609 veroupernalenlqaae
1333 3508 1411 3584 Deo
1429 3500 1642 3588 consecrate,
1662 3499 1771 3582 usibus
1791 3437 1990 3589 Ecclestaill:

509 3609 560 3685 eit
579 3602 799 3685 destinantur,
824 3600 856 3676 dt
875 3604 1078 3693 Ecclefiastate
1092 3602 1260 3684 dicuntur,

628 3768 742 3832 Retarn
762 3763 924 3830 Satraratn
945 3753 1137 3852 qualitatem
1164 3754 1293 3831 Seruio
1307 3759 1370 3834 lV,
1390 3753 1456 3845 itm
1478 3751 1685 3829 observatam
1712 3751 1778 3829 else
1802 3755 1932 3859 colligit
1947 3782 1988 3834 ex

512 3858 675 3937 Saramene
691 3852 760 3955 ipse
775 3855 821 3931 ill.
837 3855 1045 3930 Bnebmerus
1060 3877 1091 3925 tn
1111 3874 1189 3931 nette
1207 3857 1248 3938 as
1264 3854 1338 3941 last.
1357 3858 1432 3952 Jar.
1453 3858 1529 3923 Eril.
1557 3857 1667 3925 elaad.
1688 3859 1790 3929 Fleari
1809 3884 1838 3951 p,
1854 3885 1886 3932 e.
1908 3883 1933 3930 e.
1949 3886 1986 3940 7.

511 3963 542 4052 ς.
564 3986 591 4029 ι.
607 3964 657 4027 lit.
677 3962 717 4028 L.
740 3952 796 4024 ubi
811 3948 932 4033 refert,
954 3946 1188 4035 Athanasium,
1210 3951 1264 4022 cui
1282 3947 1454 4027 Eusebiani
1470 3954 1697 4046 imputarunt,
1748 3954 1813 4026 uod
1834 3958 1906 4052 ejus
1920 3952 1988 4049 jus·

511 4055 552 4129 su
568 4081 586 4126 a
602 4053 755 4126 Macerio
768 4052 850 4129 calix
863 4048 1027 4145 Mysticus
1049 4047 1198 4131 frasius,
1225 4045 1333 4120 mensa
1348 4046 1436 4121 saera
1458 4044 1609 4120 subversa
1623 4097 1632 4131 ‚
1658 4049 1690 4128 dt
1707 3977 1784 4124 iibri
1800 4050 1881 4124 satri
1897 4077 1988 4127 eoru·
2105 4053 2112 4062 ’

508 4152 596 4228 busti
613 4149 689 4233 lint,
705 4176 722 4221 a
739 4155 774 4222 P.
792 4153 828 4222 P.
844 4150 986 4221 Concilii
1000 4145 1179 4248 Tyrenfis‚
1193 4153 1249 4248 qui
1261 4148 1610 4244 haneitttputationetn
1626 4153 1789 4242 Saartlegir
1805 4147 1987 4253 adscripse-

510 4275 610 4339 runt,
628 4246 815 4350 depositum
832 4242 907 4322 effe·

628 4393 688 4454 lies
706 4386 883 4474 temporales
893 4376 982 4474 quod
997 4377 1132 4458 attinet,
1149 4376 1182 4446 in
1198 4377 1316 4470 primia
1326 4373 1475 4460 Ereleb
1490 4372 1651 4446 nascentis
1668 4376 1877 4474 temporibus
1890 4403 1988 4464 ‚entre

510 4480 604 4554 trulla
624 4476 818 4553 universitas
843 4475 909 4550 stne
930 4474 1025 4547 bonis
1047 4470 1279 4544 communibus
1304 4471 1472 4547 substslere
1494 4468 1607 4568 possit,
1635 4471 1723 4552 &in
1744 4475 1887 4568 sngulne
1909 4501 1988 4549 eon·

506 4602 629 4655 ventus
652 4579 706 4654 rel
725 4576 886 4677 stipendia
913 4570 1142 4649 ministrorum
1164 4570 1289 4667 aliquid
1325 4570 1587 4662 impendendum
1605 4568 1672 4660 fit,
1703 4568 1820 4650 fideles
1843 4598 1987 4672 propter

1248 4670 1451 4765 Quare
1908 4695 1986 4772 pen
