5017 5592
454 681 457 686 ·
534 677 603 758 ,ιο
790 622 1146 768 ιιιιειῑιιτιιιιο
1174 588 1472 730 ιιιετοιιιεο.
1491 641 1729 752 Juutntca
1863 675 1867 682 ·

531 829 646 908 efficax
663 834 850 908 remedium
871 836 1067 930 opponitur.
1117 835 1275 1001 Sequenti
1291 840 1390 923 Anno
1408 860 1490 928 432.
1509 834 1702 934 sedatojam
1718 835 1882 923 tumultu,
1903 835 1941 913 ἀ
1953 855 2001 914 rei

532 931 655 1015 sidente
673 935 941 1029 perturbatione,
955 930 1067 1029 pnfira
1085 934 1170 1003 cont
1187 933 1286 1003 itntio
1298 933 1482 1006 eorundem
1499 938 1747 1029 Imperatorum
1762 939 1797 1016 e]
1820 942 1999 1012 accuratius

534 1027 705 1121 distinguit
721 1035 807 1103 inter
823 1029 952 1104 servum
967 1035 1149 1112 inermem,
1167 1029 1198 1101 dr
1220 1055 1402 1114 armatum,
1424 1031 1464 1102 ad
1489 1033 1647 1105 Ecclesiae
1665 1031 1926 1126 confugientem.
1954 1042 2000 1110 De

533 1132 654 1199 inermi
669 1152 785 1202 cavent
800 1133 1046 1224 Imperatores,
1070 1152 1112 1197 ne
1127 1127 1203 1237 plus
1222 1154 1289 1199 uno
1304 1128 1358 1212 die
1376 1127 1488 1202 servus
1510 1126 1685 1223 cousugna
1707 1134 1846 1206 Clericis
1867 1138 1999 1214 retinet·

500 1262 503 1268 ·
534 1248 606 1308 tur,
626 1224 680 1296 led
698 1229 835 1298 domino
854 1230 1043 1308 nuntietur,
1061 1250 1102 1297 eo
1117 1229 1201 1306 bne,
1222 1249 1260 1297 ut
1279 1227 1434 1298 dominus
1449 1227 1597 1323 deposrro
1621 1233 1740 1300 metatis
1768 1226 1865 1311 asilu,
1883 1232 1917 1303 dt
1938 1232 2001 1305 nul·

538 1323 580 1393 lis
600 1324 777 1396 iracundiae
801 1327 952 1422 reliquiis
969 1327 1002 1408 in
1024 1346 1136 1394 mente
1154 1324 1389 1412 relidentibus,
1410 1328 1443 1394 in
1468 1326 1633 1397 honorem
1656 1325 1804 1414 Ecclebae
1823 1327 1855 1400 dr
1871 1330 1943 1427 ejus
1957 1351 2001 1402 rer

538 1417 560 1491 s
579 1416 673 1502 edu,
693 1423 734 1493 ad
757 1420 850 1517 cnjus
874 1423 1032 1494 auxilium
1058 1421 1264 1503 consolavit,
1290 1415 1606 1519 impertita'peeeati
1628 1424 1850 1517 indulgentia,
1877 1428 2001 1501 serrum

536 1445 687 1592 abducat.
736 1520 916 1600 Familiare
932 1521 1021 1591 enim
1039 1514 1170 1613 semper
1185 1513 1267 1601 fuit,
1289 1519 1320 1590 dr
1338 1545 1423 1591 nunc
1440 1517 1578 1616 quoque'
1593 1519 1656 1602 ell,
1680 1525 1788 1618 utqui
1806 1522 1946 1619 alicujus
1961 1530 2001 1597 in

538 1616 765 1710 dignationem
782 1640 953 1699 metuunt,
975 1615 1027 1688 vel
1042 1616 1278 1712 experiuntur,
1299 1615 1675 1691 utanturintercellioue
1691 1622 1916 1694 Clerieorum.
1955 1620 2001 1695 Al

538 1735 649 1785 terum
665 1717 763 1806 Legis
781 1714 880 1810 hujus
897 1717 1006 1809 Caput
1020 1710 1068 1806 ell
1084 1711 1126 1784 de
1142 1708 1235 1783 servo
1250 1737 1377 1784 armato
1392 1718 1425 1784 in
1448 1713 1622 1786 Ecclebam
1645 1718 1812 1790 irruente:
1836 1719 1872 1788 bi
1887 1717 2001 1794 scilice

540 1809 649 1892 illico,
669 1836 736 1880 non
753 1810 939 1907 etspellato
959 1812 1024 1881 diei
1047 1806 1165 1905 lapsu,
1195 1808 1334 1882 domino
1357 1812 1514 1892 indicari,
1538 1813 1700 1907 reddique
1724 1813 1869 1897 debent,
1888 1815 2001 1888 abstra

540 1908 641 1978 bandi
663 1912 762 1978 etiam
789 1907 1043 2004 quibuscunque
1065 1906 1217 1992 viribnst
1244 1906 1386 1979 Ecclesia
1410 1915 1499 1996 euim
1525 1931 1590 1979 non
1611 1934 1703 2008 paret
1725 1913 1855 1985 bomini
1877 1938 1916 1990 er
1933 1914 2001 1989 slat*

540 2001 652 2077 servili
665 2011 701 2080 tn
716 2001 845 2086 hostilis
867 2006 900 2084 dr
919 2005 1095 2090 homicide
1117 2003 1345 2084 conditionem
1363 2003 1542 2084 transeunti
1554 2008 1606 2106 p).

1100 2227 1104 2236 “
1193 2242 1227 2345 ι.
1276 2243 1394 2322 ιιιι.

364 2410 500 2481 sumpt,
667 2395 841 2477 Proxime,
858 2391 978 2490 quein
1005 2391 1253 2489 compilatione
1273 2397 1402 2487 Legum
1422 2396 1649 2467 Romanarum
1669 2392 1859 2490 repetitur,
1880 2389 1929 2466 esl
1953 2400 2001 2466 Le

363 2500 468 2577 poenia
490 2501 522 2563 io
550 2491 645 2561 sexu
661 2496 734 2563 cod.
754 2492 874 2590 justin.
890 2496 927 2562 de
940 2495 985 2560 bis
1000 2495 1051 2584 qni
1065 2495 1106 2561 ars
1121 2489 1232 2577 Eccles.
1247 2493 1364 2583 confug.
1389 2492 1554 2589 publicata
1568 2518 1587 2563 a
1611 2497 1767 2564 Luottn
1791 2497 2001 2588 Imperatore

365 2583 533 2665 ‘'¹⁰⁵8“ss
549 2585 735 2684 eodemque
750 2592 886 2661 tertium
903 2584 1045 2660 Consule
1061 2595 1159 2661 Anno
1174 2591 1258 2675 466.
1307 2592 1399 2661 Tota
1420 2588 1513 2686 Asyli
1530 2586 1720 2685 discipline,
1746 2613 1849 2684 quem
1870 2593 2001 2684 Impera

367 2657 466 2731 sm·
520 2683 604 2757 'tor
629 2685 834 2759 observatam
855 2684 989 2770 voluit,
1022 2710 1174 2759 accurate
1196 2687 1229 2756 in
1250 2684 1312 2756 hae
1337 2684 1580 2759 Constitutione
1602 2689 1800 2758 continetur.
1856 2691 1994 2759 Decero

547 2787 641 2854 Leo
657 2834 665 2865 ,
691 2783 800 2857 nullos
815 2787 948 2878 penitus
964 2782 1190 2878 cujuscunque
1208 2782 1409 2854 conditionis
1420 2781 1497 2865 stut,
1514 2784 1555 2855 de
1571 2780 1781 2856 sacrol'auslis
1798 2782 1953 2857 Ecclestis
1968 2808 2001 2855 e:

549 2880 649 2978 pelli,
675 2904 731 2952 aut
745 2883 899 2978 protrahi
916 2876 1094 2970 confugas,
1114 2883 1173 2951 nec
1189 2902 1253 2974 pro
1272 2878 1324 2950 his
1348 2879 1529 2977 Episcopus
1553 2882 1603 2953 vel
1627 2879 1844 2952 Ecclesrnrum
1862 2886 2001 2953 Oeconc

425 3021 427 3026 ·
549 3002 624 3049 mos
640 2980 750 3069 erigi,
778 3004 851 3073 quae
867 2978 907 3048 nb
922 2972 998 3072 ipsis
1015 2974 1216 3058 debeantur:
1239 2999 1305 3073 qna
1319 2982 1447 3050 ratione
1469 2981 1650 3068 derogetur
1673 2979 1815 3069 Legibus
1835 2979 2001 3050 Theodol

551 3074 584 3147 dt
607 3075 741 3145 Arcadii
758 3072 856 3173 supra
873 3074 1003 3156 relatis,
1029 3098 1102 3171 quae
1141 3073 1268 3148 ublieos
1290 3072 1458 3152 debitores
1475 3076 1513 3147 ab
1530 3076 1633 3173 Asylo
1654 3100 1791 3162 arcent,
1817 3075 2001 3173 velEpiscr

578 3195 613 3241 os
629 3196 693 3265 pro
709 3169 785 3267 ipsrs'
808 3173 847 3243 ad
870 3169 1069 3254 solutionem
1091 3099 1308 3264 adstringunt.
1357 3179 1445 3248 Luo
1473 3177 1575 3268 igitur
1600 3179 1788 3271 Imperator
1809 3198 1925 3246 ornnes
1943 3198 2001 3243 eo:

551 3196 648 3360 sugas
664 3270 697 3338 in
720 3267 896 3351 Ecclesira,
927 3293 1110 3364 earumque
1134 3265 1256 3339 'linibus
1279 3294 1339 3365 per
1360 3277 1491 3368 priores
1519 3277 1624 3364 Leges
1652 3270 1814 3351 defnnris,
1830 3266 2001 3367 plenissnt

550 3367 622 3440 vult
635 3362 698 3438 elle
715 3363 866 3451 securos,
887 3392 946 3437 nec
962 3367 1084 3438 ibidem
1102 3370 1148 3438 ita
1163 3368 1306 3439 detineri
1323 3394 1421 3463 atque
1440 3367 1636 3459 conssringi,
1662 3393 1698 3439 ut
1713 3374 1742 3438 ei
1761 3370 1888 3462 aliquid
1904 3382 1961 3440 'aut
1977 3392 2001 3436 e

551 3462 711 3536 slualium
729 3488 861 3547 rernm,
882 3486 939 3536 ant
956 3462 1051 3535 vellis
1072 3487 1212 3556 negetur
1226 3487 1282 3537 aut
1302 3471 1449 3560 requies.
1499 3472 1610 3539 Tanta
1633 3490 1742 3536 autern
1767 3464 1942 3538 severitate
1957 3467 2001 3534 ln

579 3584 691 3633 eretur
708 3562 741 3631 id
757 3585 871 3654 urget,
898 3586 936 3633 ut
957 3562 1148 3656 capitale&
1167 3561 1324 3634 ultimum
1348 3563 1550 3662 supplicium
1566 3566 1711 3635 minetur
1735 3566 1774 3634 iis
1790 3612 1807 3658 ,Ι
1827 3567 1887 3659 qui
1910 3585 2001 3634 cont,

551 3587 637 3740 lanc
658 3660 765 3752 legem
790 3661 915 3756 aliquid
937 3664 1107 3730 molitiem
1125 3655 1245 3749 ficere,
1268 3681 1324 3730 ant
1348 3675 1428 3732 nura
1447 3668 1558 3756 saltem
1578 3666 1756 3753 rogitatione
1777 3682 1871 3753 arque
1893 3660 2001 3730 ινᾶέιιι

553 3761 618 3843 anfi
626 3760 747 3850 suerint
763 3779 908 3830 tentare:
934 3760 1097 3829 Praeterea
1109 3754 1223 3852 jubet,
1238 3779 1274 3828 ut
1288 3755 1309 3828 fi
1319 3759 1454 3853 quidem
1469 3755 1620 3850 confuge
1632 3760 1664 3827 in
1681 3755 1778 3828 saeris
1792 3757 1874 3830 locis
1891 3757 1999 3853 public

555 3854 588 3925 se
603 3852 746 3926 offerant
760 3850 984 3949 querentibus
1007 3853 1269 3938 conveniendos,
1292 3850 1387 3951 possr
1403 3882 1478 3927 cunr
1501 3853 1595 3951 ipss,
1620 3853 1744 3927 servata
1768 3856 1849 3927 loeis
1875 3876 2001 3927 reveren

557 3957 620 4035 tia,
637 3956 688 4048 agi
705 3952 747 4026 de
763 3956 820 4039 iis,
835 3953 876 4024 de
894 3948 1014 4051 quibus
1029 3953 1063 4024 iu
1078 3950 1206 4056 judicio
1223 3954 1465 4032 conveniuntur
1482 3976 1492 4032 ι
1518 3951 1648 4032 stsnero
1664 3952 1821 4042 latuerint
1843 3955 1931 4024 intra
1944 3948 1997 4117 silut

573 4083 581 4097 ·
1724 4078 1727 4082 ·
1972 4073 2001 4119 or

539 4300 541 4303 ι
597 4209 632 4293 0)
653 4211 761 4276 seran
777 4215 943 4297 ptentustn
965 4214 1035 4281 cor.
1057 4213 1164 4282 near.
1181 4213 1257 4300 neg.
1271 4235 1302 4299 5.
1322 4212 1356 4280 uz
1370 4189 1669 4281 exintesrevtust'n
1690 4212 1898 4300 carpene.
1914 4214 2001 4297 ng,

671 4295 839 4379 delinqui
857 4297 899 4360 nd
917 4297 1022 4380 Eccles.
1039 4296 1163 4386 confug.

597 4431 635 4517 p)
657 4428 725 4492 Has
750 4432 889 4514 aliasque
915 4436 1032 4500 ssmiles
1052 4436 1154 4519 Leges
1179 4434 1320 4520 generali
1340 4434 1576 4500 Constitutione
1597 4436 1800 4501 confirmavit
1824 4430 2001 4497 Tnaour

594 4525 604 4584 j
674 4530 775 4575 arus
806 4515 991 4597 Anno439.
1016 4537 1087 4598 qnae
1109 4520 1206 4582 relate
1229 4517 1325 4580 estin
1356 4519 1489 4581 Codirem
1511 4518 1746 4599 gJuflr'ninneatm
1771 4518 1807 4583 L.
1823 4534 1875 4579 22.
1901 4519 1930 4594 ᾗ.
1949 4534 2001 4576 1.t

559 4667 564 4676 ,
674 4592 817 4681 Epistop.
842 4593 880 4659 Θ
914 4599 990 4666 Cler.
1014 4602 1077 4666 sois
1098 4603 1173 4683 qni-n
1194 4604 1286 4665 etiam
1303 4600 1405 4662 omnia
1423 4593 1610 4683 privilegia,
1632 4621 1700 4684 qun
1714 4594 2001 4685 fesulanensem

667 4675 745 4773 fiis,
763 4671 967 4773 confregeram
985 4726 996 4748 .
1011 4727 1044 4756 ..
1064 4679 1155 4770 ronse
1176 4680 1313 4768 Legibus
1319 4678 1399 4768 sunt
1420 4682 1575 4768 prestita,
1597 4684 1713 4754 iataffn
1728 4696 1819 4768 aeque
1841 4676 2001 4764 illiberale

672 4773 964 4848 oerspranprmnt.
1290 4779 1293 4786 ·
1576 4773 1579 4778 ’
1858 4824 1862 4830 .
