5017 5592
398 583 597 740 μοι
978 558 1549 715 urssssurnrro

526 813 614 907 sepe
631 807 790 911 profuisse
803 831 918 883 munet
933 814 1081 883 Hermes
1096 814 1126 899 b)
1153 810 1263 907 quood
1279 807 1458 885 secundum
1472 812 1563 886 idem
1575 808 1622 886 esi
1644 810 1843 899 tenendum,
1866 814 1947 909 quie
1961 815 1998 887 in

527 916 647 988 utilem
662 907 906 1026 virmjngreffo
921 935 1032 1077 epure
1054 934 1120 980 non
1142 909 1360 1005 praecludirur
1380 909 1544 1004 regressus
1562 911 1601 982 ud
1626 910 1761 993 utilem,
1786 912 1819 983 dr
1841 910 2011 986 ustionem

528 1012 734 1111 proponenti
756 1031 923 1106 ineptum,
955 1032 975 1079 ι-
991 1009 1199 1105 appelletur,
1221 1033 1288 1081 non
1315 1006 1469 1081 aufertur
1490 1007 1642 1082 recursus
1669 1008 1710 1079 ud
1735 1025 1860 1107 epts'nr.
1877 1013 1908 1101 t)
1935 1014 2012 1082 Ne·

372 1181 374 1187 ,
474 1149 479 1156 -
530 1134 597 1206 que
614 1109 680 1179 hue
697 1107 922 1204 quidpirmin
945 1109 1150 1177 contrarium
1167 1108 1307 1189 evincit,
1331 1108 1503 1204 quodnon
1528 1105 1682 1179 sicertcb
1701 1105 1876 1179 elesiionis
1899 1106 2018 1205 pruses

418 1226 424 1232 ·
448 1207 454 1214 ’
504 1267 506 1272 .
529 1210 664 1279 cutione
680 1205 721 1276 cd
738 1204 993 1302 postulationem
1010 1204 1060 1276 res
1075 1203 1116 1275 sb
1130 1208 1228 1275 unius
1243 1201 1408 1278 elesiione
1421 1205 1461 1277 ud
1484 1205 1623 1277 asterius
1643 1200 1843 1277 elesiioneni
1860 1203 2013 1279 trrnsire.

533 1309 629 1377 Nem
645 1304 802 1399 Cupitusr
816 1303 850 1372 id
868 1299 1081 1397 prohibentia
1097 1299 1136 1399 d)
1159 1304 1245 1391 juris
1264 1307 1451 1374 cornrnnnis
1466 1303 1539 1375 sunt
1558 1299 1779 1384 corresiorir,
1809 1306 1940 1401 quippe
1954 1328 2015 1374 ιιι-

533 1426 568 1476 re
582 1397 794 1471 Bonifse'runr
813 1403 911 1470 Vlss.
930 1399 1005 1470 rosis
1031 1400 1184 1471 transitus
1199 1401 1300 1470 etium
1316 1404 1351 1471 in
1368 1398 1531 1496 elesiione
1548 1427 1614 1471 non
1631 1422 1703 1471 erat
1719 1402 1923 1497 prohibitus,
1937 1423 2016 1473 con·

532 1497 711 1594 sequenter
724 1523 802 1569 curn
816 1522 875 1568 nee
891 1522 929 1570 ex
945 1496 1082 1568 induitis
1098 1494 1320 1595 Apostolicis,
1341 1521 1403 1571 nec
1425 1523 1463 1569 ex
1485 1497 1725 1595 diplomatibus
1749 1522 1889 1594 precum
1911 1495 2019 1571 Cresc-

443 1644 445 1647 -
533 1621 689 1678 reorum,
707 1620 767 1668 nec
787 1621 826 1667 ex
849 1596 911 1666 asir
935 1592 1169 1667 constitutione
1189 1592 1316 1668 constet
1337 1595 1488 1694 precisiis
1513 1598 1548 1671 id
1571 1595 1634 1670 esse
1657 1599 1816 1681 vetitum,
1834 1597 1911 1694 jure
1924 1603 2019 1674 com'·

534 1698 628 1767 muni
636 1706 701 1765 ‚eos
721 1698 769 1764 uti
794 1688 884 1790 posse
904 1691 1129 1765 indubitorum
1145 1690 1202 1766 esi.
1264 1780 1266 1783 .

580 1862 620 1944 o)
637 1856 796 1926 Wiestuer
811 1857 877 1925 Tit.
894 1863 934 1927 de
959 1864 1056 1947 praeb.
1075 1861 1110 1927 dr
1126 1862 1240 1944 dignit.
1259 1879 1290 1928 ιι.
1313 1878 1385 1945 179.
1403 1857 1689 1945 Schrnrszgruebet
1709 1862 1785 1932 eod,
1805 1860 1874 1929 Tit.
1897 1880 1929 1927 ιι.
1943 1880 2017 1946 373.

653 1941 872 2008 uermesfssc.
892 1944 919 2019 J.
941 1944 974 2013 P.
991 1965 1020 2029 q.
1035 1964 1084 2011 11.
1101 1963 1200 2052 ⁰372.
1411 1999 1414 2004 .
1731 1953 1734 1958 ⁴

577 2057 619 2139 b)
634 2057 711 2125 Loc.
729 2080 810 2124 rnox
824 2061 879 2127 cit.

580 2181 610 2250 e)
628 2176 708 2258 Arg.
723 2196 791 2261 erp.
803 2197 835 2262 7.
858 2178 899 2242 de
912 2175 1055 2243 Conceff.
1070 2178 1167 2263 prreb.
1184 2178 1217 2243 iu
1229 2176 1262 2243 6.
1274 2174 1308 2240 dr
1321 2174 1400 2260 Reg.
1419 2175 1526 2241 rullo·
1543 2175 1687 2245 coins.
1783 2262 1787 2266 ι

581 2291 625 2377 d)
644 2291 720 2379 Cep.
738 2297 792 2362 u'u.
812 2296 852 2361 de
871 2295 986 2381 postul.
998 2295 1031 2361 iu
1043 2295 1074 2363 ⁶.
1096 2294 1130 2359 dr
1145 2314 1212 2381 erp.
1225 2311 1277 2379 ²5·
1296 2295 1337 2360 de
1356 2291 1449 2360 ese&
1465 2294 1499 2359 in
1509 2293 1541 2359 ό.

973 2582 1343 2695 curor
1423 2517 1560 2697 vir.

543 2771 545 2775 Ι
629 2805 801 2928 Quibus
829 2808 969 2897 modis
995 2810 1067 2917 Jus
1093 2809 1276 2922 precissae
1301 2809 1470 2920 penitus
1498 2811 1649 2914 cesset,
1687 2822 1766 2894 aut
1783 2802 1946 2915 suspen·

551 2978 577 2991 ··
1133 2944 1263 3038 detur,
1288 2945 1458 3040 explicet.

1233 3150 1268 3253 r·
1316 3139 1387 3226 ιν

550 3239 680 3413 Cum
697 3343 800 3416 modo
816 3344 981 3419 interulis
1002 3344 1177 3445 perspicue
1185 3340 1295 3418 'suerit
1307 3341 1482 3429 assertum,
1504 3343 1639 3443 quondo
1655 3340 1761 3440 &qui
1782 3340 1860 3439 jure
1872 3335 1934 3413 suo
1948 3361 2030 3438 pre·

547 3435 627 3512 cisse
642 3443 690 3510 uti
707 3439 802 3537 posiit
817 3446 1002 3528 dedebent,
1025 3469 1111 3518 nunc
1127 3447 1240 3540 prucis
1256 3444 1422 3516 demodis
1444 3443 1553 3517 sermo
1572 3440 1761 3522 feriendus,
1783 3443 1880 3535 queis
1903 3437 2031 3533 ejusce·

549 3538 645 3609 modi
666 3538 721 3634 jus
741 3540 879 3638 prorsus
894 3543 954 3616 ers
974 3548 1039 3617 iret
1054 3567 1110 3616 out
1125 3541 1239 3614 saltem
1261 3539 1490 3639 suspendetur.
1542 3546 1585 3614 Et
1601 3542 1714 3638 prirno
1733 3538 1869 3634 quidem
1892 3537 1949 3608 hic
1970 3534 2032 3608 dur

465 3695 468 3700 ,
549 3631 644 3707 bium
667 3636 799 3731 elegeos
825 3641 857 3713 dr
874 3570 1088 3739 prsibcsbile
1106 3665 1182 3713 cunr
1197 3640 1332 3736 Mcjero
1348 3637 1383 3730 a)
1402 3643 1580 3734 ponimus,
1604 3660 1717 3709 utrum
1735 3636 1786 3725 ius
1802 3659 1842 3708 ex
1857 3636 2031 3731 primeriie

487 3813 489 3818 ,
548 3732 706 3831 precibus
729 3738 828 3809 elicui
842 3739 1013 3834 quesitum
1029 3763 1138 3813 morte
1154 3740 1372 3837 Imperatoris
1386 3734 1540 3835 exspiret.
1591 3740 1630 3807 sn
1647 3736 1710 3806 hoc
1725 3733 1829 3805 dubio
1843 3736 1910 3805 rite
1923 3726 2035 3803 dissol-

550 3832 660 3902 vendo
683 3830 858 3909 observare
880 3863 943 3935 par
968 3837 1031 3921 esi,
1061 3840 1161 3921 olins,
1192 3837 1273 3908 dunr
1294 3860 1410 3934 preces
1427 3836 1658 3931 lnrperstoriae
1682 3836 1769 3903 inter
1783 3832 1879 3902 nude
1901 3852 2034 3918 recom-

551 3931 773 4002 mendationis
789 3934 1019 4026 &rogationis
1035 3933 1116 4008 fines
1131 3935 1430 4015 concludebantur,
1448 3957 1466 4003 ι
1480 3932 1641 4004 collatore
1656 3930 1846 4011 ordinario,
1871 3925 1913 3998 ud
1927 3951 2034 4022 quern

552 4028 678 4098 eaedenr
697 4024 834 4103 fuerunt
859 4031 1012 4126 diresin,
1036 4057 1091 4104 ers
1105 4057 1231 4105 rnnutu
1252 4029 1522 4127 libeto'nondum
1539 4052 1723 4125 ecceprrtrs
1740 4026 1774 4099 dr
1790 4021 1941 4097 admissos
1955 4048 2037 4120 pro·

552 4121 712 4197 culdubio
727 4152 838 4202 morte
853 4133 1070 4231 Imperatoris
1085 4128 1228 4224 cessasse,
1250 4153 1360 4226 neque
1377 4152 1455 4200 eum
1473 4129 1542 4200 uiso
1558 4126 1660 4199 modo
1675 4123 1706 4197 se
1722 4125 1761 4196 ud
1777 4149 1832 4194 eus
1846 4122 2037 4195 executioni

555 4220 679 4292 dendus
700 4224 893 4313 obssrisiurn
913 4226 1101 4312 credidisse,
1136 4233 1217 4324 quin
1240 4227 1274 4298 dr
1294 4227 1351 4300 ubi
1371 4225 1440 4323 jum
1465 4250 1617 4298 usturam
1643 4224 1789 4294 mundari
1812 4221 1845 4292 dr
1871 4220 2037 4317 precepti

554 4317 753 4406 induebant,
784 4351 822 4398 re
841 4328 949 4401 adhuc
972 4332 1121 4420 integre,
1152 4332 1362 4423 Imperatore
1383 4318 1461 4395 feris
1481 4321 1618 4405 funsio,
1643 4344 1698 4393 ess
1713 4342 1924 4415 contemptus
1937 4314 2038 4391 fuisse

554 4415 635 4490 inde
648 4420 812 4514 conjicere
827 4430 902 4519 quis
918 4422 1016 4498 focile
1031 4422 1156 4521 potest,
1179 4423 1314 4522 eoquod
1333 4422 1495 4494 ordinarii
1511 4423 1698 4494 Coslstores
1713 4416 1745 4489 se
1760 4439 1854 4489 unreu
1869 4420 2040 4509 gravatos,

420 4539 425 4556 ’
555 4539 643 4586 nunc
658 4542 700 4589 eo
718 4544 821 4592 onere
842 4520 966 4594 liberos
982 4521 1048 4595 sese
1067 4521 1306 4602 existimarent,
1330 4541 1440 4592 morte
1461 4523 1551 4593 eninr
1565 4517 1753 4592 mundantis
1768 4515 1844 4609 jure
1863 4516 2040 4587 communi

418 4649 421 4656 ·
554 4614 750 4696 mundatum
771 4616 954 4697 aonam
973 4619 1134 4707 hebetur,
1157 4617 1336 4720 postquem
1357 4641 1467 4694 rutero
1489 4642 1528 4694 ex
1545 4615 1704 4718 precibus
1720 4614 1893 4714 pruneriis
1912 4614 1948 4683 in
1963 4635 2042 4708 pre·

1943 4706 2043 4784 cissos
