5017 5592
509 677 742 770 unvero
763 676 834 754 nr
849 673 1091 754 Gnuutuo
1108 676 1302 756 Ltnrnr.
1323 659 1461 754 n'ch.
1480 674 1891 802 cunmrunonu.
1919 699 1986 774 595

584 896 586 901 ·
627 863 712 931 Haec
726 860 827 931 etiam
842 855 971 931 diversa
990 861 1131 956 Imperii
1150 858 1252 931 nostri
1271 854 1373 931 facies
1394 859 1588 952 genuina&
1617 854 1877 931 fundamentalla
1900 860 1989 931 ratio

509 955 577 1039 est,
602 981 662 1030 eur
677 983 743 1028 non
760 962 871 1028 omnia
886 958 963 1039 illa,
986 982 1060 1054 quae
1076 964 1109 1027 in
1125 962 1243 1049 Regno
1268 957 1405 1039 Galltae,
1432 982 1549 1053 utpote
1571 958 1811 1038 Monarchico,
1833 953 1989 1028 susltnen·

510 1079 587 1137 tur,
612 1059 778 1153 principia
804 1057 882 1127 lieet
900 1055 1107 1128 Theoretice
1125 1057 1213 1127 baud
1237 1054 1369 1152 semper
1390 1055 1587 1150 rejicienda,
1611 1053 1791 1150 pradictum
1807 1079 1916 1126 tamen
1940 1050 1990 1126 sui

510 1155 769 1251 adplicationem
788 1149 957 1226 difficilius
979 1143 1131 1225 invenire
1147 1152 1282 1250 possint,
1306 1153 1429 1250 &que
1449 1151 1601 1249 poteslan
1617 1154 1762 1226 Politice
1775 1157 1807 1222 in
1821 1149 1990 1224 Theliad·
2062 1155 2070 1162 '

509 1250 682 1334 seruntur,
698 1251 738 1322 ad
753 1250 944 1349 supremam
960 1250 1000 1321 ab
1015 1257 1107 1323 omni
1124 1259 1189 1322 alio
1207 1251 1370 1347 superiori
1388 1252 1668 1346 independentem
1688 1276 1786 1346 atque
1804 1249 1987 1322 absolutam
2055 1337 2063 1348 .

464 1403 471 1410 .
537 1357 719 1431 ertineant,
745 1354 837 1420 omni
852 1375 934 1421 vero
950 1349 983 1420 dt
999 1355 1205 1449 cuicunque,
1230 1374 1305 1449 quae
1319 1353 1355 1420 in
1372 1352 1555 1424 Germania
1571 1355 1679 1444 viget,
1699 1345 1990 1429 indiscriminatim
2099 1425 2104 1434 ,

509 1375 604 1522 baud
624 1448 920 1522 adcommodanda.

1130 1559 1167 1646 §.
1215 1556 1376 1633 XXIV.

532 1687 534 1692 ’
630 1689 715 1764 lode
729 1714 833 1788 porro
856 1685 1048 1787 profestum
1070 1686 1165 1764 soille
1186 1691 1338 1775 videtur,
1364 1714 1490 1764 utnon
1512 1687 1661 1764 obsiante
1675 1716 1714 1763 ea
1737 1692 1923 1765 mutatione
1936 1718 1992 1767 an·

512 1788 1991 1962 bllllltllllllllllllll?{llllllll‘⁰llllll‘'l“'5lllll

512 2009 566 2059 tot
585 1986 715 2057 vincula
732 1986 984 2080 stipulationum
1003 1986 1036 2056 dt
1056 1915 1333 2083 Juramebtorum
1348 1990 1382 2056 in
1403 1984 1526 2057 soleont
1549 1915 1992 2077 inaugurationispeaeieno·

512 2089 571 2155 nia
587 2080 866 2159 retenta'fuerint.
915 2088 1005 2155 Hinc
1027 2081 1083 2162 fit,
1105 2108 1143 2156 ut
1163 2083 1322 2180 Episcopi
1343 2089 1521 2179 Sceptrum
1543 2082 1757 2157 &Diadema
1772 2087 1999 2181 imperatorii

490 2159 578 2253 ¹bns
595 2207 659 2252 neo
673 2178 788 2253 elestia
834 2185 1008 2274 orrigant,
1035 2183 1114 2254 hinc
1133 2184 1345 2256 anathemata
1367 2183 1399 2253 dt
1422 2186 1646 2257 execrationes
1667 2182 1734 2251 illis
1756 2186 1990 2279 imponuntur,

510 2278 656 2353 fifidem
671 2281 780 2350 datam
812 2275 989 2352 escllertnr.
1040 2282 1132 2352 Hinc
1149 2280 1368 2351 Sacerdotum
1381 2277 1481 2350 instar
1500 2277 1601 2353 sacris
1616 2278 1759 2352 testibus
1780 2279 1993 2353 ornantur&

513 2382 741 2471 inunguntur,
757 2375 879 2451 seilicet
895 2385 975 2449 utin
991 2378 1211 2448 sacerdotalis
1227 2376 1408 2449 Ministerii
1423 2380 1590 2476 quandam
1604 2402 1736 2470 partem
1748 2375 1781 2450 se
1798 2377 1992 2475 adsumptoa

513 2475 788 2558 reminiscantur,
809 2472 908 2573 seque
930 2483 1074 2548 extenua
1095 2472 1280 2573 Episcopos
1311 2475 1563 2570 quodammodo
1581 2471 1721 2549 effectos
1744 2499 1913 2548 externam
1931 2480 1990 2548 Ec·
2009 2503 2012 2514 ·
2063 2557 2068 2574 ι

514 2573 619 2647 clelie
635 2599 770 2673 pacem,
792 2571 1019 2671 disciplinam,
1037 2578 1291 2670 prerogativas,
1311 2578 1396 2671 Jura
1411 2573 1444 2645 u
1459 2575 1635 2670 privilegia
1656 2574 1778 2645 debere
1796 2569 1990 2655 defendere,
2069 2581 2072 2588 '

514 2675 695 2770 eidemque
719 2671 973 2744 conservandae..
998 2672 1248 2767 propaganda,
1273 2668 1514 2766 amplificanda
1539 2672 1572 2742 dt
1599 2672 1814 2767 protegenda
1833 2669 1992 2743 omnibus

513 2771 627 2845 modia
643 2771 799 2847 sludere,
824 2769 1108 2866 quemadmodum
1124 2772 1264 2841 internis
1285 2768 1434 2843 Ecclestae
1453 2766 1620 2865 mysteriis
1642 2767 1797 2867 Episcopi
1820 2775 1892 2843 teri
1906 2794 1993 2865 prte-

516 2867 606 2944 sunt.
656 2874 742 2942 Huc
764 2868 913 2939 alludens
935 2873 1150 2940 Cinorus
1179 2873 1229 2940 M.
1250 2873 1288 2939 L.
1312 2872 1375 2940 Vl.
1399 2867 1546 2964 Capitol.
1567 2869 1639 2940 aitt
1666 2871 1760 2963 Qud
1783 2872 1818 2944 tt
1841 2893 1919 2964 qut,
1938 2870 1992 2960 qui
2100 2892 2103 2899 ·

513 2969 667 3056 Mutilltt'
689 2975 812 3041 Domini
831 2969 948 3050 (umus,
966 2991 1018 3037 nrt
1035 2967 1099 3053 fine
1120 2971 1209 3057 caula
1232 2974 1294 3038 Dei
1315 2972 1452 3061 gladium
1472 2988 1649 3060 portamus,
1680 2964 1842 3059 Epifitpali
1858 2973 1890 3034 t'n
1915 2971 1988 3037 uice

515 3073 648 3139 omniunt
669 3073 874 3159 Episcopatum
890 3087 981 3157 utque
1001 3069 1095 3159 regali
1118 3069 1308 3137 authoritate
1326 3091 1377 3155 ptr
1400 3068 1518 3136 virtius
1539 3087 1626 3160 agere
1644 3066 1793 3151 iubemur.
1843 3065 1906 3136 Per
1932 3087 1994 3138 en·

515 3165 641 3237 derunt
656 3166 815 3233 nimirum
838 3162 988 3254 Majores
1004 3161 1106 3231 noilri
1126 3186 1165 3242 er
1184 3161 1372 3257 priscorum
1389 3185 1581 3258 temporum
1601 3164 1805 3257 experientia
1827 3161 1892 3233 edo
1929 3159 1994 3232 iil·

514 3263 585 3344 la'm
602 3287 715 3334 rerum
731 3263 968 3340 humanarum,
986 3259 1093 3327 multo
1109 3283 1219 3329 autem
1235 3268 1340 3349 tnagis
1358 3259 1545 3330 divinatum
1566 3259 1873 3352 perturbationem,
1889 3281 1993 3353 quam

512 3383 560 3438 eo
584 3385 738 3457 tempore
761 3353 982 3454 potissimum,
1002 3380 1071 3451 quo
1093 3351 1244 3450 dissipato
1267 3359 1418 3450 Imperio
1440 3359 1593 3426 Romano
1615 3361 1649 3425 iu
1675 3353 1830 3425 omnibus
1847 3359 1994 3449 Eutnpae

515 3461 703 3533 Provinciis
731 3480 815 3527 nova
840 3458 953 3547 Regna
984 3450 1220 3543 emergebant,
1247 3450 1387 3523 Ecclefia
1423 3447 1574 3548 perpessa
1596 3444 1730 3533 suerat,
1762 3450 1993 3522 Ponderarunr

518 3581 686 3636 econtra,
715 3548 875 3651 quantum
898 3553 957 3624 sub
981 3554 1040 3622 illo
1062 3556 1188 3622 Divino
1211 3555 1407 3645 Principum
1436 3548 1755 3629 Conslantinorutn,
1785 3546 1993 3621 Theodosio·

516 3679 621 3738 rum,
651 3656 928 3732 Macrianorum,
958 3648 1244 3749 Justinianorum,
1279 3650 1569 3741 carolingicorum
1596 3670 1672 3717 curn
1710 3646 1885 3742 Episcopis
1908 3668 1994 3717 nexu

516 3752 661 3829 Ecclesta
684 3757 748 3823 Dei
773 3748 970 3821 adsalutem
997 3751 1221 3845 plurimorum
1248 3746 1343 3818 au'tla
1368 3744 1420 3828 stt,
1448 3771 1485 3816 ac
1508 3743 1825 3840 simul-Respublica
1854 3744 1994 3816 Politice

516 3849 715 3952 profecerit.
765 3851 923 3917 Humana
938 3848 1081 3943 proinde
1103 3846 1338 3942 procidentia,
1364 3845 1613 3939 quamoptime
1635 3840 1708 3915 ficri
1730 3864 1885 3940 poterat,
1911 3864 1995 3940 prat·

515 3976 637 4025 cavere
651 3949 847 4028 voluerunt,
871 3972 913 4016 ne
934 3945 1117 4017 illiusmodi
1141 3940 1388 4040 tempestatibus
1405 3943 1573 4017 Germana
1592 3963 1726 4036 quoque
1747 3936 1886 4011 Ecclesia
1904 3935 1995 4035 poll·

517 4051 584 4124 hac
605 4067 861 4122 concuteretur,
880 4042 947 4114 sub
970 4067 1037 4113 uno
1081 4065 1238 4135 ropterea
1263 4037 1392 4110 summo
1413 4044 1533 4135 Capite
1553 4041 1693 4110 Politico
1718 4042 1750 4107 in
1775 4060 1873 4106 unam
1891 4034 1997 4107 'discia
2066 4077 2077 4094 ι

517 4148 621 4247 plina
643 4167 784 4217 externae
807 4140 959 4235 politiam
979 4068 1078 4212 con!

518 4271 580 4342 ges
602 4247 739 4340 lmperii
764 4241 1020 4335 quamplurimae
1045 4236 1211 4335 prollant,
1238 4236 1295 4307 ubi
1318 4234 1461 4306 Cesarea
1486 4260 1552 4303 noo
1575 4233 1658 4302 olitn
1680 4231 1861 4316 duntaxat,
1889 4230 1944 4306 sed
1961 4231 1997 4304 dc

504 4347 624 4419 ¹'hodic
640 4349 672 4412 in
688 4336 870 4411 defensoris
888 4336 1103 4406 Ecclestarum
1122 4333 1219 4408 titulo
1233 4330 1409 4425 magnifice
1423 4331 1480 4402 fibi
1498 4334 1532 4401 in
1549 4328 1634 4400 facie
1651 4333 1752 4402 totius
1768 4333 1906 4427 lmperii
1923 4354 1997 4422 gra·

517 4443 682 4521 rulantur.
698 4444 731 4527 a)
762 4435 898 4507 adhoc
919 4433 1028 4533 ipsum
1051 4436 1152 4546 etiarn
1172 4431 1287 4528 jurato
1315 4429 1579 4527 promittendum
1605 4451 1669 4504 neu
1702 4423 1845 4508 elessum
1868 4431 1998 4594 Reglqm

1961 4548 1997 4595 u·

564 4675 602 4755 ι)
624 4667 719 4735 Cous.
732 4666 807 4733 Rec.
819 4668 899 4750 bap.
911 4662 1027 4728 Color.
1041 4661 1081 4726 de
1093 4662 1155 4727 An.
1167 4657 1306 4728 nuxit.
1323 4659 1361 4807 p.
1384 4659 1446 4724 unt
1462 4656 1609 4742 stubbius
1626 4674 1659 4742 4·

1188 4789 1192 4801 ·
1285 4739 1443 4814 trra
1829 4731 2001 4802 uuna<

1060 4139 1235 4210 oederanda
1263 4137 1296 4208 dt
1318 4137 1545 4209 coadunanda.
1603 4139 1715 4230 Quam
1735 4133 1778 4204 ob
1802 4135 1930 4207 caulam
1948 4134 1996 4206 le·
2127 4181 2131 4194 ·
