5017 5592
362 601 390 638 .,
417 481 1208 574 uss·vn1tossTnuttutNOLunttT.
1231 483 1368 562 nect.
1384 481 1544 562 nutu.
1566 481 1804 570 tunultu.
1826 495 1897 588 567

368 667 476 772 -satr
486 669 555 744 Dei
577 664 667 741 trabi
691 689 853 762 oportere
879 694 917 744 ee
936 713 949 754 ,·
972 692 1037 758 que
1063 666 1240 740 Politicum
1267 667 1461 764 quendam,
1485 690 1523 744 ut
1547 665 1769 754 Investitura,
1795 669 1892 742 intui³

413 791 490 846 tutu
514 766 736 842 involverent.
748 769 795 860 f)
1081 867 1098 954 §
1165 863 1226 938 Vl

533 996 588 1072 Ad
604 993 766 1077 eundem,
790 1018 890 1092 quem
913 997 1183 1070 Gortttrnus
1206 997 1348 1093 provide
1368 997 1568 1092 pretimuit‚
1592 994 1766 1094 scopulum
1788 999 1897 1076 multo

411 1094 542 1174 sortiue'
555 1096 698 1196 allidunt
712 1099 756 1176 ii,
782 1101 840 1190 qui
856 1092 1026 1166 causarum
1041 1095 1180 1190 'quidem
1205 1095 1238 1168 dx
1260 1101 1489 1188 negotiorum,
1518 1097 1564 1167 ut't
1581 1097 1613 1168 ἃ
1633 1097 1769 1182 diversi,
1794 1121 1895 1194 quem

411 1193 568 1296 Personae
586 1190 812 1266 Ecclesrallicae
833 1192 865 1262 dx
883 1191 1031 1264 Ecclestae
1047 1195 1088 1264 ad
1106 1219 1283 1291 utramque
1299 1193 1571 1290 Rempublicam‚
1596 1192 1661 1267 five
1675 1193 1816 1280 sacram,
1832 1195 1897 1274 sive

412 1288 1899 1485 silffl‘lltll‘’qlll‘llillisit?bsbslltrltlll⁰li⁰.llti.”ls

413 1515 463 1565 rt
479 1491 651 1562 Diainirus
666 1484 833 1559 commissa
853 1485 1049 1568 noscuntur,
1073 1485 1219 1560 libertati
1240 1486 1461 1562 Ecclesttrum
1482 1491 1598 1563 Dixini
1616 1493 1709 1586 Jutie
1728 1473 1914 1586 originem·
2013 1571 2019 1580 ⁸

413 1587 646 1664 immediatam
667 1582 823 1666 asserunt,
851 1588 964 1681 itaque
979 1610 1019 1656 eo
1036 1585 1245 1659 constitutam
1261 1611 1414 1672 tuentur,
1439 1609 1477 1658 ut
1490 1609 1551 1658 nec
1571 1590 1765 1685 Principum
1781 1593 1898 1686 pietati

415 1686 627 1784 aliquatenus
645 1683 816 1755 debeatur.
863 1681 1012 1754 Personae
1028 1688 1101 1754 Deo
1126 1682 1298 1780 specialius
1321 1684 1436 1756 dicatae
1459 1681 1685 1758 chatalleretn
1708 1684 1834 1759 sacrum
1855 1713 1897 1762 co

414 1785 598 1864 extollunt,
633 1806 669 1852 ut
685 1808 749 1850 non
766 1803 893 1851 tentum
909 1779 965 1852 sub
981 1787 1072 1853 omni
1094 1784 1214 1853 intuitu
1231 1781 1369 1853 candem
1383 1785 1473 1853 omni
1490 1781 1643 1878 potcllarl
1659 1781 1808 1880 profante
1822 1785 1895 1858 sub·

414 1883 569 1961 trahant,
593 1879 647 1952 sed
671 1881 921 1950 &adliaerentin
938 1884 977 1948 iis
999 1883 1214 1974 temporalia,
1240 1903 1397 1976 tanquam
1421 1876 1610 1963 accessoria,
1637 1882 1894 1982 eandemrscqui

412 1978 580 2060 inferant,
608 1977 784 2049 &vicarie
801 1982 862 2048 Dei
880 1976 1032 2073 potestati
1049 1975 1144 2048 sacre
1161 1979 1224 2050 five
1240 1975 1468 2050 Ecclesiasticae
1484 1975 1646 2052 addicant.

468 2135 472 2140 ·
538 2117 709 2209 Quantum
725 2111 795 2182 baec
815 2106 977 2180 inserendi
998 2109 1264 2182 &concludendi
1287 2113 1372 2182 ratio
1387 2109 1428 2181 ab
1451 2113 1544 2182 omni
1565 2107 1667 2184 solida
1681 2111 1896 2210 Philosophia

415 2211 603 2310 Christiana
621 2211 770 2294 aberret,
794 2208 899 2279 nolim
923 2209 1085 2304 prolixius
1100 2210 1275 2302 attingere.
1323 2206 1568 2284 Eruditiasanc
1589 2211 1756 2294 Politicit,
1796 2217 1893 2309 queit

415 2315 564 2388 mundus
582 2309 742 2388 abundii,
771 2307 958 2402 quibusque
977 2332 1074 2378 aures
1088 2307 1219 2379 meliori
1235 2331 1323 2380 nunc
1339 2305 1562 2400 Philosophiae
1582 2305 1710 2382 assueta·
1726 2308 1817 2393 sunt,
1838 2311 1894 2384 ab·

416 2409 517 2486 surde
536 2402 915 2486 baecmerttoaudiu'n13
952 2405 1031 2477 dum
1052 2403 1148 2476 aliam
1169 2411 1202 2477 in
1226 2406 1371 2477 Politicis
1391 2403 1615 2502 praliictsqne
1638 2410 1894 2500 argumentandi

416 2517 603 2587 rationem,
626 2529 725 2599 quam
752 2509 785 2572 in
802 2501 1043 2598 Pntlosnpbteis
1060 2506 1198 2596 argutiis
1214 2503 1407 2574 desiderant.
1461 2507 1606 2574 Lucrum
1623 2529 1704 2598 ego,
1731 2505 1820 2602 quod
1841 2531 1893 2578 ex.

413 2607 685 2704 aggerationibus
706 2599 769 2672 suis
789 2607 932 2690 argunt,
956 2626 1012 2672 aut
1028 2606 1132 2672 tenaci
1151 2597 1588 2698 exallionicorrclpondere
1608 2601 1767 2674 hoilenur
1790 2600 1892 2680 l'cnse·

414 2731 515 2790 nint,
545 2701 634 2776 hisce
657 2697 861 2770 Doclnribus
882 2724 1024 2794 expono.
1084 2704 1183 2772 Certe
1204 2725 1271 2771 non
1294 2699 1381 2770 aliud
1405 2694 1437 2771 se
1456 2693 1641 2794 persensisse
1665 2697 1773 2772 t'eslari
1800 2725 1895 2799 pore·

415 2827 516 2886 runt,
541 2813 641 2898 quam
662 2821 698 2869 ut
713 2801 847 2868 excitata
865 2823 1001 2880 eorum,
1034 2799 1092 2894 qui
1114 2800 1260 2870 Summis
1286 2794 1496 2893 Principibus
1519 2793 1678 2882 assiliunt,
1707 2795 1894 2896 suspicione

413 2906 590 3004 parciores
605 2923 663 2968 eos
679 2921 765 2966 nunc
790 2895 821 2967 dr
848 2901 1079 2968 retinentinree
1103 2901 1135 2966 in
1159 2892 1421 2967 substantialibus
1440 2919 1478 2966 ex
1505 2899 1670 2978 erientur,
1707 2899 1740 2968 in
1756 2895 1908 2974 accessor*

417 3006 481 3076 riis
497 3024 579 3074 vero
596 2997 733 3090 reliquia
751 2997 928 3065 invidiosos
951 3017 1050 3090 atque
1066 2993 1303 3075 inexorabiles,
1331 2999 1363 3064 in
1381 2997 1453 3065 aliia
1469 2919 1538 3065 silo
1554 2991 1613 3065 usu
1631 2995 1664 3068 dt
1687 2993 1894 3072 consuetudi·

417 3125 462 3175 nc
482 3122 539 3170 aut
555 3119 689 3188 antiqua
705 3101 915 3164 conniventia
934 3097 1017 3161 nixis
1039 3087 1168 3160 exasloa
1190 3115 1290 3186 atque
1312 3093 1460 3166 oculatos
1477 3099 1600 3182 Argos.
1660 3095 1780 3165 xlvidie
1800 3121 1893 3170 oeca-

365 3243 367 3248 ·
417 3195 544 3271 fiunem
562 3193 619 3289 ipsi
638 3189 753 3284 sponte
775 3189 1004 3285 suppeditant,
1035 3189 1247 3267 decolorem,
1274 3210 1342 3281 quo
1362 3191 1444 3258 ltan'c
1461 3187 1609 3258 Ecclesia·
1630 3186 1816 3262 libertatem
1832 3195 1904 3268 im·-

417 3319 571 3396 pngnare
587 3285 723 3387 poffint,
748 3313 784 3356 ac
806 3291 939 3359 totalem
956 3291 1055 3356 etiam
1078 3283 1293 3374 abolitionem
1316 3281 1532 3380 persuadete,
1558 3287 1830 3376 iugratitudinem
1852 3293 1893 3362 iis

418 3391 640 3492 imputando,
668 3391 723 3480 qui
744 3411 814 3457 eam
832 3385 887 3456 fibi
906 3386 946 3456 de
961 3390 1044 3481 Jurc
1061 3383 1143 3452 adeo
1160 3385 1284 3452 Divino
1307 3381 1453 3454 debitam
1474 3376 1633 3461 asserunt,
1659 3405 1696 3452 ut
1719 3409 1778 3455 nec
1801 3389 1893 3458 Prin·

418 3497 535 3588 cipum
561 3489 592 3559 dt
617 3484 789 3557 Potellnrrs
814 3485 920 3557 civilia
941 3479 1049 3555 savoti
1073 3489 1105 3550 in
1131 3483 1274 3576 acceptia
1295 3475 1461 3566 resonant,
1505 3501 1577 3574 que
1601 3475 1667 3552 solt
1686 3481 1893 3576 ingratitudo

418 3591 501 3665 alias
520 3585 638 3686 justam
652 3579 898 3656 retraaationts
917 3582 1175 3682 privilegiorum
1190 3575 1320 3651 ceusatn
1336 3573 1521 3688 constituat.
1545 3579 1579 3668 a)
1756 3678 1777 3766 §
1814 3683 1885 3754 VH

455 3818 504 3909 s)
526 3817 601 3900 Cep.
616 3816 710 3880 enirn.
729 3833 758 3894 4.
774 3813 836 3880 loc.
857 3816 911 3879 cit.
929 3814 973 3879 ite
994 3813 1114 3895 inquit:
1131 3809 1210 3875 Nam
1228 3807 1299 3874 Rex
1311 3807 1345 3872 dr
1361 3807 1523 3872 Romanus
1537 3804 1705 3880 Pontifext
1720 3825 1792 3872 enm
1809 3830 1892 3877 unua
1991 3815 1994 3820 '

538 3900 778 3968 contractioni,
798 3901 875 3960 alter
889 3917 946 3978 pro
963 3899 1062 3977 Regni
1080 3894 1323 3968 consuetudine,
1338 3893 1417 3955 alter
1427 3910 1485 3973 pro
1500 3889 1647 3952 Ecclestae
1662 3889 1817 3956 Libertate
1830 3897 1893 3960 ers.

536 3988 640 4066 gitnr5
657 3980 804 4062 Regnum
824 3983 908 4044 illam
922 3980 1179 4041 consuetudinem
1193 3977 1338 4040 obtinere
1352 3994 1418 4037 non
1433 3971 1554 4057 potest,
1574 3991 1632 4034 nec
1646 3973 1775 4054 poterit,
1787 3973 1820 4038 dt
1831 3975 1892 4042 Ec.

537 4065 627 4130 clesta
643 4064 705 4126 suae
725 4064 878 4126 libertatis
892 4062 1009 4125 amittit
1020 4061 1199 4142 plurimum.

594 4161 730 4226 Inferior
756 4175 859 4222 tutem
887 4158 1052 4230 practicetur
1075 4159 1148 4221 inde
1164 4155 1399 4220 conclusionem
1418 4147 1566 4213 deducite
1603 4145 1726 4212 Habent
1753 4149 1892 4218 Ecclesia

535 4245 620 4310 snam
632 4246 807 4308 libertatem
819 4263 828 4316 ;
843 4241 892 4306 sed
904 4241 1099 4322 summopere
1108 4251 1232 4312 caveat,
1244 4258 1295 4310 ne,
1308 4234 1485 4298 domnionis
1499 4233 1696 4308 emunxerit.
1713 4233 1892 4310 elit-intsan·

534 4332 684 4410 guinem,
710 4327 742 4391 dt
763 4331 837 4390 dunt
852 4325 1027 4406 rubiginem
1040 4323 1078 4386 dc
1096 4321 1170 4385 vase
1183 4328 1318 4383 conatur
1334 4316 1483 4389 eredere,
1510 4331 1568 4378 var
1583 4313 1680 4396 ipsum
1695 4313 1872 4400 frangatur.¹

441 4431 496 4518 ¹u)
515 4429 608 4493 Cous.
629 4429 808 4497 uenenatas
822 4445 875 4504 uon
893 4424 1026 4506 stultit
1040 4420 1161 4496 &riche
1182 4411 1349 4502 sonabilis
1369 4417 1415 4488 tls
1428 4419 1514 4489 oster
1533 4415 1578 4484 bit
1593 4413 1726 4498 utilibus
1740 4411 1893 4496 flumenin

534 4501 578 4585 tlt
598 4519 625 4582 in
642 4515 780 4595 utilibet
795 4512 925 4592 Dionen·
1814 4573 1893 4640 Bu·
2006 4565 2016 4582 ,
