<?xml version="1.0" encoding="UTF-8"?>
<!DOCTYPE html PUBLIC "-//W3C//DTD XHTML 1.0 Transitional//EN"
    "http://www.w3.org/TR/xhtml1/DTD/xhtml1-transitional.dtd">
<html xmlns="http://www.w3.org/1999/xhtml" xml:lang="en" lang="en">
 <head>
  <title>
</title>
<meta http-equiv="Content-Type" content="text/html;charset=utf-8" />
  <meta name='ocr-system' content='tesseract 3.04.00' />
  <meta name='ocr-capabilities' content='ocr_page ocr_carea ocr_par ocr_line ocrx_word'/>
</head>
<body>
  <div class='ocr_page' id='page_1' title='image "./thesavrvsivrise01schmgoog_0623.png"; bbox 0 0 5017 5592; ppageno 0'>
   <div class='ocr_carea' id='block_1_1' title="bbox 506 615 1800 718">
    <p class='ocr_par' dir='ltr' id='par_1_1' title="bbox 506 615 1800 718">
     <span class='ocr_line' id='line_1_1' title="bbox 506 615 1800 718; baseline -0.008 -12"><span class='ocrx_word' id='word_1_1' title='bbox 506 631 596 714; x_wconf 48' lang='lat'>612,</span> <span class='ocrx_word' id='word_1_2' title='bbox 693 615 1033 704; x_wconf 69' lang='lat' dir='ltr'>mssoxxnxto</span> <span class='ocrx_word' id='word_1_3' title='bbox 1057 618 1194 718; x_wconf 86' lang='lat' dir='ltr'>JURlS</span> <span class='ocrx_word' id='word_1_4' title='bbox 1213 616 1409 696; x_wconf 84' lang='lat' dir='ltr'>PUBLlCl</span> <span class='ocrx_word' id='word_1_5' title='bbox 1429 617 1800 700; x_wconf 68' lang='lat' dir='ltr'>xcctsstnsrtcl</span> 
     </span>
    </p>
   </div>
   <div class='ocr_carea' id='block_1_2' title="bbox 500 797 1986 1490">
    <p class='ocr_par' dir='ltr' id='par_1_2' title="bbox 500 797 1986 1490">
     <span class='ocr_line' id='line_1_2' title="bbox 504 797 1983 901; baseline -0.004 -17"><span class='ocrx_word' id='word_1_6' title='bbox 504 802 633 884; x_wconf 84' lang='lat' dir='ltr'>ranenst</span> <span class='ocrx_word' id='word_1_7' title='bbox 651 830 717 880; x_wconf 90' lang='lat' dir='ltr'>non</span> <span class='ocrx_word' id='word_1_8' title='bbox 734 804 857 877; x_wconf 86' lang='lat' dir='ltr'>minori</span> <span class='ocrx_word' id='word_1_9' title='bbox 873 802 1069 901; x_wconf 89' lang='lat' dir='ltr'>prudentia,</span> <span class='ocrx_word' id='word_1_10' title='bbox 1094 803 1302 901; x_wconf 75' lang='lat' dir='ltr'>inaequitate</span> <span class='ocrx_word' id='word_1_11' title='bbox 1320 797 1492 898; x_wconf 79' lang='lat' dir='ltr'>&amp;justitia</span> <span class='ocrx_word' id='word_1_12' title='bbox 1511 799 1698 888; x_wconf 91' lang='lat' dir='ltr'>conslituit,</span> <span class='ocrx_word' id='word_1_13' title='bbox 1723 800 1760 875; x_wconf 81' lang='lat' dir='ltr'>dr</span> <span class='ocrx_word' id='word_1_14' title='bbox 1772 825 1861 900; x_wconf 87' lang='lat' dir='ltr'>quas</span> <span class='ocrx_word' id='word_1_15' title='bbox 1876 800 1983 899; x_wconf 82' lang='lat' dir='ltr'>passm</span> 
     </span>
     <span class='ocr_line' id='line_1_3' title="bbox 504 901 1984 999; baseline -0.003 -19"><span class='ocrx_word' id='word_1_16' title='bbox 504 930 622 980; x_wconf 90' lang='lat' dir='ltr'>omnes</span> <span class='ocrx_word' id='word_1_17' title='bbox 648 909 827 988; x_wconf 85' lang='lat' dir='ltr'>Canones,</span> <span class='ocrx_word' id='word_1_18' title='bbox 858 901 966 974; x_wconf 89' lang='lat' dir='ltr'>multo</span> <span class='ocrx_word' id='word_1_19' title='bbox 989 903 1094 992; x_wconf 91' lang='lat' dir='ltr'>magis</span> <span class='ocrx_word' id='word_1_20' title='bbox 1117 903 1221 994; x_wconf 89' lang='lat' dir='ltr'>igitur</span> <span class='ocrx_word' id='word_1_21' title='bbox 1244 901 1421 998; x_wconf 84' lang='lat' dir='ltr'>privilegia</span> <span class='ocrx_word' id='word_1_22' title='bbox 1443 925 1676 999; x_wconf 74' lang='lat' dir='ltr'>quecunque,</span> <span class='ocrx_word' id='word_1_23' title='bbox 1708 923 1874 998; x_wconf 87' lang='lat' dir='ltr'>tanquam</span> <span class='ocrx_word' id='word_1_24' title='bbox 1895 907 1984 976; x_wconf 87' lang='lat' dir='ltr'>tacite</span> 
     </span>
     <span class='ocr_line' id='line_1_4' title="bbox 504 995 1985 1095; baseline -0.003 -19"><span class='ocrx_word' id='word_1_25' title='bbox 504 997 766 1084; x_wconf 77' lang='lat' dir='ltr'>subintelleslas,</span> <span class='ocrx_word' id='word_1_26' title='bbox 793 1001 983 1072; x_wconf 89' lang='lat' dir='ltr'>admittunt.</span> <span class='ocrx_word' id='word_1_27' title='bbox 1032 1003 1168 1091; x_wconf 91' lang='lat' dir='ltr'>Urgens</span> <span class='ocrx_word' id='word_1_28' title='bbox 1184 1000 1339 1071; x_wconf 82' lang='lat' dir='ltr'>videlicet</span> <span class='ocrx_word' id='word_1_29' title='bbox 1355 997 1560 1095; x_wconf 71' lang='lat' dir='ltr'>Reipublicae</span> <span class='ocrx_word' id='word_1_30' title='bbox 1575 995 1761 1083; x_wconf 81' lang='lat' dir='ltr'>necessitas,</span> <span class='ocrx_word' id='word_1_31' title='bbox 1788 1000 1985 1072; x_wconf 82' lang='lat' dir='ltr'>antevidtns</span> 
     </span>
     <span class='ocr_line' id='line_1_5' title="bbox 503 1093 1986 1270; baseline -0.001 -2"><span class='ocrx_word' id='word_1_32' title='bbox 503 1100 615 1268; x_wconf 63' lang='lat' dir='ltr'>&#39;lis‘</span> <span class='ocrx_word' id='word_1_33' title='bbox 631 1099 776 1267; x_wconf 57' lang='lat' dir='ltr'>alleg</span> <span class='ocrx_word' id='word_1_34' title='bbox 802 1093 1702 1270; x_wconf 57' lang='lat' dir='ltr'>,lillilll‘llblllillllllilllssi?</span> <span class='ocrx_word' id='word_1_35' title='bbox 1717 1094 1986 1268; x_wconf 54' lang='lat' dir='ltr'>silisis?</span> 
     </span>
     <span class='ocr_line' id='line_1_6' title="bbox 500 1219 1985 1398; baseline -0.001 -32"><span class='ocrx_word' id='word_1_36' title='bbox 500 1220 882 1398; x_wconf 51' lang='lat' dir='ltr'>bloblselltrtleblessbtum</span> <span class='ocrx_word' id='word_1_37' title='bbox 908 1291 1088 1364; x_wconf 84' lang='lat' dir='ltr'>Ptaesulnm</span> <span class='ocrx_word' id='word_1_38' title='bbox 1114 1293 1269 1390; x_wconf 85' lang='lat' dir='ltr'>exemplo</span> <span class='ocrx_word' id='word_1_39' title='bbox 1296 1275 1406 1366; x_wconf 72' lang='lat' dir='ltr'>edosli</span> <span class='ocrx_word' id='word_1_40' title='bbox 1427 1289 1572 1367; x_wconf 87' lang='lat' dir='ltr'>fuerant.</span> <span class='ocrx_word' id='word_1_41' title='bbox 1624 1219 1985 1394; x_wconf 67' lang='lat' dir='ltr'>1³erpetpuapmproinle¹</span> 
     </span>
     <span class='ocr_line' id='line_1_7' title="bbox 507 1391 1984 1490; baseline -0.003 -24"><span class='ocrx_word' id='word_1_42' title='bbox 507 1391 611 1490; x_wconf 78' lang='lat' dir='ltr'>&amp;ipsi</span> <span class='ocrx_word' id='word_1_43' title='bbox 630 1394 884 1488; x_wconf 86' lang='lat' dir='ltr'>privilegiorum</span> <span class='ocrx_word' id='word_1_44' title='bbox 901 1391 1195 1486; x_wconf 88' lang='lat' dir='ltr'>ejusmodiorigini</span> <span class='ocrx_word' id='word_1_45' title='bbox 1211 1415 1353 1462; x_wconf 80' lang='lat' dir='ltr'>coaenam</span> <span class='ocrx_word' id='word_1_46' title='bbox 1364 1391 1446 1464; x_wconf 90' lang='lat' dir='ltr'>hane</span> <span class='ocrx_word' id='word_1_47' title='bbox 1456 1393 1684 1487; x_wconf 85' lang='lat' dir='ltr'>exceptionem</span> <span class='ocrx_word' id='word_1_48' title='bbox 1694 1395 1835 1484; x_wconf 81' lang='lat' dir='ltr'>agnovit</span> <span class='ocrx_word' id='word_1_49' title='bbox 1845 1391 1984 1487; x_wconf 87' lang='lat' dir='ltr'>Synodut</span> 
     </span>
    </p>
   </div>
   <div class='ocr_carea' id='block_1_3' title="bbox 376 1486 1984 1588">
    <p class='ocr_par' dir='ltr' id='par_1_3' title="bbox 376 1486 1984 1588">
     <span class='ocr_line' id='line_1_8' title="bbox 376 1486 1984 1588; baseline -0.004 -22"><span class='ocrx_word' id='word_1_50' title='bbox 376 1513 379 1520; x_wconf 85' lang='lat'>&#39;</span> <span class='ocrx_word' id='word_1_51' title='bbox 504 1492 596 1588; x_wconf 87' lang='lat' dir='ltr'>apud</span> <span class='ocrx_word' id='word_1_52' title='bbox 614 1492 813 1562; x_wconf 89' lang='lat' dir='ltr'>Theodonis</span> <span class='ocrx_word' id='word_1_53' title='bbox 830 1490 942 1561; x_wconf 86' lang='lat' dir='ltr'>villam</span> <span class='ocrx_word' id='word_1_54' title='bbox 961 1513 1046 1560; x_wconf 86' lang='lat' dir='ltr'>anno</span> <span class='ocrx_word' id='word_1_55' title='bbox 1062 1489 1306 1559; x_wconf 86' lang='lat' dir='ltr'>DCCCXLlV.</span> <span class='ocrx_word' id='word_1_56' title='bbox 1324 1488 1505 1569; x_wconf 88' lang='lat' dir='ltr'>celebrata,</span> <span class='ocrx_word' id='word_1_57' title='bbox 1532 1489 1691 1587; x_wconf 79' lang='lat' dir='ltr'>ibamque</span> <span class='ocrx_word' id='word_1_58' title='bbox 1709 1486 1898 1585; x_wconf 85' lang='lat' dir='ltr'>profitetur</span> <span class='ocrx_word' id='word_1_59' title='bbox 1912 1488 1984 1560; x_wconf 86' lang='lat' dir='ltr'>obli·</span> 
     </span>
    </p>
   </div>
   <div class='ocr_carea' id='block_1_4' title="bbox 499 1583 1983 1784">
    <p class='ocr_par' dir='ltr' id='par_1_4' title="bbox 499 1583 1983 1784">
     <span class='ocr_line' id='line_1_9' title="bbox 499 1583 1983 1686; baseline 0.003 -28"><span class='ocrx_word' id='word_1_60' title='bbox 499 1591 694 1684; x_wconf 83' lang='lat' dir='ltr'>&#39;gationem,</span> <span class='ocrx_word' id='word_1_61' title='bbox 720 1613 784 1685; x_wconf 87' lang='lat' dir='ltr'>pto</span> <span class='ocrx_word' id='word_1_62' title='bbox 800 1585 926 1659; x_wconf 85' lang='lat' dir='ltr'>viribus</span> <span class='ocrx_word' id='word_1_63' title='bbox 947 1583 1030 1668; x_wconf 91' lang='lat' dir='ltr'>suis,</span> <span class='ocrx_word' id='word_1_64' title='bbox 1052 1584 1138 1656; x_wconf 88' lang='lat' dir='ltr'>salva</span> <span class='ocrx_word' id='word_1_65' title='bbox 1153 1583 1374 1660; x_wconf 87' lang='lat' dir='ltr'>Ecclesterum</span> <span class='ocrx_word' id='word_1_66' title='bbox 1388 1584 1591 1673; x_wconf 78' lang='lat' dir='ltr'>necessitate,</span> <span class='ocrx_word' id='word_1_67' title='bbox 1617 1585 1752 1686; x_wconf 81' lang='lat' dir='ltr'>ipllmet</span> <span class='ocrx_word' id='word_1_68' title='bbox 1767 1587 1983 1686; x_wconf 83' lang='lat' dir='ltr'>quoqueRei·</span> 
     </span>
     <span class='ocr_line' id='line_1_10' title="bbox 504 1681 1125 1784; baseline -0.006 -27"><span class='ocrx_word' id='word_1_69' title='bbox 504 1685 648 1784; x_wconf 79' lang='lat' dir='ltr'>publicae</span> <span class='ocrx_word' id='word_1_70' title='bbox 663 1681 841 1758; x_wconf 79' lang='lat' dir='ltr'>necessitati</span> <span class='ocrx_word' id='word_1_71' title='bbox 860 1681 1083 1756; x_wconf 87' lang='lat' dir='ltr'>succurrendi.</span> <span class='ocrx_word' id='word_1_72' title='bbox 1092 1687 1125 1773; x_wconf 77' lang='lat' dir='ltr'>a)</span> 
     </span>
    </p>
   </div>
   <div class='ocr_carea' id='block_1_5' title="bbox 624 1813 1985 1917">
    <p class='ocr_par' dir='ltr' id='par_1_5' title="bbox 624 1813 1985 1917">
     <span class='ocr_line' id='line_1_11' title="bbox 624 1813 1985 1917; baseline 0.001 -27"><span class='ocrx_word' id='word_1_73' title='bbox 624 1816 726 1913; x_wconf 73' lang='lat' dir='ltr'>Quod</span> <span class='ocrx_word' id='word_1_74' title='bbox 743 1818 847 1909; x_wconf 91' lang='lat' dir='ltr'>igitur</span> <span class='ocrx_word' id='word_1_75' title='bbox 863 1819 1090 1912; x_wconf 76' lang='lat' dir='ltr'>Imperatores</span> <span class='ocrx_word' id='word_1_76' title='bbox 1104 1813 1257 1917; x_wconf 77' lang='lat' dir='ltr'>resptslu</span> <span class='ocrx_word' id='word_1_77' title='bbox 1272 1814 1321 1891; x_wconf 91' lang='lat' dir='ltr'>sni</span> <span class='ocrx_word' id='word_1_78' title='bbox 1337 1840 1513 1916; x_wconf 84' lang='lat' dir='ltr'>exceptum</span> <span class='ocrx_word' id='word_1_79' title='bbox 1530 1817 1726 1902; x_wconf 87' lang='lat' dir='ltr'>voluerunt,</span> <span class='ocrx_word' id='word_1_80' title='bbox 1754 1816 1908 1916; x_wconf 87' lang='lat' dir='ltr'>idipsum</span> <span class='ocrx_word' id='word_1_81' title='bbox 1923 1839 1985 1892; x_wconf 87' lang='lat' dir='ltr'>mu·</span> 
     </span>
    </p>
   </div>
   <div class='ocr_carea' id='block_1_6' title="bbox 353 1912 1985 2018">
    <p class='ocr_par' dir='ltr' id='par_1_6' title="bbox 353 1912 1985 2018">
     <span class='ocr_line' id='line_1_12' title="bbox 353 1912 1985 2018; baseline -0.002 -21"><span class='ocrx_word' id='word_1_82' title='bbox 353 1917 356 1923; x_wconf 70' lang='grc'>’</span> <span class='ocrx_word' id='word_1_83' title='bbox 507 1941 578 1997; x_wconf 85' lang='lat' dir='ltr'>teto</span> <span class='ocrx_word' id='word_1_84' title='bbox 593 1941 680 1988; x_wconf 90' lang='lat' dir='ltr'>nunc</span> <span class='ocrx_word' id='word_1_85' title='bbox 694 1914 834 2010; x_wconf 87' lang='lat' dir='ltr'>Imperii</span> <span class='ocrx_word' id='word_1_86' title='bbox 850 1912 1032 2010; x_wconf 87' lang='lat' dir='ltr'>Syllemate</span> <span class='ocrx_word' id='word_1_87' title='bbox 1047 1918 1081 1990; x_wconf 80' lang='lat' dir='ltr'>dt</span> <span class='ocrx_word' id='word_1_88' title='bbox 1097 1914 1256 1991; x_wconf 87' lang='lat' dir='ltr'>oneribus</span> <span class='ocrx_word' id='word_1_89' title='bbox 1275 1916 1419 2015; x_wconf 89' lang='lat' dir='ltr'>publicis</span> <span class='ocrx_word' id='word_1_90' title='bbox 1438 1943 1503 1990; x_wconf 88' lang='lat' dir='ltr'>una</span> <span class='ocrx_word' id='word_1_91' title='bbox 1521 1942 1599 1994; x_wconf 84' lang='lat' dir='ltr'>cunt</span> <span class='ocrx_word' id='word_1_92' title='bbox 1610 1919 1863 2018; x_wconf 81' lang='lat' dir='ltr'>Superioritate</span> <span class='ocrx_word' id='word_1_93' title='bbox 1875 1916 1985 1994; x_wconf 73' lang='lat' dir='ltr'>Terris</span> 
     </span>
    </p>
   </div>
   <div class='ocr_carea' id='block_1_7' title="bbox 505 2011 1505 2114">
    <p class='ocr_par' dir='ltr' id='par_1_7' title="bbox 505 2011 1505 2114">
     <span class='ocr_line' id='line_1_13' title="bbox 505 2011 1505 2114; baseline -0.007 -19"><span class='ocrx_word' id='word_1_94' title='bbox 505 2014 621 2095; x_wconf 87' lang='lat' dir='ltr'>tnriali</span> <span class='ocrx_word' id='word_1_95' title='bbox 637 2017 671 2090; x_wconf 93' lang='lat' dir='ltr'>in</span> <span class='ocrx_word' id='word_1_96' title='bbox 684 2013 856 2111; x_wconf 81' lang='lat' dir='ltr'>Principes</span> <span class='ocrx_word' id='word_1_97' title='bbox 873 2013 1039 2090; x_wconf 80' lang='lat' dir='ltr'>devolutis</span> <span class='ocrx_word' id='word_1_98' title='bbox 1056 2015 1176 2091; x_wconf 88' lang='lat' dir='ltr'>iisdem</span> <span class='ocrx_word' id='word_1_99' title='bbox 1191 2011 1345 2114; x_wconf 83' lang='lat' dir='ltr'>prodesse</span> <span class='ocrx_word' id='word_1_100' title='bbox 1360 2013 1505 2092; x_wconf 79' lang='lat' dir='ltr'>debebit.</span> 
     </span>
    </p>
   </div>
   <div class='ocr_carea' id='block_1_8' title="bbox 1119 2226 1369 2330">
    <p class='ocr_par' dir='ltr' id='par_1_8' title="bbox 1119 2226 1369 2330">
     <span class='ocr_line' id='line_1_14' title="bbox 1119 2226 1369 2330; baseline -0.004 -27"><span class='ocrx_word' id='word_1_101' title='bbox 1119 2226 1152 2330; x_wconf 67' lang='lat' dir='ltr'>n</span> <span class='ocrx_word' id='word_1_102' title='bbox 1200 2226 1369 2303; x_wconf 81' lang='lat' dir='ltr'><strong>xxxv.</strong></span> 
     </span>
    </p>
   </div>
   <div class='ocr_carea' id='block_1_9' title="bbox 367 2356 2026 2950">
    <p class='ocr_par' dir='ltr' id='par_1_9' title="bbox 367 2356 2026 2727">
     <span class='ocr_line' id='line_1_15' title="bbox 627 2356 2026 2460; baseline -0.001 -25"><span class='ocrx_word' id='word_1_103' title='bbox 627 2360 739 2435; x_wconf 87' lang='lat' dir='ltr'>Solam</span> <span class='ocrx_word' id='word_1_104' title='bbox 762 2379 890 2433; x_wconf 85' lang='lat' dir='ltr'>tantum</span> <span class='ocrx_word' id='word_1_105' title='bbox 915 2361 1145 2436; x_wconf 88' lang='lat' dir='ltr'>conditionum</span> <span class='ocrx_word' id='word_1_106' title='bbox 1166 2362 1320 2446; x_wconf 90' lang='lat' dir='ltr'>illarum,</span> <span class='ocrx_word' id='word_1_107' title='bbox 1356 2383 1438 2460; x_wconf 87' lang='lat' dir='ltr'>quas</span> <span class='ocrx_word' id='word_1_108' title='bbox 1464 2359 1547 2455; x_wconf 85' lang='lat' dir='ltr'>Jura</span> <span class='ocrx_word' id='word_1_109' title='bbox 1568 2361 1766 2459; x_wconf 88' lang='lat' dir='ltr'>requirnnt,</span> <span class='ocrx_word' id='word_1_110' title='bbox 1797 2356 1985 2457; x_wconf 78' lang='lat' dir='ltr'>justitiam·</span> <span class='ocrx_word' id='word_1_111' title='bbox 2024 2383 2026 2393; x_wconf 93' lang='grc'><strong><em>·</em></strong></span> 
     </span>
     <span class='ocr_line' id='line_1_16' title="bbox 508 2457 1984 2558; baseline -0.001 -22"><span class='ocrx_word' id='word_1_112' title='bbox 508 2460 679 2536; x_wconf 82' lang='lat' dir='ltr'>nonnullis</span> <span class='ocrx_word' id='word_1_113' title='bbox 697 2457 904 2531; x_wconf 74' lang='lat' dir='ltr'>Dosloribus</span> <span class='ocrx_word' id='word_1_114' title='bbox 919 2458 1080 2534; x_wconf 83' lang='lat' dir='ltr'>invidiose</span> <span class='ocrx_word' id='word_1_115' title='bbox 1097 2464 1327 2558; x_wconf 86' lang='lat' dir='ltr'>impugnatam</span> <span class='ocrx_word' id='word_1_116' title='bbox 1339 2461 1453 2556; x_wconf 90' lang='lat' dir='ltr'>paucis</span> <span class='ocrx_word' id='word_1_117' title='bbox 1468 2459 1671 2532; x_wconf 88' lang='lat' dir='ltr'>vindicatum</span> <span class='ocrx_word' id='word_1_118' title='bbox 1686 2483 1738 2532; x_wconf 88' lang='lat' dir='ltr'>to.</span> <span class='ocrx_word' id='word_1_119' title='bbox 1773 2461 1895 2534; x_wconf 86' lang='lat' dir='ltr'>Primo</span> <span class='ocrx_word' id='word_1_120' title='bbox 1907 2463 1984 2536; x_wconf 78' lang='lat' dir='ltr'>enim</span> 
     </span>
     <span class='ocr_line' id='line_1_17' title="bbox 367 2555 2026 2727; baseline -0.004 -93"><span class='ocrx_word' id='word_1_121' title='bbox 367 2589 370 2599; x_wconf 76' lang='grc'><strong>’</strong></span> <span class='ocrx_word' id='word_1_122' title='bbox 508 2582 723 2634; x_wconf 82' lang='lat' dir='ltr'>communem</span> <span class='ocrx_word' id='word_1_123' title='bbox 746 2558 885 2630; x_wconf 87' lang='lat' dir='ltr'>Clericis</span> <span class='ocrx_word' id='word_1_124' title='bbox 915 2583 1011 2656; x_wconf 83' lang='lat' dir='ltr'>aeque</span> <span class='ocrx_word' id='word_1_125' title='bbox 1033 2583 1069 2632; x_wconf 90' lang='lat' dir='ltr'>sc</span> <span class='ocrx_word' id='word_1_126' title='bbox 1088 2562 1195 2632; x_wconf 77' lang='lat' dir='ltr'>Laicis</span> <span class='ocrx_word' id='word_1_127' title='bbox 1219 2557 1439 2634; x_wconf 78' lang='lat' dir='ltr'>necessitatem</span> <span class='ocrx_word' id='word_1_128' title='bbox 1462 2578 1518 2630; x_wconf 86' lang='lat' dir='ltr'>aut</span> <span class='ocrx_word' id='word_1_129' title='bbox 1536 2556 1715 2630; x_wconf 88' lang='lat' dir='ltr'>utilitatem</span> <span class='ocrx_word' id='word_1_130' title='bbox 1732 2561 1890 2727; x_wconf 64' lang='lat' dir='ltr'>repuiri,</span> <span class='ocrx_word' id='word_1_131' title='bbox 1913 2555 1986 2634; x_wconf 83' lang='lat' dir='ltr'>nihil</span> <span class='ocrx_word' id='word_1_132' title='bbox 2023 2615 2026 2628; x_wconf 92' lang='lat'><em>.</em></span> 
     </span>
    </p>

    <p class='ocr_par' dir='ltr' id='par_1_10' title="bbox 508 2652 1985 2950">
     <span class='ocr_line' id='line_1_18' title="bbox 508 2652 1983 2754; baseline -0.001 -22"><span class='ocrx_word' id='word_1_133' title='bbox 508 2656 575 2741; x_wconf 91' lang='lat' dir='ltr'>est,</span> <span class='ocrx_word' id='word_1_134' title='bbox 597 2658 688 2754; x_wconf 92' lang='lat' dir='ltr'>quod</span> <span class='ocrx_word' id='word_1_135' title='bbox 705 2657 890 2753; x_wconf 88' lang='lat' dir='ltr'>iniquitatis</span> <span class='ocrx_word' id='word_1_136' title='bbox 906 2679 1077 2749; x_wconf 73' lang='lat' dir='ltr'><strong>arguatur.</strong></span> <span class='ocrx_word' id='word_1_137' title='bbox 1127 2660 1322 2731; x_wconf 83' lang='lat' dir='ltr'>Sicutenim</span> <span class='ocrx_word' id='word_1_138' title='bbox 1338 2657 1478 2729; x_wconf 89' lang='lat' dir='ltr'>Clericis</span> <span class='ocrx_word' id='word_1_139' title='bbox 1495 2652 1652 2752; x_wconf 80' lang='lat' dir='ltr'>speciales</span> <span class='ocrx_word' id='word_1_140' title='bbox 1670 2653 1744 2728; x_wconf 90' lang='lat' dir='ltr'>sunt</span> <span class='ocrx_word' id='word_1_141' title='bbox 1784 2681 1838 2729; x_wconf 78' lang='lat' dir='ltr'>uae</span> <span class='ocrx_word' id='word_1_142' title='bbox 1852 2653 1983 2730; x_wconf 66' lang='lat' dir='ltr'>exodio·</span> 
     </span>
     <span class='ocr_line' id='line_1_19' title="bbox 508 2752 1984 2854; baseline 0 -25"><span class='ocrx_word' id='word_1_143' title='bbox 508 2781 586 2839; x_wconf 89' lang='lat' dir='ltr'>nes,</span> <span class='ocrx_word' id='word_1_144' title='bbox 610 2755 650 2824; x_wconf 90' lang='lat' dir='ltr'>ad</span> <span class='ocrx_word' id='word_1_145' title='bbox 667 2779 748 2852; x_wconf 88' lang='lat' dir='ltr'>quas</span> <span class='ocrx_word' id='word_1_146' title='bbox 764 2755 854 2843; x_wconf 89' lang='lat' dir='ltr'>Laici</span> <span class='ocrx_word' id='word_1_147' title='bbox 871 2755 955 2826; x_wconf 91' lang='lat' dir='ltr'>nihil</span> <span class='ocrx_word' id='word_1_148' title='bbox 971 2752 1168 2840; x_wconf 87' lang='lat' dir='ltr'>conferunt,</span> <span class='ocrx_word' id='word_1_149' title='bbox 1193 2754 1234 2830; x_wconf 84' lang='lat' dir='ltr'>stc</span> <span class='ocrx_word' id='word_1_150' title='bbox 1250 2754 1348 2854; x_wconf 83' lang='lat' dir='ltr'>siquae</span> <span class='ocrx_word' id='word_1_151' title='bbox 1363 2753 1423 2827; x_wconf 87' lang='lat' dir='ltr'>lint</span> <span class='ocrx_word' id='word_1_152' title='bbox 1439 2755 1546 2827; x_wconf 88' lang='lat' dir='ltr'>Laicis</span> <span class='ocrx_word' id='word_1_153' title='bbox 1563 2753 1602 2824; x_wconf 84' lang='lat' dir='ltr'>td</span> <span class='ocrx_word' id='word_1_154' title='bbox 1618 2753 1863 2850; x_wconf 78' lang='lat' dir='ltr'>particularem</span> <span class='ocrx_word' id='word_1_155' title='bbox 1876 2777 1984 2829; x_wconf 76' lang='lat' dir='ltr'>cornu</span> 
     </span>
     <span class='ocr_line' id='line_1_20' title="bbox 509 2847 1985 2950; baseline 0.001 -24"><span class='ocrx_word' id='word_1_156' title='bbox 509 2852 623 2935; x_wconf 89' lang='lat' dir='ltr'>usum,</span> <span class='ocrx_word' id='word_1_157' title='bbox 650 2874 752 2950; x_wconf 86' lang='lat' dir='ltr'>prout</span> <span class='ocrx_word' id='word_1_158' title='bbox 767 2848 958 2921; x_wconf 75' lang='lat' dir='ltr'>dillinslum</span> <span class='ocrx_word' id='word_1_159' title='bbox 978 2851 1114 2949; x_wconf 85' lang='lat' dir='ltr'>prorsus</span> <span class='ocrx_word' id='word_1_160' title='bbox 1136 2858 1266 2925; x_wconf 86' lang='lat' dir='ltr'>Statum</span> <span class='ocrx_word' id='word_1_161' title='bbox 1285 2852 1506 2933; x_wconf 83' lang='lat' dir='ltr'>constituunt,</span> <span class='ocrx_word' id='word_1_162' title='bbox 1531 2847 1705 2948; x_wconf 91' lang='lat' dir='ltr'>speciales,</span> <span class='ocrx_word' id='word_1_163' title='bbox 1728 2851 1770 2922; x_wconf 91' lang='lat' dir='ltr'>ab</span> <span class='ocrx_word' id='word_1_164' title='bbox 1787 2855 1831 2924; x_wconf 90' lang='lat' dir='ltr'>iis</span> <span class='ocrx_word' id='word_1_165' title='bbox 1846 2854 1985 2927; x_wconf 85' lang='lat' dir='ltr'>Clericus</span> 
     </span>
    </p>
   </div>
   <div class='ocr_carea' id='block_1_10' title="bbox 390 2948 1984 3045">
    <p class='ocr_par' dir='ltr' id='par_1_11' title="bbox 390 2948 1984 3045">
     <span class='ocr_line' id='line_1_21' title="bbox 390 2948 1984 3045; baseline 0 -21"><span class='ocrx_word' id='word_1_166' title='bbox 390 2965 392 2970; x_wconf 86' lang='lat'>&#39;</span> <span class='ocrx_word' id='word_1_167' title='bbox 508 2949 653 3030; x_wconf 81' lang='lat' dir='ltr'>absolvi,</span> <span class='ocrx_word' id='word_1_168' title='bbox 678 2950 825 3045; x_wconf 72' lang='lat' dir='ltr'>equitati</span> <span class='ocrx_word' id='word_1_169' title='bbox 848 2951 991 3020; x_wconf 86' lang='lat' dir='ltr'>maxime</span> <span class='ocrx_word' id='word_1_170' title='bbox 1005 2949 1051 3024; x_wconf 87' lang='lat' dir='ltr'>esl</span> <span class='ocrx_word' id='word_1_171' title='bbox 1072 2948 1338 3024; x_wconf 88' lang='lat' dir='ltr'>consentaneum.</span> <span class='ocrx_word' id='word_1_172' title='bbox 1387 2954 1454 3022; x_wconf 83' lang='lat' dir='ltr'>Vix</span> <span class='ocrx_word' id='word_1_173' title='bbox 1474 2969 1584 3020; x_wconf 86' lang='lat' dir='ltr'>autem</span> <span class='ocrx_word' id='word_1_174' title='bbox 1606 2950 1673 3020; x_wconf 86' lang='lat' dir='ltr'>ulla</span> <span class='ocrx_word' id='word_1_175' title='bbox 1700 2951 1933 3044; x_wconf 87' lang='lat' dir='ltr'>excogitabilis</span> <span class='ocrx_word' id='word_1_176' title='bbox 1947 2948 1984 3024; x_wconf 74' lang='lat' dir='ltr'>el</span> 
     </span>
    </p>
   </div>
   <div class='ocr_carea' id='block_1_11' title="bbox 508 3042 1988 3536">
    <p class='ocr_par' dir='ltr' id='par_1_12' title="bbox 508 3042 1988 3536">
     <span class='ocr_line' id='line_1_22' title="bbox 508 3042 1985 3147; baseline 0.002 -26"><span class='ocrx_word' id='word_1_177' title='bbox 508 3047 563 3121; x_wconf 80' lang='lat' dir='ltr'>vel</span> <span class='ocrx_word' id='word_1_178' title='bbox 579 3042 739 3117; x_wconf 84' lang='lat' dir='ltr'>rarissime</span> <span class='ocrx_word' id='word_1_179' title='bbox 754 3045 788 3115; x_wconf 81' lang='lat' dir='ltr'>dt</span> <span class='ocrx_word' id='word_1_180' title='bbox 808 3046 861 3116; x_wconf 83' lang='lat' dir='ltr'>vin</span> <span class='ocrx_word' id='word_1_181' title='bbox 886 3071 1032 3141; x_wconf 89' lang='lat' dir='ltr'>unquam</span> <span class='ocrx_word' id='word_1_182' title='bbox 1057 3050 1221 3139; x_wconf 88' lang='lat' dir='ltr'>contingit</span> <span class='ocrx_word' id='word_1_183' title='bbox 1241 3049 1366 3121; x_wconf 88' lang='lat' dir='ltr'>utilitas</span> <span class='ocrx_word' id='word_1_184' title='bbox 1389 3072 1444 3119; x_wconf 92' lang='lat' dir='ltr'>aut</span> <span class='ocrx_word' id='word_1_185' title='bbox 1464 3042 1628 3120; x_wconf 76' lang='lat' dir='ltr'>necessitas</span> <span class='ocrx_word' id='word_1_186' title='bbox 1651 3046 1806 3141; x_wconf 89' lang='lat' dir='ltr'>publica,</span> <span class='ocrx_word' id='word_1_187' title='bbox 1833 3075 1911 3147; x_wconf 81' lang='lat' dir='ltr'>quae</span> <span class='ocrx_word' id='word_1_188' title='bbox 1928 3074 1985 3124; x_wconf 84' lang='lat' dir='ltr'>nnn</span> 
     </span>
     <span class='ocr_line' id='line_1_23' title="bbox 510 3140 1986 3242; baseline 0.003 -25"><span class='ocrx_word' id='word_1_189' title='bbox 510 3143 653 3217; x_wconf 83' lang='lat' dir='ltr'>Clericis</span> <span class='ocrx_word' id='word_1_190' title='bbox 670 3140 764 3213; x_wconf 80' lang='lat' dir='ltr'>smol</span> <span class='ocrx_word' id='word_1_191' title='bbox 779 3147 966 3212; x_wconf 90' lang='lat' dir='ltr'>communis</span> <span class='ocrx_word' id='word_1_192' title='bbox 986 3142 1078 3216; x_wconf 84' lang='lat' dir='ltr'>asseri</span> <span class='ocrx_word' id='word_1_193' title='bbox 1098 3143 1214 3240; x_wconf 84' lang='lat' dir='ltr'>possit,</span> <span class='ocrx_word' id='word_1_194' title='bbox 1240 3150 1299 3242; x_wconf 84' lang='lat' dir='ltr'>qui</span> <span class='ocrx_word' id='word_1_195' title='bbox 1315 3150 1403 3220; x_wconf 89' lang='lat' dir='ltr'>cives</span> <span class='ocrx_word' id='word_1_196' title='bbox 1417 3147 1450 3218; x_wconf 85' lang='lat' dir='ltr'>dt</span> <span class='ocrx_word' id='word_1_197' title='bbox 1465 3144 1614 3216; x_wconf 89' lang='lat' dir='ltr'>membra</span> <span class='ocrx_word' id='word_1_198' title='bbox 1632 3146 1785 3242; x_wconf 85' lang='lat' dir='ltr'>ejusdem</span> <span class='ocrx_word' id='word_1_199' title='bbox 1809 3153 1923 3222; x_wconf 88' lang='lat' dir='ltr'>Status</span> <span class='ocrx_word' id='word_1_200' title='bbox 1936 3153 1986 3221; x_wconf 66' lang='lat' dir='ltr'>Por</span> 
     </span>
     <span class='ocr_line' id='line_1_24' title="bbox 509 3236 1985 3344; baseline 0.004 -30"><span class='ocrx_word' id='word_1_201' title='bbox 509 3242 594 3315; x_wconf 90' lang='lat' dir='ltr'>litici</span> <span class='ocrx_word' id='word_1_202' title='bbox 609 3236 770 3321; x_wconf 84' lang='lat' dir='ltr'>existunt,</span> <span class='ocrx_word' id='word_1_203' title='bbox 793 3237 1349 3337; x_wconf 76' lang='lat' dir='ltr'>eademqueprotedlionedttutela</span> <span class='ocrx_word' id='word_1_204' title='bbox 1365 3245 1510 3338; x_wconf 90' lang='lat' dir='ltr'>gaudere</span> <span class='ocrx_word' id='word_1_205' title='bbox 1522 3243 1649 3316; x_wconf 87' lang='lat' dir='ltr'>uolunt.</span> <span class='ocrx_word' id='word_1_206' title='bbox 1673 3248 1985 3344; x_wconf 81' lang='lat' dir='ltr'>Communiquipps¹</span> 
     </span>
     <span class='ocr_line' id='line_1_25' title="bbox 510 3335 1986 3444; baseline 0.003 -31"><span class='ocrx_word' id='word_1_207' title='bbox 510 3337 716 3435; x_wconf 72' lang='lat' dir='ltr'>Reipublicae</span> <span class='ocrx_word' id='word_1_208' title='bbox 730 3335 831 3409; x_wconf 88' lang='lat' dir='ltr'>salute</span> <span class='ocrx_word' id='word_1_209' title='bbox 846 3361 902 3410; x_wconf 88' lang='lat' dir='ltr'>aut</span> <span class='ocrx_word' id='word_1_210' title='bbox 918 3338 1102 3413; x_wconf 80' lang='lat' dir='ltr'>necessitate</span> <span class='ocrx_word' id='word_1_211' title='bbox 1122 3339 1260 3415; x_wconf 89' lang='lat' dir='ltr'>salntem</span> <span class='ocrx_word' id='word_1_212' title='bbox 1275 3368 1411 3440; x_wconf 90' lang='lat' dir='ltr'>quoque</span> <span class='ocrx_word' id='word_1_213' title='bbox 1425 3342 1478 3415; x_wconf 86' lang='lat' dir='ltr'>vel</span> <span class='ocrx_word' id='word_1_214' title='bbox 1491 3337 1709 3414; x_wconf 80' lang='lat' dir='ltr'>necessitatem</span> <span class='ocrx_word' id='word_1_215' title='bbox 1725 3342 1903 3430; x_wconf 69' lang='lat' dir='ltr'>Ecclesia,</span> <span class='ocrx_word' id='word_1_216' title='bbox 1924 3368 1986 3444; x_wconf 79' lang='lat' dir='ltr'>que</span> 
     </span>
     <span class='ocr_line' id='line_1_26' title="bbox 509 3432 1988 3536; baseline 0.003 -26"><span class='ocrx_word' id='word_1_217' title='bbox 509 3439 545 3511; x_wconf 90' lang='lat' dir='ltr'>in</span> <span class='ocrx_word' id='word_1_218' title='bbox 559 3434 742 3533; x_wconf 90' lang='lat' dir='ltr'>Republica</span> <span class='ocrx_word' id='word_1_219' title='bbox 758 3432 822 3516; x_wconf 85' lang='lat' dir='ltr'>est,</span> <span class='ocrx_word' id='word_1_220' title='bbox 847 3440 1011 3509; x_wconf 88' lang='lat' dir='ltr'>contineri</span> <span class='ocrx_word' id='word_1_221' title='bbox 1024 3438 1149 3512; x_wconf 86' lang='lat' dir='ltr'>necesse</span> <span class='ocrx_word' id='word_1_222' title='bbox 1166 3438 1224 3511; x_wconf 80' lang='lat' dir='ltr'>est.</span> <span class='ocrx_word' id='word_1_223' title='bbox 1275 3443 1420 3533; x_wconf 82' lang='lat' dir='ltr'>Singulis</span> <span class='ocrx_word' id='word_1_224' title='bbox 1437 3465 1519 3513; x_wconf 85' lang='lat' dir='ltr'>vero</span> <span class='ocrx_word' id='word_1_225' title='bbox 1540 3443 1633 3510; x_wconf 91' lang='lat' dir='ltr'>annis</span> <span class='ocrx_word' id='word_1_226' title='bbox 1655 3463 1712 3511; x_wconf 90' lang='lat' dir='ltr'>aut</span> <span class='ocrx_word' id='word_1_227' title='bbox 1734 3438 1926 3536; x_wconf 72' lang='lat' dir='ltr'>respesbiue</span> <span class='ocrx_word' id='word_1_228' title='bbox 1942 3441 1988 3516; x_wconf 76' lang='lat' dir='ltr'>se·</span> 
     </span>
    </p>
   </div>
   <div class='ocr_carea' id='block_1_12' title="bbox 368 3531 1988 3650">
    <p class='ocr_par' dir='ltr' id='par_1_13' title="bbox 368 3531 1988 3650">
     <span class='ocr_line' id='line_1_27' title="bbox 368 3531 1988 3650; baseline 0.006 -44"><span class='ocrx_word' id='word_1_229' title='bbox 368 3565 373 3574; x_wconf 94' lang='lat'>·</span> <span class='ocrx_word' id='word_1_230' title='bbox 509 3539 589 3650; x_wconf 75' lang='lat' dir='ltr'>pius</span> <span class='ocrx_word' id='word_1_231' title='bbox 604 3555 783 3606; x_wconf 88' lang='lat' dir='ltr'>recurrunt</span> <span class='ocrx_word' id='word_1_232' title='bbox 800 3531 1049 3628; x_wconf 86' lang='lat' dir='ltr'>Episcopalium</span> <span class='ocrx_word' id='word_1_233' title='bbox 1063 3540 1199 3633; x_wconf 88' lang='lat' dir='ltr'>Jurium</span> <span class='ocrx_word' id='word_1_234' title='bbox 1215 3534 1278 3611; x_wconf 82' lang='lat' dir='ltr'>live</span> <span class='ocrx_word' id='word_1_235' title='bbox 1294 3539 1503 3633; x_wconf 86' lang='lat' dir='ltr'>Synodatici,</span> <span class='ocrx_word' id='word_1_236' title='bbox 1528 3535 1593 3609; x_wconf 83' lang='lat' dir='ltr'>sive</span> <span class='ocrx_word' id='word_1_237' title='bbox 1614 3536 1755 3620; x_wconf 82' lang='lat' dir='ltr'>Census,</span> <span class='ocrx_word' id='word_1_238' title='bbox 1785 3539 1854 3613; x_wconf 84' lang='lat' dir='ltr'>sive</span> <span class='ocrx_word' id='word_1_239' title='bbox 1873 3565 1988 3638; x_wconf 86' lang='lat' dir='ltr'>procn-</span> 
     </span>
    </p>
   </div>
   <div class='ocr_carea' id='block_1_13' title="bbox 507 3626 1990 4226">
    <p class='ocr_par' dir='ltr' id='par_1_14' title="bbox 507 3626 1990 4226">
     <span class='ocr_line' id='line_1_28' title="bbox 508 3626 1988 3718; baseline 0.005 -11"><span class='ocrx_word' id='word_1_240' title='bbox 508 3655 697 3713; x_wconf 88' lang='lat' dir='ltr'>rattonum,</span> <span class='ocrx_word' id='word_1_241' title='bbox 728 3628 792 3702; x_wconf 82' lang='lat' dir='ltr'>sive</span> <span class='ocrx_word' id='word_1_242' title='bbox 808 3626 940 3702; x_wconf 80' lang='lat' dir='ltr'>subsidii</span> <span class='ocrx_word' id='word_1_243' title='bbox 952 3633 1158 3718; x_wconf 80' lang='lat' dir='ltr'>charitativi,</span> <span class='ocrx_word' id='word_1_244' title='bbox 1182 3639 1252 3706; x_wconf 91' lang='lat' dir='ltr'>imo</span> <span class='ocrx_word' id='word_1_245' title='bbox 1270 3636 1303 3708; x_wconf 83' lang='lat' dir='ltr'>dt</span> <span class='ocrx_word' id='word_1_246' title='bbox 1319 3635 1682 3709; x_wconf 83' lang='lat' dir='ltr'>Archi-Diaconalium</span> <span class='ocrx_word' id='word_1_247' title='bbox 1697 3638 1732 3707; x_wconf 93' lang='lat' dir='ltr'>in</span> <span class='ocrx_word' id='word_1_248' title='bbox 1750 3637 1872 3710; x_wconf 89' lang='lat' dir='ltr'>multis</span> <span class='ocrx_word' id='word_1_249' title='bbox 1888 3643 1988 3715; x_wconf 83' lang='lat' dir='ltr'>Eccle-</span> 
     </span>
     <span class='ocr_line' id='line_1_29' title="bbox 509 3726 1986 3831; baseline 0.004 -24"><span class='ocrx_word' id='word_1_250' title='bbox 509 3728 565 3807; x_wconf 81' lang='lat' dir='ltr'>fiis</span> <span class='ocrx_word' id='word_1_251' title='bbox 580 3726 804 3828; x_wconf 80' lang='lat' dir='ltr'>ptaellationes</span> <span class='ocrx_word' id='word_1_252' title='bbox 819 3730 938 3799; x_wconf 88' lang='lat' dir='ltr'>Laitos</span> <span class='ocrx_word' id='word_1_253' title='bbox 955 3732 1142 3804; x_wconf 88' lang='lat' dir='ltr'>nullatenus</span> <span class='ocrx_word' id='word_1_254' title='bbox 1163 3731 1436 3828; x_wconf 85' lang='lat' dir='ltr'>constringentes.</span> <span class='ocrx_word' id='word_1_255' title='bbox 1486 3733 1602 3829; x_wconf 82' lang='lat' dir='ltr'>Qrid?</span> <span class='ocrx_word' id='word_1_256' title='bbox 1628 3734 1718 3830; x_wconf 85' lang='lat' dir='ltr'>quod</span> <span class='ocrx_word' id='word_1_257' title='bbox 1739 3731 1844 3831; x_wconf 81' lang='lat' dir='ltr'>siquis</span> <span class='ocrx_word' id='word_1_258' title='bbox 1866 3764 1986 3813; x_wconf 79' lang='lat' dir='ltr'>camme·</span> 
     </span>
     <span class='ocr_line' id='line_1_30' title="bbox 507 3823 1988 3935; baseline 0.005 -32"><span class='ocrx_word' id='word_1_259' title='bbox 507 3856 564 3903; x_wconf 84' lang='lat' dir='ltr'>ates</span> <span class='ocrx_word' id='word_1_260' title='bbox 580 3823 780 3901; x_wconf 79' lang='lat' dir='ltr'>neceffitates</span> <span class='ocrx_word' id='word_1_261' title='bbox 793 3825 844 3897; x_wconf 86' lang='lat' dir='ltr'>vel</span> <span class='ocrx_word' id='word_1_262' title='bbox 861 3826 1021 3901; x_wconf 87' lang='lat' dir='ltr'>utilitates</span> <span class='ocrx_word' id='word_1_263' title='bbox 1042 3832 1074 3901; x_wconf 92' lang='lat' dir='ltr'>in</span> <span class='ocrx_word' id='word_1_264' title='bbox 1093 3835 1228 3905; x_wconf 87' lang='lat' dir='ltr'>Canone</span> <span class='ocrx_word' id='word_1_265' title='bbox 1246 3831 1418 3929; x_wconf 85' lang='lat' dir='ltr'>requisitas</span> <span class='ocrx_word' id='word_1_266' title='bbox 1435 3856 1502 3905; x_wconf 90' lang='lat' dir='ltr'>non</span> <span class='ocrx_word' id='word_1_267' title='bbox 1524 3838 1741 3926; x_wconf 72' lang='lat' dir='ltr'>austrumque</span> <span class='ocrx_word' id='word_1_268' title='bbox 1758 3841 1893 3910; x_wconf 79' lang='lat' dir='ltr'>Statum</span> <span class='ocrx_word' id='word_1_269' title='bbox 1908 3841 1988 3935; x_wconf 81' lang='lat' dir='ltr'>pcrti-</span> 
     </span>
     <span class='ocr_line' id='line_1_31' title="bbox 510 3920 1990 4028; baseline 0.005 -29"><span class='ocrx_word' id='word_1_270' title='bbox 510 3949 633 4007; x_wconf 84' lang='lat' dir='ltr'>nentes,</span> <span class='ocrx_word' id='word_1_271' title='bbox 659 3921 712 3996; x_wconf 94' lang='lat' dir='ltr'>sed</span> <span class='ocrx_word' id='word_1_272' title='bbox 726 3928 874 4019; x_wconf 76' lang='lat' dir='ltr'>publicas,</span> <span class='ocrx_word' id='word_1_273' title='bbox 899 3920 963 3996; x_wconf 81' lang='lat' dir='ltr'>sive</span> <span class='ocrx_word' id='word_1_274' title='bbox 978 3952 1170 4022; x_wconf 74' lang='lat' dir='ltr'>communes</span> <span class='ocrx_word' id='word_1_275' title='bbox 1187 3954 1343 4026; x_wconf 86' lang='lat' dir='ltr'>tanquam</span> <span class='ocrx_word' id='word_1_276' title='bbox 1356 3937 1491 4026; x_wconf 83' lang='lat' dir='ltr'>privatis</span> <span class='ocrx_word' id='word_1_277' title='bbox 1509 3935 1544 4007; x_wconf 71' lang='lat' dir='ltr'>{d</span> <span class='ocrx_word' id='word_1_278' title='bbox 1558 3935 1759 4024; x_wconf 76' lang='lat' dir='ltr'>perlinalibas</span> <span class='ocrx_word' id='word_1_279' title='bbox 1771 3930 1990 4028; x_wconf 89' lang='lat' dir='ltr'>ipsorummet</span> 
     </span>
     <span class='ocr_line' id='line_1_32' title="bbox 510 4020 1988 4127; baseline 0.007 -32"><span class='ocrx_word' id='word_1_280' title='bbox 510 4021 714 4108; x_wconf 75' lang='lat' dir='ltr'>dissimum,</span> <span class='ocrx_word' id='word_1_281' title='bbox 745 4020 926 4093; x_wconf 86' lang='lat' dir='ltr'>Consulum</span> <span class='ocrx_word' id='word_1_282' title='bbox 952 4024 1014 4095; x_wconf 80' lang='lat' dir='ltr'>dic.</span> <span class='ocrx_word' id='word_1_283' title='bbox 1039 4028 1184 4120; x_wconf 80' lang='lat' dir='ltr'>opposttas</span> <span class='ocrx_word' id='word_1_284' title='bbox 1209 4032 1447 4124; x_wconf 87' lang='lat' dir='ltr'>interpretatus</span> <span class='ocrx_word' id='word_1_285' title='bbox 1471 4025 1596 4109; x_wconf 87' lang='lat' dir='ltr'>suerit,</span> <span class='ocrx_word' id='word_1_286' title='bbox 1630 4029 1717 4099; x_wconf 86' lang='lat' dir='ltr'>haud</span> <span class='ocrx_word' id='word_1_287' title='bbox 1745 4056 1988 4127; x_wconf 86' lang='lat' dir='ltr'>repugnantem</span> 
     </span>
     <span class='ocr_line' id='line_1_33' title="bbox 512 4120 1988 4226; baseline 0.006 -32"><span class='ocrx_word' id='word_1_288' title='bbox 512 4144 568 4195; x_wconf 82' lang='lat' dir='ltr'>nne</span> <span class='ocrx_word' id='word_1_289' title='bbox 591 4120 743 4207; x_wconf 85' lang='lat' dir='ltr'>habebit,</span> <span class='ocrx_word' id='word_1_290' title='bbox 768 4140 887 4219; x_wconf 89' lang='lat' dir='ltr'>utpote</span> <span class='ocrx_word' id='word_1_291' title='bbox 910 4124 967 4217; x_wconf 91' lang='lat' dir='ltr'>qui</span> <span class='ocrx_word' id='word_1_292' title='bbox 990 4121 1075 4197; x_wconf 90' lang='lat' dir='ltr'>salva</span> <span class='ocrx_word' id='word_1_293' title='bbox 1095 4132 1282 4199; x_wconf 88' lang='lat' dir='ltr'>reverentia</span> <span class='ocrx_word' id='word_1_294' title='bbox 1305 4126 1496 4201; x_wconf 89' lang='lat' dir='ltr'>Canonibns</span> <span class='ocrx_word' id='word_1_295' title='bbox 1520 4128 1552 4199; x_wconf 82' lang='lat' dir='ltr'>dt</span> <span class='ocrx_word' id='word_1_296' title='bbox 1576 4128 1770 4201; x_wconf 88' lang='lat' dir='ltr'>authoritati</span> <span class='ocrx_word' id='word_1_297' title='bbox 1796 4130 1988 4226; x_wconf 78' lang='lat' dir='ltr'>legislatisa</span> 
     </span>
    </p>
   </div>
   <div class='ocr_carea' id='block_1_14' title="bbox 1885 4230 1987 4305">
    <p class='ocr_par' dir='ltr' id='par_1_15' title="bbox 1885 4230 1987 4305">
     <span class='ocr_line' id='line_1_34' title="bbox 1885 4230 1987 4305; baseline 0 -2"><span class='ocrx_word' id='word_1_298' title='bbox 1885 4230 1987 4305; x_wconf 88' lang='lat' dir='ltr'>Eccle·</span> 
     </span>
    </p>
   </div>
   <div class='ocr_carea' id='block_1_15' title="bbox 554 4383 1991 4804">
    <p class='ocr_par' dir='ltr' id='par_1_16' title="bbox 554 4383 1991 4804">
     <span class='ocr_line' id='line_1_35' title="bbox 554 4383 1987 4484; baseline 0.006 -31"><span class='ocrx_word' id='word_1_299' title='bbox 554 4387 591 4471; x_wconf 80' lang='lat' dir='ltr'>e)</span> <span class='ocrx_word' id='word_1_300' title='bbox 610 4383 684 4478; x_wconf 83' lang='lat' dir='ltr'>Can.</span> <span class='ocrx_word' id='word_1_301' title='bbox 701 4403 730 4464; x_wconf 90' lang='lat'>4.</span> <span class='ocrx_word' id='word_1_302' title='bbox 747 4387 837 4484; x_wconf 74' lang='lat' dir='ltr'>cujus</span> <span class='ocrx_word' id='word_1_303' title='bbox 851 4391 947 4454; x_wconf 84' lang='lat' dir='ltr'>verba</span> <span class='ocrx_word' id='word_1_304' title='bbox 962 4390 1031 4455; x_wconf 87' lang='lat' dir='ltr'>haec</span> <span class='ocrx_word' id='word_1_305' title='bbox 1045 4390 1131 4455; x_wconf 83' lang='lat' dir='ltr'>sunt:</span> <span class='ocrx_word' id='word_1_306' title='bbox 1153 4392 1380 4476; x_wconf 86' lang='lat' dir='ltr'>Unusquisque</span> <span class='ocrx_word' id='word_1_307' title='bbox 1395 4396 1446 4459; x_wconf 89' lang='lat' dir='ltr'>vir</span> <span class='ocrx_word' id='word_1_308' title='bbox 1466 4393 1698 4461; x_wconf 78' lang='lat' dir='ltr'>Ecclesiasticus</span> <span class='ocrx_word' id='word_1_309' title='bbox 1710 4393 1745 4459; x_wconf 86' lang='lat' dir='ltr'>dt</span> <span class='ocrx_word' id='word_1_310' title='bbox 1758 4397 1987 4465; x_wconf 85' lang='lat' dir='ltr'>interceffionir</span> 
     </span>
     <span class='ocr_line' id='line_1_36' title="bbox 627 4469 1986 4563; baseline 0.011 -34"><span class='ocrx_word' id='word_1_311' title='bbox 627 4469 819 4546; x_wconf 76' lang='lat' dir='ltr'>adjutorium</span> <span class='ocrx_word' id='word_1_312' title='bbox 834 4472 867 4534; x_wconf 81' lang='lat' dir='ltr'>dt</span> <span class='ocrx_word' id='word_1_313' title='bbox 883 4474 1004 4549; x_wconf 86' lang='lat' dir='ltr'>solatii,</span> <span class='ocrx_word' id='word_1_314' title='bbox 1027 4495 1091 4557; x_wconf 91' lang='lat' dir='ltr'>qno</span> <span class='ocrx_word' id='word_1_315' title='bbox 1101 4476 1286 4560; x_wconf 86' lang='lat' dir='ltr'>Respublica</span> <span class='ocrx_word' id='word_1_316' title='bbox 1301 4480 1441 4560; x_wconf 79' lang='lat' dir='ltr'>indiget,</span> <span class='ocrx_word' id='word_1_317' title='bbox 1462 4478 1644 4551; x_wconf 83' lang='lat' dir='ltr'>subsidium,</span> <span class='ocrx_word' id='word_1_318' title='bbox 1664 4480 1757 4560; x_wconf 83' lang='lat' dir='ltr'>juxta</span> <span class='ocrx_word' id='word_1_319' title='bbox 1780 4487 1986 4563; x_wconf 74' lang='lat' dir='ltr'>quantitate·</span> 
     </span>
     <span class='ocr_line' id='line_1_37' title="bbox 626 4548 1987 4649; baseline 0.01 -37"><span class='ocrx_word' id='word_1_320' title='bbox 626 4567 729 4612; x_wconf 84' lang='lat' dir='ltr'>tetum</span> <span class='ocrx_word' id='word_1_321' title='bbox 747 4548 893 4615; x_wconf 71' lang='lat' dir='ltr'>Ecclesiae</span> <span class='ocrx_word' id='word_1_322' title='bbox 911 4556 965 4618; x_wconf 88' lang='lat' dir='ltr'>stbi</span> <span class='ocrx_word' id='word_1_323' title='bbox 985 4558 1172 4634; x_wconf 81' lang='lat' dir='ltr'>commiffae,</span> <span class='ocrx_word' id='word_1_324' title='bbox 1193 4561 1281 4622; x_wconf 83' lang='lat' dir='ltr'>salvo</span> <span class='ocrx_word' id='word_1_325' title='bbox 1299 4561 1384 4638; x_wconf 85' lang='lat' dir='ltr'>jure,</span> <span class='ocrx_word' id='word_1_326' title='bbox 1406 4563 1491 4643; x_wconf 92' lang='lat' dir='ltr'>quod</span> <span class='ocrx_word' id='word_1_327' title='bbox 1508 4566 1626 4625; x_wconf 85' lang='lat' dir='ltr'>exinde</span> <span class='ocrx_word' id='word_1_328' title='bbox 1641 4565 1759 4626; x_wconf 92' lang='lat' dir='ltr'>divinis</span> <span class='ocrx_word' id='word_1_329' title='bbox 1785 4565 1987 4649; x_wconf 83' lang='lat' dir='ltr'>dispensatio·</span> 
     </span>
     <span class='ocr_line' id='line_1_38' title="bbox 626 4631 1991 4735; baseline 0.012 -41"><span class='ocrx_word' id='word_1_330' title='bbox 626 4633 720 4695; x_wconf 86' lang='lat' dir='ltr'>nibus</span> <span class='ocrx_word' id='word_1_331' title='bbox 734 4631 827 4693; x_wconf 88' lang='lat' dir='ltr'>debet</span> <span class='ocrx_word' id='word_1_332' title='bbox 843 4636 1000 4718; x_wconf 85' lang='lat' dir='ltr'>impendi,</span> <span class='ocrx_word' id='word_1_333' title='bbox 1024 4657 1170 4723; x_wconf 85' lang='lat' dir='ltr'>prompte</span> <span class='ocrx_word' id='word_1_334' title='bbox 1183 4641 1217 4705; x_wconf 75' lang='lat' dir='ltr'>dc</span> <span class='ocrx_word' id='word_1_335' title='bbox 1230 4665 1273 4706; x_wconf 85' lang='lat' dir='ltr'>ex</span> <span class='ocrx_word' id='word_1_336' title='bbox 1286 4644 1393 4707; x_wconf 83' lang='lat' dir='ltr'>animo</span> <span class='ocrx_word' id='word_1_337' title='bbox 1407 4656 1514 4726; x_wconf 83' lang='lat' dir='ltr'>parate</span> <span class='ocrx_word' id='word_1_338' title='bbox 1527 4645 1560 4707; x_wconf 84' lang='lat' dir='ltr'>dt</span> <span class='ocrx_word' id='word_1_339' title='bbox 1575 4648 1729 4731; x_wconf 80' lang='lat' dir='ltr'>impigre,</span> <span class='ocrx_word' id='word_1_340' title='bbox 1748 4645 1833 4715; x_wconf 82' lang='lat' dir='ltr'>ficut</span> <span class='ocrx_word' id='word_1_341' title='bbox 1850 4661 1991 4735; x_wconf 81' lang='lat' dir='ltr'>ternpore</span> 
     </span>
     <span class='ocr_line' id='line_1_39' title="bbox 627 4710 1597 4804; baseline 0.018 -28"><span class='ocrx_word' id='word_1_342' title='bbox 627 4710 869 4785; x_wconf 77' lang='lat' dir='ltr'>Anteceliorotn</span> <span class='ocrx_word' id='word_1_343' title='bbox 887 4717 1063 4788; x_wconf 80' lang='lat' dir='ltr'>vestrorum</span> <span class='ocrx_word' id='word_1_344' title='bbox 1076 4723 1305 4804; x_wconf 82' lang='lat' dir='ltr'>consueverat,</span> <span class='ocrx_word' id='word_1_345' title='bbox 1326 4726 1464 4794; x_wconf 83' lang='lat' dir='ltr'>studebit</span> <span class='ocrx_word' id='word_1_346' title='bbox 1475 4726 1597 4795; x_wconf 84' lang='lat' dir='ltr'>afferte.</span> 
     </span>
    </p>
   </div>
   <div class='ocr_carea' id='block_1_16' title="bbox 0 0 2523 5588">
    <p class='ocr_par' dir='ltr' id='par_1_17' title="bbox 0 0 2523 5588">
     <span class='ocr_line' id='line_1_40' title="bbox 0 0 2523 5588; baseline 0 0"><span class='ocrx_word' id='word_1_347' title='bbox 0 0 2523 5588; x_wconf 95' lang='lat' dir='ltr'> </span> 
     </span>
    </p>
   </div>
  </div>
 </body>
</html>
