5017 5592
398 688 561 776 .698
802 785 805 790 Ι
946 670 1550 770 nissantntio
1656 705 1672 716 -

493 852 607 942 civeal
657 859 704 924 At
718 853 877 949 quoniam
893 853 1082 925 dominium
1105 853 1209 925 altum
1233 851 1385 924 dominio
1405 851 1615 950 privatorum
1637 851 1740 922 toties
1761 850 1806 923 ab
1822 851 1975 926 Adversa·

390 991 392 996 ·
493 961 554 1030 riis
571 947 760 1032 confertur,
788 955 856 1024 imo
872 950 1053 1050 splendidis
1078 952 1188 1023 verbis
1207 946 1408 1048 praefertur,
1435 953 1611 1045 utriusque
1624 950 1779 1021 indolem
1798 949 1975 1024 considete·

492 1079 568 1128 mua
590 1048 835 1140 &analogiam
882 1053 1047 1120 Dominus
1065 1053 1116 1121 rei
1139 1051 1271 1131 vendit,
1302 1049 1420 1130 donat,
1450 1053 1585 1145 pignori
1610 1072 1683 1118 rem
1709 1047 1806 1120 suam
1833 1049 1974 1124 ianeklit.

492 1153 670 1224 Rationem
687 1147 827 1218 reddere
839 1145 941 1242 jussos
962 1144 1156 1243 respondet:
1182 1153 1253 1239 qvia
1263 1148 1308 1236 fic
1321 1153 1429 1239 placei.
1482 1150 1568 1242 Qtis
1584 1147 1726 1218 eandem
1744 1149 1780 1218 io
1806 1145 1896 1218 bona
1909 1143 1971 1220 sob-

491 1251 639 1322 dirorum
660 1241 778 1314 tribuit
794 1247 939 1340 Principi
961 1245 1192 1340 porellateme
1213 1245 1365 1315 dominio
1380 1247 1445 1316 alto
1461 1245 1644 1317 derivarem
1661 1242 1721 1315 nis
1736 1242 1814 1342 post
1831 1247 1972 1318 Mathia·

490 1345 616 1418 vellum
637 1337 851 1412 Hobbesiust
902 1344 1019 1439 Qtid'?
1044 1343 1133 1438 quod
1149 1344 1337 1413 dominium
1361 1343 1466 1413 alium
1483 1342 1559 1413 ideo
1580 1347 1614 1412 io
1633 1345 1832 1436 Principem
1857 1367 1877 1413 a
1900 1347 1971 1414 eiii·

490 1441 553 1516 bus
569 1439 764 1511 translatum
780 1437 845 1520 ell,
871 1464 908 1510 ut
921 1438 1136 1512 conservetur
1157 1440 1250 1511 suurn
1269 1444 1407 1534 privaris
1423 1442 1629 1521 dominium,
1655 1437 1715 1509 nisi
1734 1441 1834 1510 aliud
1848 1439 1972 1513 suaserit

402 1547 405 1556 '
491 1545 577 1635 reip.
597 1533 772 1608 neeeffiias.
823 1543 951 1609 Verum
968 1535 1032 1618 efl,
1058 1542 1247 1634 Principem
1266 1534 1354 1634 polle
1371 1537 1570 1629 restringere
1590 1539 1784 1608 dominium
1802 1543 1923 1634 privati
1938 1564 1970 1610 et

492 1637 574 1730 julla
592 1632 700 1708 causa:
729 1632 782 1705 sed
800 1635 893 1715 ideo,
920 1639 998 1730 quia
1012 1632 1057 1705 est
1074 1640 1238 1732 Principis
1252 1642 1410 1728 labilitas,
1434 1640 1609 1733 qua-ratio
1625 1661 1694 1705 oon
1714 1637 1808 1708 eadit
1825 1638 1969 1710 inEccle·

490 1735 589 1815 liam,
615 1756 723 1827 neque
737 1736 804 1802 vim
821 1733 920 1804 habet
935 1755 1049 1804 contra
1064 1732 1252 1812 Ecclesiam,
1269 1758 1448 1829 quominus
1463 1731 1522 1804 isla
1537 1729 1730 1804 facultatem
1748 1737 1968 1830 emendique

381 1815 389 1850 ⁸
490 1856 542 1908 tor
567 1829 691 1903 saeculia
712 1852 787 1901 ante
808 1831 916 1922 legem
939 1833 1201 1902 amortizationis
1223 1830 1279 1903 usa
1301 1831 1365 1915 est,
1398 1835 1463 1904 rite
1485 1827 1653 1927 possessam
1674 1829 1968 1928 praescriptumque

488 1931 596 2005 libere
612 1949 712 2024 queat
726 1952 870 1999 exerere.
916 1933 1032 2022 ltaque
1048 1930 1089 1999 ad
1104 1953 1339 2022 argumentum
1363 1954 1400 2014 vi.
1420 1933 1702 2002 Transmirtimus
1721 1953 1851 2001 totum.
1896 1933 1964 2002 Hoc

392 2081 396 2088 ·
490 2029 565 2127 ipso
579 2031 668 2098 enim
686 2025 776 2121 quod
795 2023 934 2097 Ecclesia
949 2025 1187 2099 consuetudine
1207 2027 1355 2120 legitime
1371 2026 1562 2126 prescripta
1582 2027 1785 2122 tueaturjus
1803 2031 1964 2124 acquires·

489 2130 524 2201 di
541 2123 746 2205 immobilia,
765 2120 854 2195 adest
866 2121 1038 2196 consensus
1053 2128 1216 2219 Principis
1235 2132 1342 2218 legalis
1363 2150 1399 2196 ac
1422 2131 1588 2216 juridicus,
1613 2127 1649 2194 tit
1669 2124 1869 2222 loquimur.
1900 2149 1968 2196 coa·

489 2221 592 2300 celsos
608 2224 707 2313 longe
723 2246 816 2304 anie,
840 2247 940 2318 quani
953 2245 1144 2313 emergeret
1159 2227 1326 2295 Statiitum
1343 2225 1624 2306 amortizationia,
1641 2225 1732 2296 inter
1748 2223 1838 2298 alias
1850 2244 1968 2297 neree

488 2345 582 2396 raras
602 2320 768 2412 elegantes
789 2344 825 2391 ac
845 2343 946 2392 novas
964 2343 983 2392 e
998 2322 1109 2432 ualui
1125 2320 1166 2391 ad
1188 2325 1315 2394 vicinos
1337 2317 1571 2394 transmissum.

606 2475 648 2544 X.
664 2473 717 2544 Sic
730 2495 813 2564 ergo
828 2433 1126 2574 quililidtsubditus
1135 2473 1323 2568 Principem
1333 2467 1565 2568 polletexuere
1582 2467 1742 2570 supremo
1751 2469 1966 2548 fundaminis

391 2629 395 2638 ,
492 2569 527 2646 dt
551 2571 697 2667 potentia
714 2575 821 2662 regia,
842 2595 915 2666 qiiae
931 2565 997 2643 line
1014 2571 1108 2642 bonit
1122 2567 1290 2641 stabilibus
1307 2595 1372 2641 non
1389 2567 1540 2642 consistit.
1566 2575 1691 2644 Atiexit
1707 2571 1743 2645 dt
1758 2573 1858 2645 illud.
1885 2575 1965 2644 Pria·

492 2693 572 2764 ceps
586 2669 684 2740 liaber
698 2667 751 2764 jus
767 2665 979 2740 conservandi
996 2664 1188 2764 supremum
1206 2665 1300 2740 suom
1314 2667 1501 2740 dominium
1526 2668 1560 2740 dt
1584 2673 1808 2742 eminentiam
1836 2673 1964 2764 regiam.

490 2787 531 2850 ri.
554 2771 686 2838 Mirum
702 2767 772 2838 hec
788 2771 874 2837 Patri
890 2766 1057 2838 Cardenus
1072 2767 1171 2837 obiici
1189 2792 1207 2837 a
1222 2772 1264 2836 D.
1287 2763 1434 2849 Glettle3
1458 2766 1598 2861 perinde
1612 2765 1672 2839 acsi
1688 2771 1722 2839 P.
1734 2768 1910 2841 Cardenas
1921 2765 1967 2840 vel

492 2864 577 2936 alius
592 2867 769 2960 quisquam
790 2864 924 2944 doceat,
952 2861 1173 2937 iiecellitaiem
1189 2864 1355 2960 publicam
1379 2873 1510 2934 (verani
1528 2865 1765 2956 intelligimus,
1799 2892 1870 2938 non
1890 2861 1968 2937 fuca-

492 2969 580 3054 tam)
604 2961 861 3056 pollhabendam
884 2960 1005 3055 opibus
1030 2961 1063 3031 dt
1087 2960 1252 3057 splendori
1275 2957 1512 3042 Ecclefiatum3
1546 2963 1722 3054 Privilegia
1745 2961 1902 3037 Ecclesiae
1920 2960 1966 3033 vel

424 3129 434 3164 a
491 3083 568 3132 cum
592 3060 737 3152 pernicie
752 3061 836 3148 reip.
853 3052 916 3128 else
932 3057 1064 3127 tuenda.
1113 3059 1234 3127 Utitur
1258 3055 1380 3127 scilicet
1397 3057 1614 3130 Adversarius
1637 3059 1876 3154 stratagemate
1891 3060 1965 3132 Poli-

491 3158 558 3227 tico
576 3153 616 3224 ad
632 3150 816 3224 salvandam
841 3152 1040 3248 hypothesin
1060 3149 1151 3225 suam
1175 3154 1206 3226 dr
1231 3155 1390 3225 invidiam
1410 3153 1616 3227 conflandam
1639 3157 1814 3231 sententiae
1839 3156 1965 3242 nostre,

369 3241 372 3252 ¹
490 3277 567 3351 quae
585 3253 739 3323 duntaxat
755 3251 818 3321 ltoc
834 3275 949 3343 negat:
975 3279 990 3322 e
1001 3249 1064 3342 {oli
1083 3257 1228 3347 Principis
1248 3274 1324 3324 nata
1348 3254 1495 3349 pendere
1515 3257 1760 3326 revocationem
1780 3257 1966 3350 privilegio·

489 3375 569 3424 turn
590 3346 749 3421 illorum:
783 3347 837 3419 led
857 3374 933 3421 cum
956 3353 1131 3442 utriusque
1151 3348 1296 3430 intersit,
1321 3353 1484 3445 Principis
1510 3351 1542 3422 dt
1567 3349 1756 3433 Pontificis,
1798 3359 1965 3450 utriusque

485 3452 632 3542 requirit
648 3443 850 3517 consensum.
899 3452 982 3516 Non
1002 3445 1129 3518 abludit
1146 3447 1185 3516 ab
1202 3448 1265 3518 hoc
1286 3447 1373 3518 aliud
1391 3472 1623 3539 argumentum
1649 3455 1691 3520 D.
1712 3449 1864 3535 Gleitlc,
1905 3473 1963 3548 quo

488 3550 623 3620 Patrem
644 3545 810 3616 Cardenas
832 3545 1041 3635 aggreditur:
1070 3550 1158 3617 Silus
1175 3546 1304 3639 Eicelfiae
1323 3571 1381 3614 nori
1397 3553 1492 3637 exigit
1508 3553 1738 3618 translationem
1752 3551 1898 3622 donarunt
1907 3549 1965 3640 isc·

487 3646 603 3716 silium.
653 3641 775 3712 Probat
794 3646 827 3712 in
848 3644 935 3714 hunc
957 3643 1110 3713 modum:
1145 3648 1246 3714 Saliari
1270 3645 1399 3733 Erilestae
1419 3644 1497 3730 fietis
1519 3651 1681 3730 taalulitiir
1706 3671 1760 3736 per
1785 3651 1860 3730 bac,
1896 3647 1965 3739 qius

488 3746 631 3834 Princeps
648 3763 789 3811 teneatur
804 3746 877 3810 dare
893 3747 1062 3816 licentiam,
1088 3737 1271 3811 liadveriit
1286 3747 1516 3811 translationem
1536 3745 1676 3813 berittum
1691 3744 1849 3830 stabilium
1869 3751 1900 3816 iii
1917 3751 1963 3814 Et·

489 3840 606 3922 elesiarii
622 3839 676 3928 effe
695 3838 895 3928 neceffaiiam.
946 3837 1039 3933 Qiid
1055 3833 1077 3906 li
1093 3840 1126 3907 P.
1145 3836 1313 3910 Cardenaa
1335 3860 1482 3931 regerat:
1509 3840 1613 3910 Saluti
1627 3843 1714 3937 reip.
1739 3838 1821 3914 satia
1845 3838 1960 3916 consul·

490 3957 562 4008 ium
580 3933 625 4005 est
640 3960 701 4029 pet
716 3934 798 4013 hoe,
830 3932 919 4031 qood
941 3931 1091 4005 Pontifex
1111 3959 1262 4007 teneatur
1284 3937 1363 4007 dare
1386 3934 1577 4009 consensum
1599 3939 1638 4007 ad
1660 3937 1772 4032 legem
1797 3942 1961 4012 amortiza-

492 4036 609 4112 tionis,
637 4031 657 4103 si
680 4033 844 4112 advertat,
868 4033 1117 4103 translationem
1135 4032 1358 4103 immobilium
1376 4030 1438 4104 esse
1455 4036 1539 4128 reip.
1557 4040 1706 4116 notiam,
1734 4035 1888 4110 Ecclesia
1903 4059 1960 4107 oon

490 4125 726 4201 necessariam?
772 4139 824 4201 Ao
847 4155 926 4199 vero
951 4136 1074 4224 potiori
1098 4129 1171 4214 iore
1194 4127 1403 4220 Magislraiui
1434 4133 1571 4224 politico
1590 4134 1643 4228 jus
1668 4139 1829 4207 convenit
1849 4159 1960 4226 cogno·

488 4223 619 4306 scendi,
652 4223 958 4390 goidnecelsariom
982 4225 1148 4310 Ecclesia,
1170 4230 1250 4324 quid
1271 4252 1355 4309 non3
1388 4254 1487 4326 quam
1513 4229 1686 4314 Pontifici,
1720 4233 1807 4328 quid
1835 4237 1961 4306 noxium

488 4325 573 4417 reip.
591 4325 647 4415 qui
687 4331 777 4395 iton?

604 4457 660 4523 Xl.
688 4459 739 4525 Sic
754 4462 862 4547 arguit
876 4457 964 4528 idem
981 4458 1070 4530 Clar.
1090 4462 1132 4529 D.
1154 4455 1292 4532 Gletrlc.
1340 4457 1534 4528 Translaiio
1550 4423 1727 4529 bonorum.
1742 4455 1911 4530 stabilium
1930 4460 1957 4527 in

484 4549 661 4622 Ecclesiam
677 4549 722 4620 cll
744 4558 837 4622 notia
858 4561 942 4649 reip.
961 4556 993 4625 dt
1016 4581 1082 4625 non
1107 4554 1151 4625 est
1174 4549 1349 4625 necessaria
1373 4553 1543 4635 Ecclesiae,
1575 4581 1657 4645 ergo
1679 4556 1730 4624 leit
1756 4554 1901 4628 slaiuens
1923 4577 1958 4626 ne

482 4647 744 4734 transferantur,
770 4651 940 4725 evidenter
961 4679 1028 4725 nott
1045 4651 1090 4727 ell
1107 4659 1236 4752 iniqua.
1303 4657 1384 4727 Hoc
1399 4677 1634 4747 argumentum
1656 4657 1807 4750 tangitise
1831 4660 1877 4727 ait
1896 4653 1958 4746 elli·

1875 4775 1963 4835 aare,

405 4917 449 4925 ⁴——
