5017 5592
440 631 749 754 ,blinamma
764 655 964 736 nonan.
984 599 1177 738 accras.
1195 655 1326 738 iconi.
1343 653 1726 740 iuctiinuoaos
1741 659 1809 742 aa.
1827 685 1903 766 40,

413 845 537 918 inanire
552 842 738 915 Provinciis
754 842 881 938 experti
900 838 1029 923 sumus,
1055 842 1144 914 inter
1163 840 1195 914 se
1213 817 1313 936 agent
1328 844 1441 922 caric
1462 841 1694 930 Ecclesiastieae
1716 843 1749 918 dt
1772 843 1903 920 siec'ule·

412 941 490 1024 tce,
516 966 685 1037 nunquam
701 937 860 1014 offellum
874 939 1043 1012 habebunt
1064 939 1093 1011 sa
1121 937 1302 1024 ientislsmae
1326 939 1525 1016 Pontificum
1546 941 1817 1020 constitutiones.
1855 947 1899 1018 ln

412 1043 602 1115 Palatinatu
626 1064 736 1111 autem
759 1035 987 1110 Setenilsiinut
1017 965 1151 1112 Eleilor
1173 1037 1406 1136 sapientissimo
1429 1044 1575 1114 Decreto
1596 1039 1763 1114 constituit
1785 1042 1923 1212 ditius
2044 1051 2047 1066 '

414 1137 606 1212 risdillioni
624 1134 853 1208 Eccleliallicae
875 1134 1005 1231 subjicit
1019 1161 1168 1208 carceres
1190 1137 1354 1234 quosdam
1371 1141 1405 1210 in
1420 1137 1558 1210 diversis
1572 1138 1653 1212 locis
1670 1143 1817 1212 Ditionia
1846 1163 1899 1216 ue

413 1263 481 1336 pro
504 1261 646 1307 numero
660 1232 880 1317 llioecesium,
904 1238 936 1305 in
961 1260 1043 1330 quas
1060 1237 1205 1307 excurrit
1220 1241 1320 1310 ¹Ditio
1342 1237 1486 1309 Palatina
1505 1241 1551 1324 r).
1602 1242 1641 1308 ln
1662 1240 1799 1308 linearia
1814 1263 1898 1312 vero

415 1331 644 1409 Serenillimus
669 1331 804 1406 bicolor
826 1358 887 1430 per
911 1338 1118 1414 Decretum,
1148 1336 1242 1428 cujus
1265 1331 1364 1428 supra
1395 1345 1469 1430 (lep.
1490 1343 1553 1412 W.
1581 1341 1614 1428 ς.
1637 1362 1715 1428 1¹3·
1746 1331 1832 1406 falla
1849 1332 1898 1411 eli

414 1441 562 1511 mentio,
586 1456 691 1503 ratam
709 1430 825 1512 hibet,
847 1435 945 1527 proin
959 1436 1058 1504 etiam
1074 1432 1281 1504 servaturum
1300 1433 1332 1504 se
1350 1436 1518 1530 promittit
1529 1427 1639 1505 xiidem
1655 1435 1765 1506 datam
1779 1458 1797 1506 a
1812 1437 1899 1504 Pie·

414 1529 516 1606 feriis
538 1531 766 1609 Militatilius,
790 1529 831 1600 de
846 1533 911 1600 reis
928 1535 1107 1602 criminum
1123 1531 1321 1604 militarium
1337 1557 1403 1604 noo
1420 1529 1605 1629 pleelendis
1621 1539 1750 1619 morte,
1767 1553 1824 1610 out
1838 1533 1900 1606 eli·
1995 1525 2000 1538 ¹

417 1655 486 1732 quc
501 1631 596 1726 grati
611 1653 708 1728 poeua
723 1633 876 1730 corporis
895 1624 1071 1715 afflisttn,
1091 1627 1115 1700 li
1130 1654 1169 1702 ex
1185 1631 1289 1730 Alylo
1309 1631 1540 1708 extrahuntur.

1013 1837 1045 1940 i.
1097 1841 1341 1920 cxcviii.

535 1977 576 2046 ln
591 1973 662 2044 aliis
679 1997 760 2046 vero
775 1971 857 2046 loe-ia
876 1998 934 2050 aut
945 1974 1111 2049 casibus-fi
1133 1973 1321 2073 Episcopus
1336 2001 1355 2048 a
1369 1975 1490 2074 Judice
1507 1981 1610 2053 Laico
1624 1974 1820 2076 requisituo,
1836 1975 1897 2050 do·
1908 1990 2015 2072 Qoala

414 2097 478 2152 nee
493 2071 588 2146 ceula
608 2077 739 2164 cognita
757 2073 953 2156 decidatur,
979 2072 1170 2168 Consugam
1190 2075 1400 2164 Magaba-ui
1427 2075 1572 2150 saeculari
1594 2103 1633 2149 er
1653 2077 1812 2174 prudenti
1829 2071 2085 2158 distantem*

415 2173 564 2248 fidentia·
577 2173 708 2244 tradere
728 2171 980 2244 cullndiendum
997 2172 1126 2245 recuset
1142 2202 1149 2242 :
1176 2172 1394 2263 Magillratut
1410 2198 1522 2246 autem
1537 2174 1700 2249 secularis
1713 2172 1897 2248 cei-tuaesse
1908 2171 2054 2222 'mim'

414 2273 500 2350 velit
514 2270 556 2342 de
575 2269 721 2340 cullodia
737 2267 919 2362 confuge,
944 2271 1049 2343 donec
1066 2271 1105 2342 ab
1127 2270 1295 2367 Episcopo
1315 2271 1493 2344 extraditio
1513 2272 1664 2368 ejusdem
1678 2235 2082 2392 decernatunffi'ffifd‘

415 2367 546 2445 Reclor
571 2393 651 2441 vero
675 2367 823 2439 Ecclesia
845 2369 1027 2440 cullodiam
1048 2369 1155 2451 illius,
1179 2370 1219 2438 cd
1245 2394 1347 2465 quam
1371 2371 1471 2467 plane
1487 2396 1675 2455 teneretur,
1697 2369 1784 2446 inse
1804 2370 1899 2446 susci·

415 2494 502 2571 pere
522 2469 631 2538 nolit:
659 2465 692 2535 ln
711 2468 768 2536 tali
786 2464 879 2546 casu,
905 2469 963 2562 qui
981 2463 1151 2563 saepilliine
1171 2473 1337 2547 occurrit,
1362 2493 1451 2560 egre
1473 2466 1577 2553 ferri,
1600 2495 1666 2542 oon
1686 2468 1777 2567 polle
1792 2469 1898 2566 aliqui

414 2567 578 2647 credunt,
599 2561 620 2633 si
637 2563 854 2656 Magistratus
870 2563 1033 2638 secularis
1050 2569 1121 2638 Reo
1139 2571 1172 2636 ln
1197 2564 1302 2662 Al'yln
1322 2567 1520 2650 eonllltuto,
1546 2565 1718 2644 cuslodem
1734 2592 1838 2640 unum
1851 2568 1899 2641 ale

415 2687 573 2742 terumve
593 2661 808 2756 adjungeret,
831 2690 897 2734 non
913 2667 1049 2760 quidem
1062 2689 1100 2736 ea
1120 2687 1289 2734 armature
1311 2667 1392 2754 (mit
1407 2663 1661 2759 Obergewebr)
1686 2663 1900 2750 instrulium.
2012 2739 2016 2750 ,
2117 2657 2123 2668 '

443 2789 487 2838 ua
502 2762 663 2834 militares
685 2759 840 2832 custodiae
867 2786 1031 2853 aguntum
1057 2761 1112 2836 sed
1134 2786 1244 2835 tamen
1267 2764 1312 2833 ita
1331 2759 1497 2845 cladium,
1522 2787 1560 2836 ut
1577 2759 1694 2856 sogam
1715 2766 1776 2837 liei
1792 2765 1903 2858 impe·
2016 2765 2019 2770 ’

444 2867 511 2942 ite,
538 2860 765 2940 &violentam
787 2855 949 2932 siinferre
965 2861 1084 2942 vellet,
1109 2884 1226 2932 manue
1252 2860 1419 2954 repellere
1441 2858 1553 2956 posfit:
1572 2859 1598 2934 si
1615 2858 1730 2960 police
1751 2864 1840 2933 Reor
1856 2857 1913 2940 ab¹
1997 2927 2010 2936 .

415 2957 588 3060 Episcopo
611 2958 799 3030 declaretur
818 2960 965 3051 gaudere
986 2963 1220 3038 lmmunitate,
1241 2957 1388 3030 colludia
1408 2959 1611 3034 removenda
1638 2956 1737 3032 essen'
1770 2958 1900 3031 Modus
1969 2961 1972 2970 '

417 3061 476 3135 hic
498 3056 705 3128 custodiendi
728 3058 836 3126 Reum
857 3058 956 3149 longe
980 3059 1233 3131 convenientior
1256 3057 1407 3138 videtur,
1428 3083 1530 3155 quam
1551 3055 1574 3130 li
1596 3081 1712 3130 omnea
1735 3055 1843 3130 aditus
1857 3053 1902 3130 cd

416 3154 597 3234 Ecclesiam
613 3154 666 3225 rel
687 3151 930 3226 Monallerium
952 3179 1080 3227 armato
1105 3154 1213 3225 milite
1238 3153 1465 3238 obsideantur,
1487 3180 1564 3227 cum
1588 3158 1714 3248 ingenti
1738 3151 1902 3238 molestie,

417 3281 494 3332 tom
515 3254 791 3335 inhabitantium,
816 3278 887 3323 tum
902 3277 1040 3336 eorum,
1062 3255 1120 3348 qui
1136 3249 1313 3322 Ecclesiam
1328 3253 1440 3334 adire,
1465 3254 1570 3326 velex
1586 3279 1624 3324 ei
1639 3254 1754 3345 egredi
1770 3252 1900 3326 volunt.

417 3361 480 3430 Ne
503 3377 613 3426 tamen
628 3351 736 3448 Judex
751 3347 912 3423 secularis
929 3355 962 3422 in
983 3351 1093 3424 alieno
1112 3353 1302 3432 territorio,
1325 3352 1422 3444 quale
1438 3349 1589 3448 respesiu
1606 3350 1707 3448 ipliua
1722 3349 1768 3421 ell
1787 3355 1899 3420 Locus

418 3459 545 3536 Sacer,
569 3447 838 3546 jurisdillionem
862 3447 1099 3524 contentiosam
1116 3472 1269 3519 exercerc
1288 3451 1465 3531 videatur,
1490 3447 1744 3526 declarandum,
1763 3447 1813 3518 vel
1835 3442 1908 3516 sel-¹

418 3575 491 3628 tem
513 3546 768 3647 supponendum
787 3545 882 3628 esset,
903 3545 1084 3620 eullodiam
1100 3545 1271 3618 honestam
1287 3549 1358 3616 Reo
1382 3543 1565 3642 appositam
1581 3551 1614 3614 in
1637 3550 1728 3615 Loco
1749 3543 1899 3615 lmmuoi

418 3675 488 3724 non
510 3645 584 3718 fieri
601 3649 779 3718 autoritate
796 3643 959 3724 seculari,
982 3642 1038 3717 sed
1055 3647 1190 3717 nomine
1207 3640 1360 3714 Reeloria
1375 3639 1541 3723 Eccleliae,
1564 3644 1623 3738 qui
1639 3667 1677 3714 ex
1697 3637 1830 3726 defellu
1848 3663 1900 3712 tu·

419 3773 463 3824 ετ
478 3743 633 3820 custodite
648 3767 705 3816 aut
727 3745 868 3827 virium,
894 3769 960 3814 non
977 3741 1102 3840 potest,
1127 3742 1178 3813 vel
1194 3767 1262 3812 non
1284 3741 1355 3812 vult
1377 3741 1585 3814 securitatem
1608 3738 1763 3838 prestare
1777 3739 1820 3809 de
1835 3734 1903 3808 ser·
1947 3771 1950 3776 ·

418 3845 532 3924 vando
547 3839 719 3934 Coniugi,
737 3841 843 3914 donec
858 3839 950 3914 causa
968 3843 1008 3912 ab
1024 3837 1191 3937 Episcopo
1209 3841 1432 3923 examinetur,
1455 3864 1491 3910 ac
1516 3840 1699 3910 decidatur.
1750 3837 1838 3908 Cum
1854 3857 1903 3906 ta·

418 3970 501 4020 men
514 3945 613 4016 etiam
631 3943 706 4011 talis
729 3937 875 4011 custodia
891 3940 1015 4036 absque
1030 3940 1235 4018 indecentia,
1256 3937 1306 4007 vel
1328 3942 1421 4029 gravi
1438 3935 1589 4009 moleslia
1605 3935 1737 4007 admitti
1755 3936 1808 4004 vix
1824 3927 1902 4030 pos·

418 4043 479 4125 sit,
505 4031 688 4113 cut‘andum
709 4041 846 4109 omnino
862 4036 924 4117 est,
948 4063 985 4110 ut
1003 4037 1132 4110 Summi
1155 4039 1326 4133 Principes
1350 4040 1475 4131 praevio
1492 4035 1638 4132 quodam
1662 4037 1809 4102 Derceto
1825 4053 1902 4102 cau·

419 4145 551 4218 tionem
566 4133 737 4208 inferioris
753 4135 969 4228 Magistratus
979 4137 1020 4208 de
1037 4131 1239 4207 reslituendo
1249 4137 1321 4205 Reo
1335 4134 1476 4206 dandam
1490 4129 1707 4210 confirment,
1725 4127 1900 4200 &suntme

418 4239 491 4318 Ede
509 4237 642 4334 impleri
658 4234 813 4329 jubeant,
836 4235 926 4330 quod
943 4235 1038 4330 plone
1052 4259 1068 4302 a
1084 4227 1295 4303 sereaiffimo
1314 4229 1469 4303 Elec‘loie
1485 4233 1629 4300 Ratiariae
1644 4231 1731 4298 circa
1745 4251 1822 4298 reoa
1837 4227 1904 4298 cri·

417 4341 554 4416 minum
572 4328 1156 4404 militariumfastumeileninnus.
1210 4333 1302 4402 Sicut
1318 4331 1381 4400 hoc
1397 4325 1606 4401 sacileetiam
1623 4325 1700 4396 alibi
1717 4325 1902 4421 aliisquein
1995 4325 2000 4334 '

417 4423 550 4516 e'alibus
573 4433 748 4525 impetrari
772 4430 864 4535 polle
884 4427 1061 4516 existim03
1087 4430 1133 4500 ita
1147 4427 1248 4499 etiam
1270 4425 1454 4528 Episcopoa
1469 4430 1504 4499 io
1527 4422 1744 4528 approbanda
1767 4425 1828 4497 ltac
1848 4424 1903 4492 via

548 4527 674 4607 Tomus
701 4526 748 4602 V.
1236 4529 1265 4598 F
1280 4519 1332 4595 ff
1840 4511 1905 4596 dise

461 4706 500 4792 r)
523 4697 701 4766 In-Duccto
719 4696 928 4777 Neoburgico
941 4695 1014 4760 telle
1027 4713 1132 4760 carcer
1146 4711 1205 4794 pro
1222 4689 1360 4790 Dloeceli
1380 4688 1561 4786 Aogalbane
1577 4689 1747 4773 affigantur
1758 4685 1803 4750 est
1815 4684 1904 4750 Neo·

539 4780 658 4866 burgi,
679 4798 739 4868 pro
755 4777 945 4848 Euliettenl'i
959 4777 1192 4866 Hilpoll'teiout
1211 4793 1274 4866 pto
1286 4771 1506 4846 umbonem
1517 4768 1833 4860 Bargiengenietem
